4002 6218
263 262 365 321 761

1368 261 1646 322 CONTRA
1686 260 2080 332 EUNOMIUM,
2118 261 2247 341 ue.
2292 261 2405 321 vn.

3433 270 3532 329 762

262 379 441 440 οὐδεὶς
468 378 684 451 ἑώρακε
717 378 960 445 πώποτε,
984 377 1079 432 καὶ
1100 370 1239 431 εἶδεν
1257 376 1422 432 αὐτὸν
1441 375 1744 449 ἀνθρώπων
1770 376 1850 430 οὐ·

1957 374 2257 448 Scripturze
2298 392 2481 433 sermo
2517 375 2610 448 qui
2645 374 2800 441 dicit,
2837 376 2983 446 quod
3014 377 3290 434 Abraham
3322 385 3378 435 et
3423 380 3534 434 Mo-

260 473 399 539 δεὶς,
424 470 550 526 οὔτε
608 471 734 526 ίδείν
780 470 1035 526 δύναταιο
1068 469 1164 526 καὶ
1202 469 1286 524 ὅτι
1308 468 1372 523 τὸ
1402 469 1529 542 περὶ
1551 468 1713 523 αὐτὸν
1741 467 1859 538 φῶς

265 564 585 636 ἀπρόσιτον,
633 563 727 618 καὶ
766 565 868 635 τῆς
931 560 1320 634 μεγαλωσύνης
1351 559 1516 614 αὐτοῦ
1557 559 1730 630 πέρας
1758 560 1859 614 οὐκ

264 658 433 722 ἔστιν,
463 658 571 722 ἕως
600 655 669 711 ἂν
689 656 865 711 ταῦτα
886 656 1111 726 λαλῆται
1126 657 1257 727 παρ’
1274 653 1431 727 ἡμῶν
1462 653 1559 708 καὶ
1593 651 1857 723 πιστεύη-

260 764 380 802 ταιο
434 747 553 813 πῶς
608 748 769 818 λόγος
808 751 838 802 ό
856 748 1146 820 περίληψιν
1169 763 1289 800 τινα
1317 745 1412 799 καὶ
1440 742 1737 815 ἑρμηνείαν
1758 743 1856 814 τῆς

262 838 521 911 ἀορίστου
543 839 759 910 φύσεως
777 840 865 896 διὰ
890 841 991 912 τῆς
1009 838 1370 912 ὀνομαπικῆς
1387 836 1659 907 σημασίας
1683 836 1855 906 ἑπαγ-

262 930 611 1003 γελλόμενος,
645 932 832 1004 ὅμοιός
886 935 1005 987 ἐστι
1053 930 1131 1003 τῷ
1157 929 1247 984 διὰ
1282 929 1382 1000 τῆς
1426 927 1561 991 ιδίας
1594 925 1854 996 παλάμης

262 1023 450 1077 πᾶσαν
479 1024 975 1096 ὲκπεριλαμδάνειν
994 1023 1227 1096 οίομένῳ
1244 1022 1343 1095 τὴν
1362 1021 1636 1076 Θάλασσαν
1660 1038 1675 1087 ;
1694 1020 1723 1074 δ
1743 1021 1851 1091 γάρ

262 1115 384 1169 ἐστι
414 1116 595 1185 χειρὸς
643 1116 846 1187 κοτύλη
898 1117 1034 1189 πρὸς
1072 1115 1306 1184 πέλαγος
1350 1114 1488 1175 ὅλον,
1520 1112 1678 1167 10610
1701 1114 1850 1167 πᾶσα

259 1205 496 1277 δύναμις
528 1206 701 1276 λόγων
749 1208 885 1281 πρὸς
914 1209 1015 1276 τὴν
1047 1208 1326 1278 ἄφραστον
1360 1206 1454 1260 καὶ
1480 1204 1848 1275 ἀπερίληπτον

260 1313 450 1365 φυσιν.

1956 484 2047 524 ses
2082 483 2192 523 non
2234 468 2475 525 nominis
2529 468 2837 523 habuerunt
2872 470 3260 542 cognitionem,
3312 474 3531 541 etquod

1957 558 2123 616 Deum
2156 575 2317 617 nemo
2353 560 2488 615 vidit
2516 578 2756 632 unquam
2793 563 2835 595 ¹⁷
2861 604 2877 629 ,
2911 572 2965 618 et
2994 566 3146 617 novit
3175 564 3355 633 ipsum
3404 565 3531 619 nul-

1954 650 2041 705 lus
2079 650 2382 716 hominum,
2407 665 2585 721 neque
2616 651 2798 707 videre
2828 660 3006 722 potest
3033 654 3078 685 ¹¹³
3106 673 3118 708 :
3151 653 3408 725 quodque
3422 655 3531 709 cir-

1954 757 2079 797 cum
2124 741 2307 812 ipsnm
2357 742 2448 797 lux
2489 742 2890 801 inaccessibilis
2937 752 2992 799 et
3047 745 3350 815 majestatis
3407 746 3529 816 ejus

1954 831 2375 903 comprehensio
2424 848 2531 888 non
2563 843 2670 898 est,
2715 833 2961 906 quandiu
3006 834 3121 889 haec
3179 833 3530 905 proferuntur

1954 941 1986 981 a
2044 926 2207 982 nobis
2258 934 2425 996 atque
2484 927 2806 995 creduntur,
2857 926 3146 994 (quomodo
3194 940 3374 981 sermo
3435 926 3527 997 qui

1953 1020 2189 1091 aliquam
2222 1018 2290 1074 de
2320 1019 2534 1075 inﬁnita
2577 1026 2774 1075 natura
2806 1034 2904 1091 per
2945 1018 3185 1073 nominis
3215 1017 3530 1089 significan-

1952 1111 2105 1176 tiam,
2140 1108 2689 1180 comprehensionem
2739 1117 2793 1166 et
2823 1108 3327 1180 interpretationem
3374 1109 3532 1179 polli-

1953 1214 2130 1266 cetur.
2161 1203 2356 1260 similis
2377 1212 2462 1259 est
2494 1203 2545 1258 ci
2576 1203 2668 1274 qui
2701 1202 2925 1274 propria
2957 1217 3121 1256 manu
3172 1216 3333 1257 omne
3375 1207 3532 1270 putat

1954 1294 2240 1365 complecti
2268 1297 2449 1351 mare?
2512 1294 2658 1366 quod
2702 1295 2846 1350 enim
2894 1304 2977 1350 est
3034 1309 3230 1350 manus
3277 1295 3399 1350 vola
3459 1292 3528 1347 ad

263 1398 440 1444 totum
461 1391 714 1464 pelagus,
754 1392 861 1449 hoc
901 1393 1084 1449 oumis
1140 1389 1415 1449 sermonis
1446 1390 1531 1447 vis
1577 1388 1695 1445 sive
1748 1387 1989 1459 petentia
2060 1387 2129 1442 ad
2195 1386 2526 1442 ineﬂabilem
2588 1393 2643 1443 et
2712 1386 3317 1458 inconiprebensibilem
3368 1396 3531 1443 natu-

258 1497 523 1630 1⁵³1ἓαῦτα
541 1574 601 1633 δέ
627 1591 831 1646 φαμεν,
871 1571 972 1644 οὐχ
993 1572 1069 1638 ὡς
1100 1571 1424 1645 ἀρνούμενοι
1449 1570 1510 1625 τὸ
1537 1570 1849 1641 άγεννήτως

258 1665 402 1726 εἶναι
427 1669 524 1723 τὸν
555 1668 795 1739 Πατέρα,
829 1666 938 1720 οὐδ’
968 1666 1044 1730 ὡς
1066 1665 1143 1737 μὴ
1172 1664 1541 1735 συντιθέμενοι
1560 1662 1639 1734 τῷ
1654 1678 1848 1731 γεννη-

2031 1560 2153 1616 llaec
2177 1576 2311 1617 vero
2342 1559 2598 1628 dicimus,
2640 1576 2748 1616 non
2796 1563 2940 1634 quod
2978 1564 3283 1622 inliciemnr
3316 1566 3528 1641 Patrem

1961 1653 2123 1708 modo
2183 1652 2427 1724 ingenito
2477 1668 2634 1721 esse;
2676 1670 2852 1725 neque
2898 1664 2957 1710 ut
3010 1673 3120 1712 non
3164 1661 3531 1717 assentiamur

258 1763 352 1816 τὸν
380 1756 524 1816 εἶναι
547 1760 640 1814 τὸν
679 1734 948 1830 μονογενῆ
973 1734 1142 1813 Θεόνί
1167 1755 1327 1811 Ἀλλὰ
1348 1734 1441 1810 καὶ
1483 1749 1636 1817 0610;
1656 1752 1845 1823 γεγέν-

1966 1745 2306 1816 unigenitum
2337 1744 2503 1799 Deum
2565 1747 2805 1815 genitum
2835 1762 2973 1802 esse.
3021 1746 3127 1803 Sed
3153 1761 3206 1805 et
3238 1750 3324 1806 hic
3365 1754 3518 1824 geni-

262 1870 443 1923 νηται,
476 1853 725 1914 κάκεῖνος
768 1850 829 1904 ού
855 1850 1201 1920 γεγέννηται.
1228 1848 1293 1901 Τί
1315 1848 1370 1902 δὲ
1401 1846 1542 1902 κατὰ
1562 1846 1660 1918 τὴν
1686 1845 1847 1916 φύσιν

259 1945 410 1998 ἐστὶν
439 1947 470 1999 ό
486 1944 611 2015 δίχα
639 1944 949 2013 γεννήσεως
968 1940 1043 1995 ὢν
1065 1941 1160 1996 καὶ
1175 1939 1533 2011 γεγεννῆσθαι
1558 1956 1849 1993 πεπιστευ-

259 2036 449 2107 μένος,
480 2036 546 2088 ὲκ
562 2034 666 2105 τῆς
691 2033 789 2088 τοῦ
822 2032 1150 2105 γεννηθῆναι
1180 2033 1273 2087 καὶ
1310 2031 1385 2103 μὴ
1410 2030 1734 2120 γεννηθῆναι
1753 2047 1848 2101 ση-

256 2128 467 2198 μασίας
522 2126 623 2180 οὐκ
670 2125 1047 2196 ἐδιδάχθημεν.
1084 2124 1344 2188 Εἰπόντες
1380 2124 1489 2195 γὰρ
1519 2117 1601 2178 ὅτι
1632 2117 1846 2192 οὖτοςῆ

253 2218 607 2287 γεγέννηται,
626 2218 660 2288 ἢ
687 2217 748 2269 ού
771 2216 1113 2287 γεγέννηται,
1140 2215 1335 2285 διπλῆν
1362 2212 1734 2285 ὲντυπούμεθα
1759 2213 1849 2268 διὰ

250 2309 369 2362 τῶν
396 2309 705 2380 εἰρημένων
734 2309 973 2363 διάνοιαν
995 2324 1010 2339 ο
1046 2306 1123 2379 τῷ
1158 2308 1257 2379 μὲν
1285 2305 1542 2378 δεικτικῷ
1570 2307 1663 2361 106
1687 2306 1846 2376 λόγου

252 2399 398 2469 πρὸς
421 2400 484 2454 τὸ
509 2399 866 2471 ὑποκείμενον
902 2398 1212 2469 βλέποντες,
1235 2397 1315 2469 τῷ
1354 2399 1410 2453 δὲ
1447 2399 1487 2451 Γ
1490 2398 1794 2468 εγέννηται,
1811 2400 1845 2469 ἢ

255 2492 338 2545 υύ
369 2490 715 2562 γεγέννηται,
751 2490 813 2544 τὸ
851 2490 931 2561 τῷ
963 2490 1309 2561 ὑποκειμένῳ
1338 2489 1848 2561 προσθεωρούμενον

251 2581 645 2653 διδασκόμεθα.
688 2582 776 2645 Ὠς
824 2582 954 2635 ἄλλο
1003 2580 1101 2651 μέν
1130 2597 1183 2633 τι
1217 2581 1343 2650 περὶ
1375 2578 1466 2632 τοῦ
1499 2578 1650 2642 ὄντος
1686 2581 1845 2646 νοεῖν,

250 2673 393 2729 ἄλλο
419 2673 477 2727 δέ
523 2690 576 2726 τι
609 2674 737 2744 περὶ
774 2672 869 2728 τοῦ
904 2672 1373 2743 ἐπιθεωρουμένου
1410 2670 1488 2743 τῷ
1510 2671 1643 2724 δντι.
1690 2670 1849 2727 Ἀλλά

253 2768 358 2820 καὶ
377 2764 539 2821 παντὶ
563 2766 789 2837 ὀνόματι
811 2766 891 2837 τῷ
915 2767 1043 2836 περὶ
1064 2766 1163 2835 τὴν
1190 2765 1342 2819 θείαν
1363 2764 1636 2836 λεγομένῳ
1663 2763 1845 2835 φύσιν,

252 2858 327 2913 τὸ
357 2859 493 2914 ἐστι
522 2859 739 2923 πάντως
768 2859 1223 2923 συνυπακούεται,
1253 2852 1364 2911 οἷον
1387 2857 1612 2921 δίκαιος,
1634 2857 1845 2929 ἄφθαρ-

250 2967 376 3015 ⁴τος.
410 2950 673 3013 ἀθάνατός
694 2968 755 3004 τε
790 2951 885 3003 καὶ
912 2950 1227 3020 ἀγέννητος,
1271 2949 1365 3003 καὶ
1387 2950 1439 3003 εἰ
1463 2967 1517 3003 τι
1544 2950 1732 3022 ἕτερον
1753 2950 1844 3005 λέ-

252 3058 446 3111 γεται,
475 3042 578 3099 κᾶν
609 3041 684 3113 μὴ
731 3044 798 3112 τῇ
855 3044 1005 3113 φωνῇ
1068 3040 1568 3113 συμπαρομαρτοῡν
1600 3040 1737 3114 τύχῃ
1787 3044 1847 3097 τὸ

255 3133 423 3204 ῥῆμα
449 3133 624 3187 10610.
664 3132 801 3187 Ἀλλ’
834 3135 868 3203 ὴ
891 3133 1099 3187 διάνοια
1117 3134 1332 3197 πάντως
1354 3132 1446 3186 106
1478 3132 1846 3203 φθεγγομένου

253 3226 359 3279 καὶ
390 3222 487 3277 τοῦ
508 3224 820 3289 ἀκούοντος,
844 3224 920 3295 τῷ
944 3224 1077 3278 ἐστι
1112 3217 1543 3295 προσαπαρτίζει
1575 3223 1636 3275 τὸ
1658 3224 1846 3294 ὄνομα,

251 3314 343 3380 ὡς
359 3317 415 3368 εί
440 3315 516 3386 μὴ
547 3314 708 3370 10610
734 3315 1077 3387 προσκέοιτο,
1100 3316 1242 3370 κατὰ
1271 3313 1428 3367 κενοῦ
1455 3313 1551 3384 τὴν
1579 3331 1850 3385 προσηγο-

255 3408 394 3479 ρίαν
413 3407 651 3460 πίπτειν·
689 3400 798 3462 οἷον
819 3407 1201 3479 (κρεῖττονγὰρ
1220 3407 1276 3459 ἐν
1298 3405 1653 3474 ὑποδείγματι
1673 3423 1850 3478 παρα-

254 3499 465 3568 στῆσαι
503 3495 595 3549 τὸν
633 3495 834 3567 λόγον),
856 3494 1098 3560 εἰπόντος
1127 3494 1220 3548 106
1259 3493 1424 3548 Δαὸὶδ
1447 3534 1463 3559 ,
1492 3494 1574 3547 ὅτι
1613 3495 1673 3547 '0
1704 3496 1847 3561 Θεὸς

1953 1843 2042 1891 tus
2071 1846 2153 1891 cst
2185 1843 2237 1891 et
2268 1836 2359 1890 ille
2402 1851 2512 1891 non
2542 1837 2779 1906 genitus.
2813 1836 2957 1904 Quid
3003 1849 3183 1895 autem
3229 1846 3530 1899 secundum

1952 1938 2204 1982 naturam
2232 1934 2317 1982 est
2345 1926 2491 1998 quod
2532 1927 2651 1982 sine
2682 1930 3037 1996 generatione
3058 1938 3111 1986 et
3131 1933 3373 2003 genitum
3408 1951 3532 1990 esse

1953 2018 2215 2084 creditur,
2246 2033 2310 2071 ex
2344 2017 2744 2087 signiﬁcatione
2768 2019 2937 2089 geniti
2968 2028 3022 2075 et
3054 2039 3162 2076 non
3198 2024 3363 2094 geniti
3414 2041 3527 2081 nun

1954 2126 2149 2166 sumus
2178 2110 2380 2164 edocti.
2416 2109 2551 2164 Cum
2592 2111 2736 2165 enim
2765 2112 3137 2176 dieimns,llic
3176 2117 3257 2170 vel
3314 2118 3531 2186 genitus

1953 2209 2059 2265 est,
2095 2202 2176 2256 vel
2211 2217 2318 2255 non
2353 2211 2437 2257 est
2467 2202 2705 2273 genitus.
2743 2204 3015 2276 duplicem
3050 2208 3409 2264 mformanms
3437 2227 3530 2280 per

1955 2294 2071 2349 haec
2125 2293 2271 2347 dicta
2317 2293 2775 2363 intelligentiam:
2822 2295 3256 2352 demonstrativo
3310 2302 3528 2369 quidem

1955 2386 2303 2456 pronomine,
2337 2384 2402 2439 ad
2438 2386 2745 2455 subjectum
2772 2388 3150 2458 respicientes.
3185 2393 3352 2445 verbo
3404 2408 3533 2446 vero

1954 2479 2174 2548 genitus
2196 2486 2302 2540 est,
2332 2477 2413 2532 vel
2446 2492 2553 2532 non
2572 2479 2789 2549 genitus
2817 2489 2923 2545 est,
2952 2479 3003 2533 id
3038 2481 3180 2550 quod
3205 2482 3259 2536 in
3284 2482 3533 2549 subjecto

1955 2569 2344 2625 Consideratur
2376 2567 2660 2623 docemur.
2699 2572 2772 2623 Ita
2815 2578 2872 2625 ut
2927 2573 3058 2641 quid
3111 2574 3256 2627 aliud
3309 2576 3529 2646 quidem

1954 2661 2021 2717 de
2050 2676 2116 2717 eo
2140 2659 2287 2732 quod
2322 2670 2406 2714 est
2429 2660 2817 2730 intelligamus,
2847 2662 2992 2716 aliud
3024 2679 3151 2717 vero
3181 2662 3249 2719 de
3288 2680 3354 2718 co
3383 2666 3529 2736 quod

1953 2752 2355 2814 consideratur.
2414 2751 2469 2805 in
2514 2767 2578 2805 eo
2616 2752 2760 2821 quod
2795 2760 2895 2807 est.
2956 2751 3265 2818 Quinetiam
3309 2754 3362 2810 in
3410 2774 3529 2810 om-

1966 2844 2023 2899 ni
2058 2844 2282 2898 nomine
2334 2844 2479 2912 quod
2524 2844 2591 2897 de
2636 2843 2818 2898 divina
2889 2854 3077 2898 natura
3122 2846 3342 2908 dicitur,
3384 2865 3531 2904 sem-

1954 2951 2049 3005 per
2086 2934 2414 2990 subauditur
2446 2937 2672 2989 omnino
2707 2935 2811 2989 hoc
2846 2937 3070 2990 verbum
3103 2948 3203 3003 est,
3238 2946 3293 2994 ut
3317 2941 3524 3011 justus.

1961 3026 2337 3099 incorruptus,
2356 3028 2680 3082 immortalis
2699 3037 2748 3081 et
2772 3028 3067 3100 ingenitus,
3085 3039 3138 3085 et
3156 3031 3201 3085 si
3225 3032 3353 3102 quid
3385 3035 3531 3089 aliud

1951 3119 2175 3184 dicitur,
2216 3121 2429 3173 etiamsi
2463 3121 2562 3173 huc
2591 3121 2851 3183 verbum,
2883 3138 3076 3190 nempe
3104 3132 3216 3185 est,
3252 3140 3385 3178 voce
3421 3141 3531 3180 non

1949 3214 2283 3268 enuntietur.
2327 3214 2434 3268 Sed
2475 3215 2829 3284 intelligentia
2872 3226 2925 3269 et
2970 3231 3123 3269 mens
3164 3216 3437 3286 loquentis
3476 3225 3533 3271 et

1954 3304 2230 3360 audientis
2267 3322 2465 3360 nomen
2496 3304 2718 3376 adaptat
2761 3305 2928 3360 verbo
2954 3316 3057 3368 est,
3091 3306 3163 3359 ita
3196 3316 3253 3359 ut
3292 3308 3395 3362 nisi
3428 3308 3533 3363 hoc

1956 3396 2223 3464 adjaceat.
2276 3398 2553 3453 incassum
2602 3398 2893 3469 appellatio
2933 3399 3113 3453 cadat.
3162 3398 3318 3455 Verbi
3357 3401 3531 3470 gratia

1953 3492 2199 3557 (praestat
2245 3491 2391 3545 enim
2443 3490 2746 3543 orationem
2794 3492 3058 3561 exemplis
3107 3493 3288 3547 animo
3333 3508 3533 3563 reprae-

254 3585 474 3655 ιριτής
501 3586 846 3653 Mammaea!
871 3585 1122 3655 ίσχυρός
1134 3585 1232 3639 καὶ
1251 3586 1663 3655 μακρόθυμος⁶
1695 3587 1745 3639 εἰ
1772 3584 1846 3655 μὴ

1950 3589 2185 3654 sentare)
2222 3601 2347 3642 cum
2378 3585 2518 3641 dixit
2550 3585 2738 3650 David,
2780 3586 2924 3657 quod
2968 3585 3105 3641 Deus
3152 3586 3322 3657 judea:
3348 3586 3531 3658 justus

254 3676 696 3731 συνυπακούοιτο
719 3677 827 3731 τῶν
855 3675 1305 3746 κατειλημμένων
1332 3674 1613 3746 ὀνομάτων
1632 3676 1846 3747 ἑκάστῳ

1950 3689 1991 3731 ει
2040 3678 2218 3747 fortis,
2273 3688 2323 3732 et
2381 3678 2696 3749 longanimis
2756 3680 2840 3746 ";
2900 3677 3006 3733 nisi
3059 3680 3421 3734 subaudiatur
3474 3681 3528 3737 in

251 3767 325 3821 ιώ
359 3767 518 3832 ἐστὶ,
576 3768 781 3840 ματαία
828 3767 954 3833 δόξα
980 3769 1074 3822 καὶ
1101 3768 1470 3831 ἀνυπόστατος
1493 3769 1528 3839 ἡ
1556 3768 1665 3823 τῶν
1684 3785 1848 3840 προσ-

1950 3785 2161 3839 quoque
2210 3770 2491 3825 nominum
2536 3786 2661 3840 qua:
2707 3769 2811 3824 hoc
2856 3769 3128 3824 versiculo
3172 3772 3530 3841 comprehen-

251 3859 507 3932 ηγοριῶν
538 3858 937 3933 ἀπαρίθμησις,
983 3858 1119 3932 πρὸς
1151 3858 1303 3913 οὐδὲν
1330 3860 1683 3930 ὑποκείμενον
1702 3862 1843 3932 ὲρει-

1950 3860 2170 3923 duntur,
2216 3860 2440 3916 verbum
2484 3870 2593 3921 est,
2637 3876 2772 3914 vana
2821 3861 3037 3930 opinio,
3078 3872 3129 3915 et
3175 3878 3295 3932 qua:
3342 3864 3531 3933 nequit

245 3953 461 4026 δομένη
486 3970 502 3985 ·
539 3952 1048 4023 συνυπακουομὲνου
1083 3951 1142 4006 δὲ
1182 3950 1275 4004 106
1304 3952 1477 4006 ἐστὶν
1499 3953 1714 4024 ἑκάστῳ
1733 3952 1843 4007 τῶν

1950 3952 2245 4008 subsistere
2304 3952 2725 4022 appellationum
2778 3952 3153 4018 enumeratio,
3204 3968 3327 4008 cum
3379 3956 3529 4008 nullo

244 4044 566 4116 ὀνομάτων,
623 4044 830 4114 ἰσχύσει
863 4044 1078 4107 πάντως
1109 4043 1178 4097 τὰ
1228 4043 1495 4113 εἰρημένα
1540 4045 1670 4114 περὶ
1700 4044 1762 4097 τὸ
1783 4044 1843 4099 ὃν

1950 4044 2193 4113 subjecto
2226 4044 2299 4098 sit
2326 4042 2461 4098 fulta
2488 4053 2540 4099 et
2576 4044 2783 4098 innixa.
2822 4043 2879 4097 Si
2906 4058 3036 4097 vero
3067 4042 3120 4095 in
3160 4043 3391 4114 singulis
3430 4059 3528 4098 no-

247 4134 638 4205 Θεωρούμενα.
669 4135 879 4206 Ὠσπερ
905 4133 1082 4188 τοίνυν
1109 4133 1353 4196 εἰπόντες
1378 4133 1461 4186 ὅτι
1486 4138 1680 4205 κριτής
1703 4136 1838 4199 ἐστι,

1950 4138 2183 4192 minibus
2229 4137 2315 4193 bis
2361 4137 2720 4192 subaudiatur
2774 4135 2997 4189 verbum
3049 4147 3157 4194 est.
3213 4135 3320 4188 vim
3377 4145 3525 4191 certe

244 4227 345 4281 διὰ
408 4225 510 4296 μὲν
561 4226 660 4297 τῆς
712 4226 966 4297 κρίσεως,
1010 4225 1290 4297 ἐνέργειαν
1342 4242 1466 4279 τινα
1496 4226 1625 4297 περὶ
1681 4226 1841 4280 αὐτὸν

1950 4225 2220 4280 habebunt
2258 4243 2321 4280 ea
2358 4242 2479 4295 qnze
2521 4226 2662 4279 dii-ta
2707 4237 2833 4278 sunt
2876 4242 2999 4279 eum
3049 4226 3101 4278 in
3154 4242 3221 4280 eo
3268 4228 3410 4295 quod
3440 4234 3525 4280 est

245 4318 588 4388 ἑνοήσαμενσ
639 4316 727 4370 διὰ
782 4316 840 4369 δὲ
885 4316 980 4370 106
1034 4317 1165 4371 ἐστι
1229 4314 1309 4386 τῷ
1369 4316 1712 4387 ὑποκειμένῳ
1750 4319 1841 4371 τὸν

1950 4318 2380 4373 conisiderantur.
2411 4317 2879 4383 Quemazlnimlum
2910 4317 3054 4371 enim
3085 4332 3208 4371 cum
3243 4315 3481 4373 dicimus

246 4408 388 4463 νοῦν
435 4407 813 4479 ἐπεϐάλομεν,
855 4407 1040 4477 σαφῶς
1083 4406 1456 4478 διδασκόμενοι
1486 4406 1573 4462 διὰ
1612 4409 1835 4474 τούτων,

1950 4407 2083 4477 quod
2119 4406 2285 4475 judex
2326 4417 2430 4468 est.
2471 4422 2564 4475 per
2597 4406 2863 4475 judicium
2894 4407 3110 4478 quidem
3147 4407 3520 4477 operationem

250 4500 334 4572 μὴ
370 4499 462 4553 τὸν
490 4499 654 4553 αὐτὸν
692 4497 934 4570 νομίζειν
956 4500 1023 4569 τῇ
1062 4498 1332 4570 ἐνεργείᾳ,
1353 4498 1445 4552 τὸν
1472 4498 1567 4552 106
1589 4496 1727 4552 εἶναι
1753 4500 1840 4554 λό-

1950 4499 2231 4568 quamdam
2282 4499 2334 4552 in
2382 4501 2499 4568 ipsi»
2537 4499 2942 4561 intelleximus;
2985 4517 3075 4569 per
3124 4502 3345 4555 verbum
3395 4518 3521 4557 vero

247 4608 381 4661 γονο
418 4590 595 4653 οὕτως
626 4590 722 4645 καὶ
751 4590 817 4644 ὲκ
838 4590 932 4643 106
967 4591 1160 4656 εἰπεῖν,
1192 4589 1274 4643 ὅτι
1296 4590 1582 4659 γεννητὸς
1611 4590 1643 4663 ἢ
1671 4590 1843 4660 ἀγέν-

1950 4600 2037 4654 zu,
2078 4590 2144 4644 ad
2180 4591 2487 4659 subjectum
2535 4602 2769 4646 mentem
2822 4592 3154 4661 appulimus,
3188 4601 3372 4662 aperte
3428 4609 3522 4663 per

246 4684 441 4753 νητός
477 4685 589 4740 ἐστι
603 4723 617 4744 ,
643 4681 936 4755 μερίξομεν
957 4680 1091 4752 πρὸς
1104 4680 1295 4751 διπλῆν
1314 4681 1579 4752 ὑπόληψιν
1598 4683 1695 4753 τὴν
1722 4682 1840 4737 διά-

1950 4686 2051 4736 Ιιωε
2082 4683 2283 4746 edocti,
2327 4699 2435 4738 non
2474 4682 2719 4737 eamdem
2758 4699 2880 4738 esse
2924 4684 3239 4737 existimare
3282 4695 3439 4737 actus
3467 4694 3521 4738 et

245 4793 430 4830 νοιανο
456 4774 547 4827 διὰ
571 4774 671 4845 μὲν
689 4772 783 4827 106
804 4773 937 4827 ἐστὶ
966 4773 1210 4837 νοοῦντες
1236 4774 1298 4827 τὸ
1345 4775 1722 4843 ὑποκείμενον,
1750 4773 1840 4827 διά

1950 4772 2189 4828 ξεεοιιιὶειξ
2222 4774 2488 4827 rationem
2526 4791 2540 4830 :
2569 4773 2647 4829 sic
2679 4774 2845 4827 etiam
2880 4791 2944 4829 ex
2990 4789 3055 4828 eo
3090 4775 3232 4844 quod
3264 4774 3519 4841 dicimus,

242 4869 308 4922 δὲ
342 4867 442 4921 106
477 4864 767 4936 γεννητὸς
808 4865 841 4935 ἢ
875 4863 1224 4934 ἀγέννητος,
1263 4864 1325 4917 τὸ
1355 4865 1554 4935 προσὸν
1591 4863 1671 4934 τῷ
1706 4864 1837 4917 ύπο-

242 4959 497 5029 κειμένῳ
525 4958 1055 5028 καταλαμϐάνοντες.
1090 4956 1355 5025 Καθάπερ
1381 4954 1554 5006 τοίνυν
1581 4955 1774 5024 κριτὴν
1800 4954 1833 5024 ἢ

246 5051 613 5124 μαχρόθυμον
640 5049 791 5120 παρὰ
822 5049 916 5103 τοῦ
945 5049 1107 5102 Δαᾶδ
1128 5047 1264 5100 εἶναι
1298 5048 1387 5099 τὸν
1409 5047 1539 5099 Θεὸν
1563 5047 1837 5117 διδαχθέν-

238 5156 367 5204 τες,
418 5141 482 5193 ού
528 5136 626 5208 τὴν
670 5137 820 5190 θείαν
868 5137 1078 5201 οὐσίαν,
1115 5137 1250 5190 ἀλλά
1283 5153 1333 5188 τι
1375 5135 1483 5187 τῶν
1515 5138 1640 5207 περὶ
1668 5138 1836 5208 αὐτὴν

239 5231 644 5301 (θεωρουμένων
694 5228 971 5300 ἐμάθομεν
995 5248 1009 5262 ’
1062 5229 1232 5292 οὕτως
1268 5228 1359 5280 καὶ
1386 5228 1636 5291 ἐνταῦθα,
1668 5228 1728 5282 τὸ
1762 5230 1836 5301 μὴ

238 5324 613 5396 γεγεννῆσθαι
641 5323 993 5387 ἀκούσαντες.
1040 5323 1102 5376 ού
1141 5323 1199 5376 τὸ
1231 5320 1587 5390 ὑποκείμενον
1616 5322 1701 5374 διὰ
1740 5322 1837 5392 τῆς

236 5415 624 5485 ἁπεμφάσεως
652 5416 895 5486 ἔγνωμεν
915 5434 928 5446 ο
961 5416 1095 5469 ἀλλὰ
1133 5415 1185 5467 τί
1213 5413 1275 5467 ού
1308 5415 1414 5486 χρὴ
1449 5413 1577 5484 περὶ
1606 5414 1667 5466 τὸ
1701 5414 1834 5466 ὐπο-

1936 4864 2081 4934 quod
2120 4864 2326 4935 genitus
2372 4875 2472 4929 est,
2524 4866 2607 4920 vel
2654 4865 2939 4933 ingenitus.
2997 4864 3050 4919 in
3105 4865 3374 4936 duplicem
3424 4884 3513 4920 nu:

1937 4956 2135 5011 tionem
2171 4955 2584 5027 intelligentiam
2628 4965 2869 5010 nostram
2903 4957 3207 5026 partimur;
3258 4972 3381 5010 nam
3429 4975 3509 5027 per

1938 5047 2163 5101 verbum
2196 5059 2296 5110 est,
2327 5047 2683 5117 intelligimus
2705 5048 3013 5116 subjectum
3042 5064 3056 5113 ;
3084 5059 3130 5101 el
3161 5065 3255 5118 per
3277 5048 3517 5117 genitum

1938 5140 2021 5193 vel
2054 5138 2377 5210 ingenitum,
2406 5140 2456 5192 id
2489 5138 2633 5208 quod
2679 5138 2834 5193 adest
2880 5139 3130 5207 subjecto
3170 5141 3519 5208 comprehen-

1938 5231 2140 5287 dimus.
2177 5229 2646 5297 Quemadmodum
2673 5230 3118 5301 igitur-judicent,
3155 5232 3231 5285 vel
3270 5230 3517 5302 longani-

1929 5334 2069 5374 mem
2088 5335 2210 5374 esse
2231 5320 2396 5375 Deum
2428 5337 2457 5375 a
2489 5320 2692 5376 Davide
2713 5340 2838 5376 eum
2865 5324 3011 5377 docti
3032 5327 3515 5389 sumns,nondivi-

1929 5427 2053 5465 nam
2077 5413 2396 5475 essentiam,
2422 5413 2514 5469 Sed
2538 5431 2725 5469 eorum
2746 5415 2949 5485 aliquid
2972 5434 3091 5486 qua:
3117 5417 3170 5471 in
3196 5418 3309 5487 ipsa
3329 5422 3514 5476 consi-

236 5505 506 5579 κείμενον
539 5512 677 5563 νοεῖν
705 5508 1087 5581 ὡδηγήθημεν.
1116 5508 1191 5562 Τὸ
1216 5507 1274 5562 δὲ
1312 5508 1428 5561 κατ’
1460 5507 1649 5560 οὐσίαν
1680 5505 1707 5559 ὃ
1780 5501 1834 5557 τί

1950 5501 2195 5560 lerantur
2246 5504 2689 5563 didicimuszsic
2725 5512 2777 5563 et
2826 5507 2910 5565 hic
2940 5525 3049 5565 non
3103 5512 3343 5583 genitum
3389 5528 3512 5569 esse

329 5685 369 5719 "
392 5684 554 5746 Joan.
594 5708 633 5759 ι,
677 5689 761 5748 18.
818 5688 949 5765 ,ιιι
994 5687 1136 5745 Tim.
1181 5703 1254 5754 γι,
1294 5686 1378 5744 ιδ.
1459 5686 1500 5720 ¹⁹
1552 5684 1698 5743 Psal.
1730 5697 1912 5753 cxtnv,
1942 5681 1977 5738 8
