4002 6218
1758 189 1785 201 ..-
1804 192 1811 197 ,

483 302 588 360 763

1738 300 1798 360 S.
1837 296 2163 356 GREGORII
2195 294 2482 352 NYSSENI
2584 324 2589 335 π

3628 299 3714 355 πει

482 421 789 489 audientes,
832 433 940 475 non
983 416 1292 488 subjectum
1326 430 1423 488 per
1456 414 1598 470 hanc
1637 412 2061 469 declarationem

2171 409 2296 464 ποτέ
2324 410 2490 477 ἐστιν,
2531 407 2684 462 οὐδὲν
2736 401 2901 479 ἦττον
2950 408 3007 460 ὲν
3046 406 3225 478 ἀδήλῳ
3272 407 3453 479 μένει·
3484 408 3621 463 οὕτω
3641 413 3723 465 καὶ

485 512 760 575 novimus,
794 509 888 565 sed
920 507 1124 580 aliquid
1158 503 1449 577 quod-non
1475 510 1693 576 oportet
1719 502 1787 558 de
1815 500 2064 572 subjecto

484 609 665 657 mente
696 598 987 669 concipere
1030 596 1241 652 inducti
1285 609 1515 652 sumus:
1562 590 1710 666 quod
1744 599 1926 648 autem
1972 604 2065 646 se-

486 690 727 745 cundum
755 690 1054 746 essentiam
1081 687 1343 759 quidnam
1366 685 1588 741 tandem
1610 692 1694 740 est
1708 682 2066 743 nihilominus

487 799 541 838 tn
570 784 808 839 obscuro
835 791 1037 838 manet.
1070 781 1163 837 Sic
1202 780 1368 851 etiam
1396 794 1517 834 cum
1551 784 1741 834 sancta
1782 774 2066 847 Scriptura

488 874 696 944 reliqua
746 873 932 928 divina
982 872 1203 928 nomina
1246 870 1428 936 de_eo
1476 867 1625 940 quod
1672 874 1759 923 est
1799 868 2067 935 enuntiat,

489 965 664 1035 ipsum
699 978 830 1018 vero
870 961 1260 1018 innominabile
1288 958 1424 1016 Mosi
1463 958 1651 1014 tradit.
1678 957 1782 1025 Qui
1810 972 1942 1028 ergo
1970 970 2069 1010 na-

486 1061 664 1111 turam
680 1052 801 1125 ejus
827 1051 973 1124 quod
993 1060 1079 1107 est
1107 1048 1321 1122 aperire
1342 1064 1403 1106 se
1420 1042 1723 1119 proﬁtetur,
1752 1048 2068 1117 neutiquam

486 1160 550 1200 ea
583 1159 705 1213 quae
737 1151 867 1199 sunt
889 1143 958 1199 de
1006 1157 1073 1199 eo
1119 1140 1264 1212 quod
1315 1150 1401 1197 est
1442 1140 1697 1210 explicet,
1755 1138 1850 1194 sed
1895 1140 2069 1208 ipsam

487 1236 604 1290 suis
632 1234 813 1290 verbis
842 1234 889 1289 si
920 1242 1098 1305 potest
1120 1232 1278 1289 nobis
1304 1231 1558 1304 explanct
1589 1238 1863 1286 naturam.
1890 1227 2071 1295 Quod-

487 1342 705 1398 cunque
744 1326 891 1382 euim
933 1341 1130 1381 nomen
1159 1325 1387 1387 dixeris,
1419 1332 1504 1380 est
1533 1324 1603 1380 de
1645 1339 1712 1378 eo
1757 1322 1902 1393 quod
1944 1329 2068 1389 est;

489 1434 598 1474 non
628 1417 758 1472 illud
791 1425 876 1473 est
924 1436 938 1473 :
984 1417 1184 1482 bonus,
1228 1416 1524 1487 ingenitus,
1584 1415 1681 1471 sed
1723 1415 1869 1482 quod
1914 1422 1999 1470 cst
2039 1429 2069 1467 a

489 1510 641 1564 nullo
681 1508 876 1563 horum
903 1507 1194 1564 deseritur.
1231 1504 1408 1577 Hujus
1449 1506 1613 1577 igitur
1640 1507 1732 1577 qui
1771 1518 1853 1561 est
1892 1506 2071 1561 bonus

489 1607 545 1655 et
589 1593 681 1669 qui
728 1607 813 1654 est
864 1599 1159 1669 ingenitus,
1210 1597 1372 1652 sicuti
1425 1605 1510 1653 est
1553 1596 1923 1652 deﬁnitionem
1976 1595 2070 1666 qui

490 1690 831 1745 redditurum
861 1706 921 1745 se
950 1690 1254 1760 pollicetur,
1288 1705 1459 1745 vanus
1485 1690 1667 1751 fuerit,
1701 1689 1828 1744 dum
1860 1705 1922 1745 ea
1950 1705 2071 1759 qua:

2165 501 2264 573 τῆς
2290 498 2453 571 ἁγίας
2479 500 2702 572 Γραφῆς
2742 501 2810 554 τὰ
2839 499 2941 570 μὲν
2965 499 3125 553 λοιπά
3147 498 3254 553 τῶν
3280 500 3441 555 θείων
3465 500 3722 572 ὀνομάτων

2168 590 2308 647 κατά
2344 591 2439 646 τοῦ
2489 592 2645 656 ὄντος
2682 591 3114 664 κατηγορούσης,
3145 592 3277 648 αὐτὸ
3309 592 3367 647 δὲ
3402 592 3465 647 τὸ
3489 592 3549 647 ὄν
3582 593 3725 647 ἀκατ-

2164 684 2465 756 ονόμαστον
2486 682 2566 756 τῷ
2590 685 2764 755 Mincii
2788 684 3168 756 παραδίδωσιν.
3188 686 3244 740 '0
3267 684 3447 739 τοίνυν
3473 683 3564 738 τοῦ
3591 683 3723 749 ὄντος

2166 776 2526 832 ὲκκαλύπτων
2574 775 2675 848 τὴν
2711 775 2893 847 φύσιν,
2930 776 3006 849 μὴ
3048 777 3118 831 τὰ
3155 778 3287 849 περὶ
3308 776 3371 830 τὸ
3408 776 3468 830 ὃν
3480 773 3721 840 διεξιέτω,

2167 868 2282 923 ἀλλ’
2329 867 2499 940 αὐτὴν
2533 870 2666 940 ἡμῖν
2719 868 3032 941 φανερούτω
3061 869 3130 923 δι’
3153 862 3231 924 ῶν
3262 869 3409 938 λέγει
3440 870 3540 940 τὴν
3561 867 3722 938 φύσιν.

2169 962 2288 1016 Πᾶν
2318 961 2427 1033 γὰρ
2447 961 2475 1014 ὃ
2504 961 2559 1015 τί
2602 976 2705 1033 περ
2744 961 2811 1016 ἂν
2834 962 2995 1035 εἴπῃς
3021 961 3213 1033 ὄνομα,
3248 964 3375 1033 περὶ
3406 962 3470 1015 τὸ
3489 962 3552 1014 ὄν
3574 964 3723 1025 ἐστιν,

2168 1053 2271 1106 οὐκ
2307 1051 2483 1107 ἐκεῖνό
2514 1052 2660 1106 ἐστιν
2683 1068 2697 1084 ν
2721 1052 2941 1121 ἀγαθὸς.
2968 1053 3286 1124 ἀγέννητος,
3312 1052 3449 1106 ἀλλά
3477 1052 3540 1105 τὸ
3573 1052 3722 1112 ἐστὶν,

2170 1146 2402 1200 ἑκάστου
2435 1144 2641 1199 τούτων
2674 1145 2774 1199 οὐκ
2809 1144 3181 1200 ἀπολείπεται.
3213 1145 3416 1201 Τούτου
3444 1144 3625 1198 τοίνυν
3646 1143 3725 1198 τού

2169 1239 2321 1303 ὄντος
2366 1238 2591 1309 ἀγαθοῦ,
2624 1237 2720 1293 καὶ
2751 1237 2904 1303 ὄντος
2927 1238 3245 1309 ἀγεννήτου,
3272 1237 3457 1301 καθώς
3485 1238 3621 1303 ἐστι,
3650 1237 3727 1291 τὸν

2170 1331 2326 1401 λόγον
2347 1347 2431 1393 τις
2453 1328 2750 1384 ἀποδώσειν
2766 1329 3250 1400 ἐπαγγειλάμενος,
3276 1330 3506 1400 μάταιος
3537 1328 3604 1384 ἀν
3624 1327 3698 1398 εἴη
3713 1346 3727 1358 -

2171 1422 2242 1476 τὰ
2273 1413 2370 1493 μὲν
2390 1420 2832 1493 ὲπιθεωρούμενα
2874 1421 3047 1490 λέγων
3069 1461 3085 1486 ,
3120 1420 3291 1491 αὐτὴν
3316 1420 3374 1474 δὲ
3402 1416 3620 1473 σιωπῶν
3643 1418 3729 1489 τὴν

2171 1513 2357 1567 οὐσίαν
2378 1513 2444 1583 ἦν
2474 1512 2795 1585 ἑρμηνεύειν
2834 1512 2913 1585 τῷ
2946 1512 3089 1583 λόγῳ
3126 1510 3643 1581 κατεπαγγέλλεται.
3668 1510 3732 1562 Τδ

2172 1604 2283 1676 γὰρ
2302 1606 2612 1676 ἁγεννήτως
2643 1599 2804 1668 εἶναι,
2857 1603 2915 1658 ἒν
2952 1603 3062 1657 τῶν
3113 1601 3601 1673 ἔπιθεωρουμένων
3629 1601 3733 1653 ἐστὶ

2172 1696 2250 1768 τῷ
2299 1698 2433 1751 ὄντι.
2470 1696 2660 1761 Ἀλλος
2700 1695 2755 1751 δὲ
2795 1695 2889 1751 τοῦ
2928 1692 3091 1761 εἶναι,
3139 1695 3234 1750 καὶ
3286 1694 3444 1757 ἄλλος
3496 1692 3591 1746 τοῦ
3631 1691 3733 1755 πῶς

492 1783 548 1837 in
582 1796 647 1836 eo
672 1779 817 1851 quod
860 1792 949 1836 est.
986 1781 1426 1842 considerantur.
1462 1797 1714 1837 sermone
1753 1790 1972 1847 tractat,
2006 1780 2071 1836 de

2174 1784 2310 1843 εἶναι
2339 1792 2368 1845 ὁ
2395 1789 2572 1858 λόγος.
2596 1791 2661 1844 Ὃ
2685 1790 2849 1862 μέχρι
2874 1788 2968 1843 τοῦ
2998 1787 3094 1844 νῦν
3119 1788 3355 1860 ἀρῤητόν
3379 1802 3441 1839 τε
3468 1785 3563 1839 καὶ
3589 1784 3735 1850 ἀνερ·

492 1874 611 1944 ipsa
650 1890 781 1928 vero
800 1872 1061 1942 essentia,
1100 1888 1260 1943 quam
1319 1873 1570 1928 oratione
1609 1874 1882 1943 explicare
1915 1874 2074 1945 polli-

492 1975 648 2021 cetur
680 1981 747 2021 ne
774 1967 999 2020 verbum
1032 1964 1274 2036 quidem,
1307 1963 1441 2019 Nam
1478 1966 1717 2035 ingenite
1752 1980 1874 2021 esse
1905 1981 2073 2019 ttnum

491 2067 792 2114 esteorum
821 2073 943 2129 qua:
981 2058 1037 2113 in
1079 2073 1145 2113 eo
1192 2056 1283 2127 qui
1334 2067 1417 2112 est
1463 2058 1899 2113 considerantur.
1954 2057 2074 2111 Alia

490 2151 636 2207 enim
677 2151 853 2205 oratio
898 2166 1021 2221 quae
1069 2150 1204 2204 dicit
1240 2147 1372 2205 esse
1414 2166 1430 2215 ;
1485 2148 1591 2205 alia
1642 2164 1770 2203 vero
1825 2165 1947 2218 quae
1999 2149 2077 2204 ait

490 2241 730 2311 quodam
752 2239 913 2295 modo
930 2256 1072 2296 esse.
1092 2239 1247 2307 Quod
1265 2240 1546 2308 hucusque
1561 2246 1644 2294 est
1659 2238 1946 2304 ineti‘abile,
1970 2256 2069 2297 nec

492 2349 588 2403 per
607 2348 668 2386 ea
699 2345 820 2400 quae
850 2330 994 2385 dicta
1017 2331 1500 2401 suutexplicabile.
1529 2329 1688 2385 Prius
1714 2329 1879 2399 igitur
1910 2333 2068 2387 nobis

2172 1883 2436 1953 μήνευτον
2489 1882 2553 1934 ὲκ
2589 1879 2698 1934 τῶν
2730 1881 3031 1952 εἰρημένων
3074 1880 3240 1932 ἐστίν.
3268 1875 3479 1932 Οὐκοῦν
3503 1892 3736 1947 ιρανερω⁶

2170 1974 2319 2028 σάτω
2370 1974 2632 2046 πρότερον
2683 1974 2813 2045 ἡμῖν
2856 1974 2925 2028 τά
2964 1974 3062 2042 τῆς
3105 1972 3292 2035 οὐσίας
3339 1970 3619 2043 ὀνόματα·
3650 1968 3737 2021 καὶ

2169 2067 2290 2120 τότε
2318 2068 2382 2136 τῇ
2417 2065 2725 2137 παραλογίᾳ.
2742 2064 2851 2119 τῶν
2887 2062 3264 2136 προσηγοριῶν
3293 2061 3627 2132 διαπμνέτω
3647 2059 3739 2128 τὴν

2171 2156 2352 2226 φύσιν.
2389 2156 2534 2220 Ἕως
2561 2157 2605 2210 δ’
2626 2156 2694 2211 ἂν
2717 2154 3096 2225 ἀνεκφὼνητον
3131 2155 3193 2208 τὸ
3225 2153 3555 2225 ζητούμενον
3589 2151 3738 2223 μένῃ,

2177 2247 2355 2316 μάτην
2383 2244 2533 2316 αὐτῷ
2560 2245 2630 2299 τά
2662 2245 2791 2317 περὶ
2830 2244 2938 2298 τῶν
2969 2243 3248 2316 ὀνομάτων
3285 2241 3737 2313 τετεχνολόγηται,

2172 2334 2283 2387 τῶν
2312 2333 2590 2404 ὀνομάτων
2630 2335 2730 2387 οὐκ
2754 2333 2943 2389 ὄντων.

490 2425 745 2479 essentia:
766 2426 985 2480 nomina
1017 2423 1346 2478 manifestet:
1371 2431 1483 2476 tum
1503 2422 1721 2477 demum
1741 2424 2162 2492 appellationum
2182 2425 2410 2481 fallaciis
2428 2436 2679 2480 naturam
2700 2424 2929 2481 dividat.
2954 2423 3133 2480 Donec
3153 2423 3295 2479 enim
3313 2422 3456 2494 quod
3474 2422 3733 2493 quaeritur

492 2524 675 2571 manet
697 2532 803 2571 non
825 2530 1166 2584 expressum,
1189 2514 1465 2569 incassum
1485 2515 1600 2570 hate
1615 2512 1682 2569 de
1700 2516 2009 2570 nominibus
2026 2518 2094 2570 ab
2112 2520 2226 2588 ipso
2239 2518 2530 2573 artiﬁciose
2543 2519 2846 2589 excogitata
2872 2516 3224 2583 t'uerint,eum
3242 2530 3351 2571 non
3377 2515 3488 2570 sint
3506 2517 3742 2570 nomina.

566 2607 716 2663 Talis
749 2608 913 2678 igitur
937 2605 1217 2662 robustior
1251 2606 1339 2660 illa
1375 2605 1627 2662 Eunomii
1654 2622 1787 2663 ansa
1806 2608 2070 2664 adversus

494 2702 817 2761 veritatem.
881 2714 1007 2752 eum
1064 2699 1232 2751 multa
1288 2698 1341 2751 in
1396 2698 1499 2752 hac
1556 2708 1708 2769 parte
1758 2700 2073 2770 scriptionis

493 2793 747 2862 dogmata
778 2792 996 2847 silentio
1032 2792 1144 2846 sint
1184 2792 1471 2861 praeterita.
1508 2790 1641 2845 Nam
1684 2793 1815 2846 mihi
1855 2791 2072 2862 quidem

493 2870 712 2939 vidctur
738 2899 834 2939 eos
862 2883 1058 2938 decere
1091 2881 1185 2952 qui
1231 2882 1285 2935 in
1335 2883 1437 2936 hoc.
1487 2897 1766 2938 armorum
1800 2884 2076 2938 curriculo

493 2984 788 3031 versantur
816 2974 1077 3029 adversus
1116 2974 1364 3028 veritatis
1394 2973 1599 3040 hostes,
1637 2985 1696 3027 ut
1739 2983 1929 3028 contra
1972 2988 2069 3029 eos

2248 2612 2314 2664 Ἦ
2364 2612 2461 2681 μὲν
2501 2606 2594 2665 οὖν
2634 2609 2955 2681 ἰσχυροτέρα
3002 2609 3111 2662 τῶν
3162 2608 3426 2679 Εὐνομίου
3459 2608 3598 2662 κατά
3647 2608 3746 2678 τῆς

2169 2703 2426 2774 ἀληθείας
2479 2701 2617 2775 λαϐὴ
2696 2700 2941 2771 τοιαύτη,
2971 2699 3182 2754 πολλῶν
3216 2699 3357 2754 κατά
3399 2700 3562 2771 μέρος
3592 2699 3752 2751 τοῦτο

2168 2796 2269 2866 τῆς
2301 2794 2668 2866 λογογραφίας
2698 2792 3083 2865 σιοιπηθὲντων
3113 2791 3419 2862 δογμάτων.
3453 2794 3608 2845 Δοκεῖ
3639 2791 3752 2860 γάρ

2176 2904 2266 2958 μοι
2295 2889 2525 2957 πρέπειν
2545 2889 2657 2950 τοῖς
2673 2886 2762 2939 τὸν
2790 2885 3033 2939 ἐνόπλιον
3057 2884 3242 2938 τοῦτον
3259 2884 3398 2938 κατά
3412 2883 3518 2937 τῶν
3541 2882 3755 2953 ἐχθρῶν

2172 2979 2272 3049 τῆς
2299 2976 2555 3048 ἀληθείας
2585 2977 2836 3049 τρέχουσι
2858 2975 3076 3045 δρόμον,
3108 2973 3244 3044 πρὸς
3272 2974 3398 3035 τούς
3428 2971 3760 3041 πεφραγμέο

494 3067 715 3140 quidem
762 3074 1043 3122 armentur
1086 3065 1178 3134 qui
1218 3066 1468 3135 speciosa
1517 3064 1752 3135 quadam
1799 3065 2068 3121 mendacii

2172 3087 2296 3133 νους
2323 3070 2504 3132 ποσῶς
2535 3071 2600 3141 τῇ
2652 3068 2969 3138 πιθανότητι
3005 3064 3102 3119 τοῦ
3143 3064 3367 3133 ψεύδους
3395 3062 3755 3127 ὁπλίζεσθαι·

497 3159 883 3233 probabilitate
935 3158 1128 3212 muniti
1177 3173 1297 3212 esse
1334 3156 1623 3226 videntur;
1668 3158 1890 3213 minimc
1944 3173 2074 3212 vero

495 3264 804 3323 sermonem
853 3247 1230 3304 contaminare
1279 3249 1333 3302 in
1370 3247 1720 3303 cadavcrosis
1764 3263 1827 3302 ac
1871 3249 2076 3318 putidis

496 3343 728 3397 aliorum
755 3338 1238 3395 notionibus.Nam
1270 3347 1458 3409 putare
1485 3340 1665 3394 omnia
1688 3355 1806 3409 qua:
1827 3341 2075 3395 essentia:

496 3418 711 3487 ratione
763 3431 916 3485 unita
973 3439 1102 3485 sunt
1143 3430 1365 3483 onmino
1411 3429 1573 3486 etiam
1625 3444 1900 3499 corporea:
1950 3447 2075 3484 cor-

498 3520 739 3592 ruptioni
781 3521 996 3590 alligata
1037 3536 1160 3576 esse
1186 3538 1199 3573 :
1226 3518 1327 3572 hoc
1354 3518 1497 3573 enim
1522 3520 1666 3589 quod
1708 3523 1810 3573 ttae
1840 3520 1893 3573 in
1925 3529 2076 3590 parte

497 3614 596 3677 ait,
623 3619 681 3665 ut
702 3609 1088 3664 cadaver-08am
1132 3609 1557 3681 graveolentiam
1589 3610 1761 3664 libens
1798 3618 2075 3681 transgre-

500 3702 622 3757 diar
657 3721 670 3758 :
712 3701 958 3772 cujusvis
997 3709 1130 3772 puto
1158 3709 1395 3756 mentem
1428 3701 1699 3765 habentis,
1734 3703 1787 3756 in
1820 3717 2073 3773 promp‘u

497 3795 818 3866 conspicere
845 3802 951 3859 est,
981 3793 1125 3862 quod
1159 3805 1433 3848 mortuum
1469 3800 1554 3849 est
1585 3802 1637 3848 et
1688 3794 1987 3865 collapsum
2019 3795 2073 3849 in

497 3888 619 3958 ejus
674 3886 945 3941 oratione.
996 3885 1132 3951 Quis
1179 3886 1323 3940 enim
1374 3884 1588 3955 ignorat
1637 3885 1903 3939 intinitam
1953 3902 2074 3943 esse

497 3982 857 4034 hmnanarum
908 3979 1214 4032 animarum
1255 3977 1695 4042 multitudinem,
1737 3993 1899 4031 unam
1949 3992 2076 4033 vero

494 4072 792 4128 essentiam
824 4069 1081 4125 omnibus
1130 4068 1366 4139 subjici;
1417 4077 1474 4124 et
1513 4068 1659 4139 quod
1711 4069 1764 4123 in
1811 4069 1948 4139 ipsis
1992 4079 2075 4125 est

497 4164 833 4234 subjectum,
869 4179 897 4217 a
928 4177 1219 4234 corporum
1244 4162 1362 4217 labe
1399 4170 1454 4217 et
1490 4162 1838 4231 corruptione
1872 4162 2076 4215 aliena-

498 4264 614 4310 tum
648 4271 794 4322 csse,
843 4254 917 4310 ita
949 4264 1007 4309 ut
1055 4255 1218 4309 etiam
1259 4253 1501 4325 parvulis
1548 4260 1709 4307 notus
1754 4252 1826 4306 sit
1869 4267 2070 4318 sermo,

506 4343 646 4413 quod
691 4359 920 4413 corpora
970 4360 1078 4399 non
1128 4346 1255 4413 quia
1286 4346 1395 4400 sint
1425 4345 1565 4400 inter
1605 4360 1665 4400 se
1703 4343 1947 4414 ejusdem
1980 4359 2071 4398 es-

2176 3164 2285 3225 τοῖς
2303 3162 2359 3214 δὲ
2389 3162 2602 3230 νεκροῖς
2626 3161 2720 3214 καὶ⁵
2751 3159 2971 3213 ὀδωδύσι
3006 3157 3114 3211 τῶν
3143 3157 3448 3227 νοημάτων,
3478 3154 3553 3227 μὴ
3580 3156 3765 3225 ἔμμο-

2176 3251 2353 3305 λύνειν
2380 3251 2469 3303 τὸν
2513 3250 2687 3317 λόγον.
2723 3250 2797 3303 Τὸ
2828 3250 2935 3321 γάρ
2968 3248 3172 3303 οἴεσθαι
3205 3249 3382 3301 πάντα
3406 3249 3505 3300 (ἶσα
3533 3246 3619 3316 τῷ
3655 3246 3767 3316 τῆς

2175 3342 2363 3402 οὐσίας
2390 3342 2595 3411 ἥνωται
2625 3340 2788 3410 λόγῳ,
2809 3340 3023 3403 πάντως
3049 3339 3143 3392 καὶ
3172 3339 3231 3391 ὲν
3263 3339 3546 3408 σωματικῇ
3577 3337 3768 3407 φθορᾷ

2178 3430 2528 3500 συνεζεῦχθαι
2574 3430 2766 3502 (τοῦτο
2793 3431 2923 3502 γὰρ,
2953 3432 2981 3486 ὃ
3002 3429 3153 3502 ἐντῷ
3174 3429 3328 3500 μέρει
3358 3428 3532 3498 τούτῳ
3566 3429 3765 3499 φησὶν,

2175 3525 2251 3586 ὡς
2285 3521 2528 3594 νεκρώδη
2564 3522 2859 3586 δυσωδίαν,
2896 3522 3036 3576 ἑκὼν
3078 3520 3505 3595 ὑπερϐήσομαι),
3550 3520 3769 3582 παντῦς

2174 3607 2328 3681 οἶμαι
2357 3610 2449 3663 τοῦ
2490 3610 2614 3664 νοῦν
2668 3610 2879 3681 ἔχοντος
2929 3614 3019 3667 ’ἐκ
3036 3610 3128 3664 τοῦ
3183 3611 3472 3682 προχείρου
3516 3612 3773 3664 κατιδεῖν

2173 3701 2470 3773 δυναμένου
2503 3702 2564 3755 τὺ
2579 3702 2837 3772 τεθνηκός
2869 3720 2926 3756 τε
2953 3703 3045 3755 καὶ
3067 3702 3446 3765 διαπεπτωκὸς
3459 3701 3552 3755 τοῦ
3568 3702 3767 3769 λόγου.

2175 3793 2271 3857 Τίς
2291 3792 2399 3863 γὰρ
2429 3792 2529 3845 οὐκ
2556 3789 2696 3845 οἶδεν
2722 3793 2803 3845 ὅτι
2825 3791 3026 3861 πλῆθος
3045 3791 3144 3862 μὲν
3165 3793 3386 3861 ἄπειρον
3413 3791 3521 3843 τῶν
3545 3790 3775 3860 ἀνθρω-

2175 3884 2346 3938 πίνων
2381 3886 2498 3938 ὲστὶ
2533 3884 2742 3954 ψυχῶν,
2772 3884 2930 3937 οὐσία
2978 3884 3034 3936 δὲ
3067 3883 3271 3946 πάσαις
3301 3882 3585 3937 ὑπόκειται
3624 3883 3733 3952 μία
3753 3900 3768 3910 ·

2174 3975 2267 4026 καὶ
2292 3973 2352 4026 τὸ
2373 3974 2722 4045 ὑποκείμενον
2740 3972 2797 4025 ὲν
2816 3971 3006 4034 αὐταῖς
3029 3976 3046 3994 ⁶
3066 3973 3169 4043 τῆς
3185 3973 3506 4042 σωματικῆς
3532 3972 3774 4039 διαφθο-

2175 4066 2276 4134 ρᾶς
2330 4063 2718 4135 ἠλλοτρίωται,
2756 4063 2898 4118 ὥστε
2959 4065 3173 4136 νηπίοις
3222 4065 3456 4136 φανερὸν
3487 4059 3636 4116 εἶναι
3673 4064 3776 4113 τὸν

2172 4156 2348 4226 λόγον,
2375 4157 2457 4211 ὃτι
2480 4156 2549 4210 τὰ
2571 4154 2797 4228 σώματα
2826 4158 2888 4212 οὐ
2911 4157 2999 4211 διὰ
3027 4158 3089 4211 τὸ
3131 4157 3395 4228 ὁμοούσια
3422 4153 3563 4211 εἶναι
3588 4157 3771 4224 ἀλλή-

2173 4249 2726 4323 λοις,·διαφοείρεταί
2766 4265 2827 4303 τε
2882 4250 2974 4303 καὶ
3017 4248 3327 4303 διαλύεται*
3373 4249 3512 4302 ἀλλά
3554 4249 3652 4301 διὰ
3705 4247 3772 4300 τὸ

2175 4338 2429 4392 σύνθετον
2468 4340 2747 4411 εἰληφέναι
2800 4339 2901 4410 τὴν
2951 4337 3147 4407 φύσινς
3179 4337 3372 4401 Ἀλλος
3416 4336 3593 4390 δὲτοῦ
3642 4352 3767 4387 συν⁹

498 4433 689 4488 sentite
745 4443 1175 4504 corrumpuntur
1225 4442 1279 4489 et
1337 4435 1750 4499 dissolvuntur,
1804 4436 1900 4491 sed
1945 4436 2069 4506 quia

2175 4431 2355 4495 θέτου,
2391 4432 2485 4484 καὶ
2514 4430 2699 4503 ἕτερος
2728 4430 2824 4484 τοῦ
2851 4431 3212 4502 ὑποκειμένου
3232 4431 3328 4501 τῆς
3343 4430 3530 4492 οὐσίας
3558 4429 3724 4496 λόγος
3746 4441 3760 4456 ·

498 4527 856 4597 compositam
888 4527 1105 4594 indepta
1131 4534 1261 4581 sunt
1295 4527 1577 4581 naturam?
1598 4527 1715 4581 Alia
1738 4527 1882 4582 enim
1922 4543 2073 4581 com-

498 4620 683 4688 positi,
731 4620 837 4674 alia
883 4617 1114 4686 subjecti
1158 4620 1411 4673 essentia:
1448 4619 1608 4672 ratio.
1665 4618 1845 4684 Quare
1890 4618 2073 4674 dicere

495 4709 642 4780 quod
681 4724 908 4778 corpora
951 4722 1072 4779 quae
1122 4714 1249 4762 sunt
1297 4705 1541 4775 ejusdm
1590 4706 1909 4761 substantia:
1946 4722 2072 4762 cor-

496 4801 733 4872 ruptioni
767 4807 895 4855 sunt
918 4801 1175 4864 obnoxia,
1207 4812 1393 4852 verum
1426 4805 1532 4860 est,
1567 4798 1855 4853 conversio
1891 4805 2071 4853 autem

493 4907 680 4947 verum
735 4906 844 4945 non
915 4889 1094 4943 habet.
1163 4886 1319 4954 Quod
1375 4888 1639 4958 quidquid
1689 4897 1773 4943 est
1826 4889 2069 4958 ejusdem

496 4983 837 5043 substantiae,
877 4981 979 5034 hoc
1012 4980 1085 5034 sit
1119 4979 1344 5033 omnino
1377 4972 1768 5049 corruptibile:
1808 4980 1951 5036 sicut
1976 4997 2069 5035 os-

496 5074 738 5129 tenditur
769 5074 822 5127 in
854 5071 1074 5136 animis,
1103 5086 1334 5142 quorum
1367 5086 1474 5125 una
1499 5079 1582 5125 est
1613 5072 1873 5137 essentia,
1914 5087 2067 5127 com-

497 5168 744 5222 munioni
771 5175 951 5221 tamen
983 5166 1237 5220 essentia:
1275 5164 1527 5220 interitus
1557 5179 1665 5218 non
1717 5165 1879 5219 inest.
1915 5162 2071 5231 Quod

496 5272 624 5312 vero
684 5255 754 5311 de
800 5254 998 5311 nuituis
1046 5253 1431 5319 detinivimus,
1484 5253 1535 5307 id
1589 5253 1750 5308 ctiam
1804 5253 1874 5308 de
1920 5255 2071 5309 omni

496 5343 848 5401 intellectuali
886 5346 1198 5403 substantia
1234 5360 1355 5415 quae
1386 5345 1440 5399 iu
1471 5353 1723 5400 creatura
1766 5354 2069 5415 spectatur.

494 5451 621 5491 vere
647 5447 699 5491 et
721 5441 936 5510 proprie
965 5440 1071 5495 dici
1106 5448 1303 5511 potest.
1338 5437 1454 5493 Non
1485 5439 1662 5502 enim,
1708 5445 1767 5491 ut
1816 5439 1928 5492 vult
1966 5435 2072 5490 Ειι-

497 5529 731 5587 nomius.
760 5544 788 5582 a
824 5531 1249 5588 Paniocollccta:
1275 5547 1434 5587 voces
1464 5531 1724 5585 virtutum
1754 5537 2070 5585 transmon-

494 5618 759 5672 danarum
814 5632 1039 5676 naturas
1099 5624 1311 5693 aliquas
1365 5624 1503 5678 inter
1553 5637 1610 5677 se
1662 5620 1974 5676 ditTcrentcs
2016 5630 2069 5674 et

494 5710 743 5783 diSpares
766 5712 1092 5783 signiﬁcant,
1127 5714 1222 5771 sed
1253 5715 1678 5785 appellationum
1704 5710 2069 5784 signiﬁcantia

2174 4522 2316 4576 ὥστε
2362 4522 2423 4574 τὸ
2478 4523 2576 4592 μὲν
2622 4522 2884 4593 ὁμοούσια
2921 4523 2989 4576 τὰ
3012 4523 3229 4594 φθαρτά
3271 4521 3503 4592 σώματα
3546 4520 3762 4588 λέγειν.

2173 4613 2370 4683 ἀληθές
2415 4614 2581 4675 ἐστιν,
2624 4614 2658 4684 ἡ
2704 4613 2761 4666 δὲ
2807 4614 3118 4685 ἀναστροφὴ
3155 4615 3216 4667 τὸ
3248 4613 3450 4685 ἀληθὲς
3482 4615 3580 4667 οὐκ
3602 4612 3757 4679 ἔχει·

2175 4708 2283 4759 πᾶν
2334 4706 2396 4759 τὸ
2450 4705 2757 4777 ὁμοούσιον,
2797 4706 2955 4760 τοῦτο
3003 4708 3095 4760 καὶ
3114 4706 3352 4777 φθαρτόν
3374 4708 3490 4759 ἐστι
3515 4705 3755 4762 πάντως.

2183 4798 2274 4860 Ὠς
2306 4799 2399 4851 ἐπὶ
2427 4799 2537 4852 τῶν
2559 4798 2747 4870 ψυχῶν
2773 4799 3177 4866 ἀποδείκνυται,
3206 4793 3282 4854 ὧν
3314 4800 3409 4853 καὶ
3440 4799 3596 4851 οὐσία
3627 4795 3755 4865 μία,

2173 4889 2267 4941 καὶ
2291 4888 2466 4958 φθορά
2501 4893 2565 4962 τῇ
2615 4890 2884 4962 κοινότητι
2923 4893 3025 4962 τῆς
3049 4893 3233 4956 οὐσίας
3256 4892 3318 4944 οὐ
3344 4891 3656 4960 πρόσεστιν,
3694 4884 3759 4937 ’0

2171 4979 2230 5031 δέ
2269 4979 2395 5051 περὶ
2416 4980 2526 5033 τῶν
2547 4980 2735 5051 ψυχῶν
2764 4982 3048 5045 ἀποδοθεὶς
3091 4981 3266 5048 λόγος,
3296 4982 3390 5033 καὶ
3419 4981 3546 5051 περὶ
3565 4978 3760 5043 πάσης

2175 5074 2366 5144 νοερᾶς
2422 5074 2774 5137 ὑποστάσεως
2801 5074 2899 5143 τῆς
2943 5078 3000 5128 ὲν
3036 5077 3102 5145 τῇ
3142 5075 3317 5128 κτίσει
3368 5070 3761 5143 θεωρουμένης

2171 5164 2383 5229 οἰκείως
2414 5164 2479 5219 ἂν
2530 5164 2663 5235 ἔχοι.
2713 5166 2789 5219 Οὐ
2816 5165 2925 5237 γὰρ
2953 5164 3136 5229 καθὼς
3176 5166 3438 5237 Εὐνόμιος
3478 5154 3757 5235 βούλεται,

2171 5256 2228 5309 αί
2258 5256 2410 5327 παρὰ
2433 5255 2526 5310 τοῦ
2549 5256 2760 5311 Παύλου
2801 5256 3214 5328 κατειλεγμέναι
3249 5258 3425 5325 φωναὶ
3449 5257 3555 5310 τῶν
3581 5255 3762 5323 ὑπερ·

2173 5350 2412 5418 κοσμίων
2467 5348 2744 5419 δυνάμεων
2789 5348 2978 5418 φύσεις
3003 5349 3152 5412 τινὰς
3181 5348 3429 5420 ἀλλήλων
3469 5345 3759 5418 παρηλλα-

2138 5460 2143 5464 ‘
2170 5443 2375 5512 γμὲνας
2412 5442 2765 5511 σημαίνουσιν
2786 5458 2799 5472 ο
2827 5442 2939 5496 ἀλλ’
2974 5443 3006 5513 ὴ
3034 5442 3140 5495 τῶν
3166 5440 3546 5512 προσηγοριῶν
3566 5452 3761 5508 σημα-

2173 5535 2262 5586 σία
2292 5533 2476 5602 σαφῶς
2498 5533 2851 5599 ἐνδείκνυται,
2880 5534 2941 5588 τὸ
2964 5535 3037 5604 μὴ
3071 5532 3283 5604 φύσεων
3311 5532 3591 5605 διαφοράς,
3609 5523 3763 5584 ἀλλὰ

2171 5624 2270 5693 τῆς
2296 5626 2617 5696 ἐπουρανίου
2644 5628 2900 5698 στρατιᾶς
2932 5627 3028 5691 τὰς
3052 5627 3303 5693 ποικίλας
3321 5627 3430 5681 τῶν
3459 5620 3760 5695 ἐνεργειῶν

2176 5714 2437 5787 ἰδιότητας
2477 5715 2555 5787 τῷ
2597 5715 2737 5788 λόγῳ
2780 5714 3157 5788 παρίστασθαι.
3206 5719 3394 5789 Ἀρχαι
3426 5716 3552 5790 γὰρ,
3588 5711 3761 5785 φησὶ,
