4002 6218
317 283 424 340 769

1336 284 1615 342 CONTRA
1649 283 2013 343 EUNOMIUM
2037 325 2052 350 ,
2091 284 2221 342 LIB.
2262 283 2397 342 VIII.

3456 281 3560 340 ’170

320 415 504 469 ριστον
538 400 596 452 ἐν
615 397 694 466 τῷ
722 395 859 452 εἶναι
886 391 1391 468 καταλαμϐάνεται·
1434 401 1528 454 καὶ
1556 402 1665 454 πᾶν
1686 400 1743 455 τὸ
1767 403 1894 473 περὶ

2001 401 2222 456 nitatem
2247 401 2302 454 in
2326 413 2451 455 esse
2474 397 2935 470 deprehenditur:
2969 404 3025 453 et
3059 393 3322 467 quidquid
3353 393 3406 449 in
3443 394 3562 464 ipso

318 487 450 540 αὐτὸ
474 487 847 557 θεωρούμενον
874 489 960 541 ἀεὶ
991 488 1248 551 ὡσαύτως
1278 488 1412 558 ἔχει,
1453 488 1574 542 οὔτε
1605 490 1890 562 προσγινό-

322 593 483 646 μενον
523 576 646 628 οὖτε
695 577 1103 649 ἀπογινόμενον.
1159 579 1321 631 Ὥστε
1359 581 1412 633 εί
1441 596 1524 641 τις
1566 580 1712 648 λέγοι
1761 575 1937 649 πεῤῄ-

319 667 450 720 Θεοῦ
474 710 489 732 ,
529 669 612 721 ὅτι
645 669 910 740 πρότερον
946 671 1045 740 μὲν
1071 665 1139 740 ἦν
1159 710 1172 734 ,
1207 669 1302 724 νῦν
1330 670 1386 722 δὲ
1420 671 1520 724 οὐκ
1547 671 1714 733 ἔστιν,
1748 671 1780 741 ἢ
1809 671 1890 722 ὅτι

316 759 414 812 νῦν
451 761 553 829 μὲν
576 759 716 824 ἔστι,
749 761 1011 834 πρότερον
1043 761 1099 814 δέ
1121 762 1220 815 οὐκ
1255 757 1343 833 ἦν,
1376 764 1568 834 ἐπίσης
1591 764 1746 817 ἄθεον
1773 763 1893 833 κρίο

318 867 480 920 νομεν
526 851 636 903 τῶν
703 853 1007 923 εἰρημένων
1059 853 1352 924 ἑκάτερον·
1414 855 1727 909 κολοϐοῦται
1783 855 1891 927 γὰρ

317 942 518 1012 ὁμοίως
555 943 623 996 δι’
653 944 979 1014 ἀμφοτέρων
1007 945 1036 996 ὁ
1084 944 1183 1014 τῆς
1213 945 1509 1016 ἀίδιότητος
1547 946 1702 1014 λόγος
1725 988 1739 1011 ,
1770 948 1890 1002 καθ’

319 1036 578 1104 ἑκάτερον
628 1036 792 1105 μέρος
823 1035 1027 1104 ὁμοίως
1060 1033 1138 1104 τῷ
1183 1036 1515 1106 ἀνυπάρκτῳ
1568 1036 1891 1107 περικοπτό-

320 1143 499 1196 μενος.
541 1127 602 1179 Et
640 1125 1013 1196 προσθεωροίη
1044 1144 1124 1188 τις
1151 1126 1210 1179 τὸ
1243 1126 1318 1196 μὴ
1364 1127 1423 1180 ὃν
1462 1127 1555 1180 τοῦ
1583 1127 1752 1192 ὄντος,
1782 1129 1890 1180 εἴτε

316 1217 648 1286 καταλήγειν
675 1217 734 1269 τὸ
765 1216 825 1269 ὃν
853 1219 934 1279 εἰς
961 1217 1023 1269 τὸ
1057 1216 1132 1287 μὴ
1167 1217 1225 1270 ὃν
1251 1219 1644 1286 ἀποφαίνεται,
1677 1220 1770 1272 καὶ
1799 1222 1890 1273 ού-

317 1311 407 1362 δεν
437 1309 839 1379 παραμυθεῖται
876 1309 975 1378 τὴν
1005 1309 1175 1379 ἀσεϐῆ
1202 1310 1329 1381 περὶ
1350 1310 1410 1362 τὸ
1430 1310 1582 1363 Θεῖον
1605 1312 1888 1381 ὑπόληψιν,

316 1405 377 1453 ὲν
413 1400 651 1471 πρώτοις
691 1398 725 1468 ἢ
765 1398 1096 1462 τελευταίοις
1139 1399 1626 1470 ἐπιθρυλλούμενον
1667 1400 1744 1470 τῷ
1773 1401 1892 1472 Θεῷ

315 1493 376 1545 τὸ
431 1492 802 1562 ἀνύπαρκτον.
857 1491 958 1544 Διά
995 1490 1152 1544 τοῦτο
1186 1490 1285 1561 τὴν
1329 1491 1456 1561 περὶ
1499 1491 1593 1544 τοῦ
1636 1491 1709 1562 μὴ
1756 1490 1892 1545 εἷναί

314 1603 446 1638 ποτε
495 1586 588 1638 τὸν
629 1585 798 1646 όντως
841 1583 971 1636 ὄντα
1016 1584 1399 1653 κατασκευὴν,
1442 1584 1669 1654 ἀρνησίν
1710 1602 1770 1638 τε
1799 1586 1892 1638 καὶ

313 1675 574 1745 ἀθέτησιν
611 1674 712 1744 τῆς
741 1673 998 1744 ἀληθινῆς
1042 1673 1292 1744 θεότητος
1328 1670 1469 1726 εἶναι
1518 1675 1890 1746 διοριζόμεθα.

1998 502 2278 562 spectatur
2311 507 2528 562 semper
2564 491 2754 546 eodem
2794 490 2959 545 modo
2991 505 3051 545 se
3079 488 3263 554 habet,
3294 502 3472 557 neque
3504 493 3560 540 in

1996 599 2062 639 eo
2109 585 2167 637 [it
2193 583 2491 653 quidquam
2519 583 2601 637 vel
2635 583 2786 652 prius
2816 583 2901 638 vel
2937 581 3231 652 posterius.
3283 578 3462 645 Quare
3512 578 3562 634 si

1997 675 2123 744 quis
2153 675 2300 730 dicat
2329 675 2397 729 de
2437 673 2545 728 Deo
2588 673 2734 743 quod
2767 673 2919 743 prius
2967 673 3185 742 quidem
3227 678 3364 734 erat,
3415 683 3562 723 nunc

1996 776 2177 823 autem
2211 782 2320 821 non
2351 775 2435 822 est
2473 805 2488 831 ,
2520 767 2604 821 vel
2636 766 2782 836 quod
2818 779 2962 819 nunc
2989 765 3209 834 quidem
3259 773 3364 823 est.
3408 761 3563 830 prius

1997 867 2176 915 autem
2210 875 2316 914 non
2332 869 2450 915 erat
2479 879 2491 914 :
2525 876 2589 915 ex
2620 874 2776 929 ωηυο
2807 857 3030 928 impium
3061 865 3353 923 utrumque
3385 853 3561 905 dicto-

1994 966 2116 1006 rum
2153 966 2471 1006 censemus:
2510 951 2714 1020 pariter
2748 949 2892 1005 enim
2927 963 3020 1016 per
3064 956 3356 1014 utrumque
3400 950 3561 997 aeter-

1998 1043 2185 1098 nitatis
2227 1043 2368 1096 ratio
2421 1043 2725 1104 mutilatur,
2768 1041 2836 1094 ab
2886 1048 3117 1108 utraque
3154 1043 3305 1106 parte
3365 1050 3395 1088 a
3451 1047 3561 1086 non

1995 1135 2293 1190 exsistente
2318 1133 2664 1189 circumcisa.
2697 1132 2752 1186 Si
2783 1132 2908 1201 quis
2935 1129 3247 1199 prospicere
3278 1126 3406 1181 velit
3452 1139 3562 1179 non

1996 1241 2094 1280 ens
2125 1227 2178 1279 in
2211 1233 2356 1291 ente,
2416 1226 2500 1280 vel
2533 1225 2764 1279 deﬁcere
2791 1237 2889 1277 ens
2945 1222 2998 1276 iu
3051 1236 3159 1275 non
3191 1235 3290 1274 ens
3318 1232 3562 1287 pronun-

1997 1318 2116 1381 tiat,
2160 1317 2250 1372 hic
2282 1317 2500 1387 impiam
2536 1316 2604 1370 de
2625 1314 2735 1368 Deo
2768 1314 3077 1384 opinionem
3111 1311 3163 1364 in
3197 1309 3394 1363 animis
3423 1307 3560 1362 insi-

1999 1418 2108 1463 tam
2146 1410 2280 1463 nihil
2307 1409 2480 1478 juvat,
2514 1409 2568 1463 in
2609 1406 2802 1478 primis
2832 1420 2926 1460 seu
2953 1402 3269 1474 postremis,
3315 1400 3368 1454 id
3412 1397 3560 1468 quod

1999 1517 2108 1555 non
2145 1501 2363 1556 exsistit
2401 1501 2456 1554 in
2499 1498 2628 1561 Deo,
2671 1498 2871 1567 passim
2916 1509 3190 1551 asserens.
3218 1493 3560 1560 Quapropter

1999 1606 2122 1645 eum
2155 1592 2246 1660 qui
2283 1606 2414 1644 rere
2458 1599 2544 1645 est
2574 1605 2682 1643 non
2745 1603 2868 1643 esse
2909 1595 3174 1649 astruere,
3215 1584 3559 1654 negationem

1999 1691 2483 1751 contemptumque
2506 1696 2626 1736 esse
2649 1696 2786 1736 verte
2802 1680 3021 1735 deitatis
3039 1679 3240 1733 diserte
3263 1686 3316 1732 et
3335 1689 3561 1744 expres-

325 1766 551 1836 Ἐπειδὴ
579 1765 686 1835 γὰρ
717 1766 746 1818 ό
774 1765 872 1835 μὲν
917 1764 1003 1818 διὰ
1037 1764 1131 1818 τοῦ
1161 1765 1337 1834 φωτὸς
1379 1765 1569 1818 ἑαυτὸν
1613 1765 1690 1837 τῷ
1723 1768 1891 1838 Μωσῇ

2001 1791 2057 1830 se
2095 1775 2350 1829 dicimus.
2421 1772 2697 1843 Siquidem
2777 1774 2868 1827 ille
2912 1773 3004 1841 qui
3059 1771 3410 1838 semetipsum
3465 1782 3561 1836 per

311 1851 518 1924 δείξας,
546 1858 672 1910 ὅντα
696 1857 884 1911 ἑαυτὸν
911 1857 1187 1927 ὀνομάζει,
1218 1856 1568 1926 λέγων,Ἐγώ
1595 1860 1710 1927 εἰμι
1729 1861 1763 1912 d
1786 1859 1886 1912 ὧν.

325 1949 388 2001 Ἦ
397 1950 560 2012 σαϊας
578 1947 635 2000 δὲ
655 1947 906 2016 καθάπερ
921 1947 1151 2018 ὄργανον
1167 1947 1260 2001 τοῦ
1277 1949 1334 2000 ἐν
1354 1947 1500 2018 αὐτῷ
1522 1948 1890 2017 φθεγγομένου

310 2038 610 2106 γενόμενος
629 2076 645 2099 ,
676 2038 740 2089 ἐκ
774 2036 1063 2108 προσώπου
1107 2037 1252 2105 λέγει
1283 2037 1376 2090 τοῦ
1406 2037 1556 2102 ὄντος
1575 2079 1588 2102 ,
1619 2040 1700 2091 ὃτι
1739 2038 1888 2107 Ἐγὼ

309 2130 572 2198 πρῶτος,
597 2129 693 2183 καί
718 2129 834 2198 ἐγὼ
847 2131 996 2198 μετὰ
1011 2129 1216 2192 ταῦτα,
1240 2131 1315 2194 ὡς
1334 2131 1421 2184 δια
1448 2130 1640 2184 τούτου
1656 2131 1892 2185 νοεῖσθαι

308 2225 442 2276 καθ’
478 2223 747 2294 ἑκατέραν
781 2223 988 2276 ἔννοιαν
1041 2224 1134 2276 ἐπὶ
1164 2222 1298 2276 Θεοῦ
1336 2223 1397 2276 τὸ
1422 2223 1610 2278 ἀΐδιον.
1665 2223 1892 2293 Ὁμοίως

304 2315 368 2370 δὲ
392 2317 492 2370 καὶ
521 2317 556 2386 ἡ
587 2317 720 2386 πρὸς
742 2315 831 2368 τὸν
866 2315 1060 2369 Μανωὲ
1090 2315 1354 2386 γενομένη
1397 2315 1572 2385 φωνὴ,
1608 2314 1671 2368 τὸ
1705 2314 1892 2385 ἀπερί-

307 2407 523 2476 ληπτον
546 2402 684 2460 εἶναι
708 2406 794 2460 διὰ
814 2406 912 2476 τῆς
937 2405 1032 2459 τοῦ
1063 2406 1324 2476 ὀνόματος
1351 2407 1626 2476 σημασίας
1655 2405 1715 2458 τὸ
1739 2405 1892 2458 Θεῖον

308 2497 669 2559 ἐνδείκνυται,
694 2497 781 2549 ὅτε
803 2497 992 2566 μαθεῖν
1012 2495 1286 2560 ἀξιοῦντος
1307 2494 1400 2548 τοῦ
1423 2495 1620 2549 Μανωὲ
1638 2495 1698 2548 τὸ
1724 2495 1892 2563 ὄνομα

306 2589 387 2651 ὡς
416 2587 789 2657 προελθούσης
820 2589 899 2649 εἰς
927 2586 1084 2658 ἔργον
1103 2587 1201 2657 τῆς
1230 2586 1555 2654 ἐπαγγελίας
1577 2587 1664 2638 ἐπ’
1697 2585 1892 2655 ὀνόμα-

309 2696 405 2742 τος
435 2679 631 2749 δοξάσῃ
659 2678 748 2732 τὸν
770 2679 1082 2748 εὐεργέτην,
1108 2677 1257 2746 λέγει
1285 2677 1422 2747 πρὸς
1445 2678 1626 2730 αὐτόν·
1647 2678 1706 2730 Τί
1723 2675 1892 2730 τοῦτο

308 2768 543 2836 ἐρωτᾷς
573 2785 591 2832 ;
618 2769 720 2822 καὶ
753 2771 904 2846 augt}
934 2769 1065 2822 ἐστι
1100 2769 1462 2837 θαυμαστόν⁸
1487 2767 1562 2829 ὡς
1588 2766 1674 2819 διὰ
1703 2767 1890 2820 τούτου

315 2858 537 2926 μαθεῖν,
579 2859 659 2911 ὅτι
700 2858 758 2910 ἓν
807 2860 921 2911 ἐστι
958 2858 1290 2928 σημαντικὸν
1335 2857 1431 2926 τῆς
1482 2856 1632 2918 θείας
1676 2855 1892 2924 φύσεως

309 2951 526 3018 όνομα,
567 2949 628 3002 τὸ
665 2950 923 3021 ἀρρήτως
967 2948 1096 3019 περὶ
1145 2949 1314 3018 αὐτῆς
1347 2950 1478 3017 ἡμῖν
1512 2947 1699 3017 θαῦμα
1748 2946 1890 3000 κατὰ

309 3040 499 3111 ψυχὴν
531 3041 899 3109 ἐγγινόμενον.
952 3039 1220 3102 Ὡσαύτως
1241 3039 1298 3092 δὲ
1327 3039 1420 3092 καὶ
1438 3039 1466 3091 ὁ
1504 3039 1674 3108 μέγας
1701 3037 1888 3103 Δαϐὶδ,

2001 1867 2176 1920 lucem
2212 1865 2346 1920 Mosi
2383 1864 2796 1927 demonstravit,
2834 1872 3011 1917 entem
3047 1861 3286 1929 scipsum
3317 1861 3562 1914 nominat

1999 1958 2220 2020 dicens,
2265 1955 2377 2026 Ego
2409 1971 2521 2007 sum
2548 1955 2635 2023 qui
2667 1971 2804 2008 sum.
2830 1952 2999 2006 Isaias
3035 1966 3163 2005 vero
3192 1959 3446 2019 tanquam
3472 1950 3560 2003 in-

1999 2056 2369 2102 strumentum
2398 2045 2539 2114 ejus,
2581 2044 2672 2112 qui
2716 2045 2768 2097 iu
2811 2058 2876 2097 eo
2908 2041 3228 2111 loquebatur
3271 2039 3446 2094 factus
3493 2056 3560 2093 ex

1997 2155 2232 2209 persona
2268 2137 2389 2207 ejus
2416 2137 2505 2206 qui
2552 2145 2634 2191 est
2663 2135 2795 2190 dicit
2829 2153 2841 2188 :
2881 2133 2988 2202 Ego
3014 2134 3215 2201 primus
3243 2141 3291 2185 et
3321 2148 3412 2201 ego
3442 2139 3557 2199 post

1997 2229 2292 2296 Im'c“,nt
2339 2243 2431 2296 per
2485 2228 2587 2280 hoc
2643 2226 2938 2280 secundum
2988 2232 3273 2289 utramque
3312 2222 3556 2275 notitiam

1996 2318 2139 2387 quod
2168 2327 2429 2372 aeternum
2477 2325 2563 2370 est
2645 2315 2698 2368 in
2734 2314 2842 2370 Deo
2893 2314 3247 2382 intelligatur.
3299 2311 3561 2365 Similiter

1997 2403 2158 2457 etiam
2184 2417 2282 2456 vox
2308 2401 2399 2454 illa
2412 2416 2531 2470 qua:
2560 2401 2625 2454 ad
2642 2401 2830 2455 Manoe
2853 2401 2992 2454 facta
3017 2409 3122 2460 est.
3149 2399 3316 2455 Deum
3339 2399 3561 2454 essein-

1995 2491 2561 2561 comprehensibilem,
2577 2507 2670 2561 per
2687 2491 2919 2545 nominis
2939 2490 3353 2560 signiticantiam
3375 2497 3560 2543 osten-

1997 2583 2094 2647 dit,
2114 2597 2234 2652 quze
2249 2598 2373 2637 cum
2393 2583 2604 2638 discere
2623 2584 2779 2638 vellet
2795 2581 2983 2636 Manoe
2999 2597 3193 2636 nomen
3211 2581 3348 2650 ejus.
3365 2589 3422 2633 ut
3447 2595 3562 2649 pro-

1999 2675 2255 2730 missrone
2278 2674 2571 2744 adimpleta
2596 2674 2919 2727 nominatim
2953 2671 3351 2727 benefactorem
3393 2672 3560 2742 glori-

1999 2763 2206 2828 ﬁcarct,
2243 2763 2308 2816 ad
2331 2778 2454 2818 eum
2476 2763 2628 2830 dicit,
2665 2762 2804 2829 Quid
2832 2761 2927 2815 hoc
2956 2762 3291 2833 interrogas?
3313 2771 3362 2816 ει
3393 2763 3562 2831 ipsum

1996 2864 2076 2910 est
2103 2855 2416 2909 admirabile
2449 2858 2491 2922 ⁸,
2523 2855 2596 2908 ita
2639 2864 2698 2909 ut
2734 2871 2800 2909 ex
2830 2855 2932 2910 hoc
2958 2855 3170 2910 discere
3197 2855 3374 2920 liceat,
3417 2854 3562 2925 quod

1999 2960 2166 2999 unum
2178 2945 2469 3000 estdivinae
2491 2953 2701 3001 naturae
2719 2945 3140 3017 signiﬁcativum
3161 2962 3384 3010 nomen,
3412 2947 3557 3014 quod

2000 3052 2196 3106 nempe
2221 3037 2289 3091 de
2323 3037 2440 3111 ipsa
2477 3037 2821 3092 ineﬂabiliter
2851 3047 3084 3093 mentem
3134 3046 3370 3092 nostram
3418 3038 3565 3092 subit

313 3134 376 3183 ἐν
420 3133 537 3193 τοῖς
571 3129 688 3183 καθ’
723 3129 912 3182 ἐαυτοῦ
960 3129 1173 3198 λόγοις,
1200 3129 1262 3183 τὺ
1292 3125 1408 3182 ἴσον
1457 3127 1573 3199 βοᾷ,
1605 3129 1679 3191 ὼς
1715 3128 1896 3198 πάσης

2003 3127 2313 3181 admiratio.
2349 3127 2610 3182 Similiter
2633 3129 2796 3184 etiam
2834 3144 3068 3199 magnus
3100 3128 3266 3183 David
3316 3129 3444 3183 dum
3499 3129 3566 3183 de

318 3222 426 3290 μὲν
451 3221 556 3289 τῆς
584 3220 811 3284 κτίσεως
836 3221 927 3273 ὑπ’
947 3219 1112 3274 αὐτοῦ
1141 3219 1512 3292 παραχθείσης
1544 3221 1623 3282 εἰς
1646 3218 1855 3284 γένεσιν
1878 3259 1894 3284 ,

319 3313 494 3383 μόνου
523 3311 580 3364 δὲ
605 3309 699 3364 τοῦ
745 3311 880 3364 Θεοῦ
920 3309 1182 3374 ὡσαύτως
1209 3310 1295 3364 ἀεί
1325 3327 1382 3362 τε
1408 3309 1580 3372 ὄντος,
1609 3310 1701 3362 καὶ
1727 3309 1899 3361 εἰσαεὶ

311 3403 671 3473 διαμένοντος
693 3417 707 3432 ⁸
743 3404 799 3455 ἐν
825 3400 904 3466 οἷς
938 3419 1103 3472 φησι,
1133 3402 1215 3456 Σὺ
1245 3402 1313 3454 δὲ
1336 3405 1366 3456 ό
1393 3401 1574 3466 αὐτὸς
1595 3399 1672 3467 εἶ,
1703 3402 1800 3455 καὶ
1824 3403 1896 3457 τὰ

317 3495 429 3560 ἐτη
478 3509 598 3547 σου
631 3494 741 3545 οὐκ
777 3492 1158 3559 balatu-ovat.
1209 3491 1393 3545 Ταῦτα
1433 3491 1528 3544 καὶ
1569 3493 1637 3546 τὰ
1677 3493 1900 3548 τοιαῦτα

320 3583 480 3653 παρὰ
523 3582 631 3636 τῶν
663 3581 1101 3652 θεοφορουμένων
1131 3581 1418 3645 ἀκούοντες
1437 3621 1452 3646 ,
1485 3583 1600 3646 πῶς
1641 3584 1740 3654 οὐχ
1766 3575 1794 3636 ὃ
1825 3584 1898 3654 μὴ

319 3675 382 3738 ἐξ
408 3675 588 3727 ἀϊδίου
623 3674 769 3726 ἐστὶν
788 3713 803 3738 ,
835 3674 910 3738 ὡς
943 3673 1252 3742 πρόσφατόν
1287 3690 1346 3726 τε
1372 3675 1466 3728 καὶ
1497 3675 1776 3746 ἀλλότριον
1804 3676 1902 3746 τῆς

321 3765 594 3835 ἀληθινῆς
641 3765 937 3836 Θεότητος,
969 3767 1080 3828 τοῖς
1133 3764 1543 3836 εἰδωλολάτραις
1580 3769 1902 3838 προσκυνεῖν

324 3855 731 3924 καταλείπομεν
749 3871 762 3919 ;
789 3855 861 3907 Τὸ
871 3854 979 3925 γάρ
998 3854 1089 3907 νῦν
1102 3853 1182 3916 ὃν,
1201 3854 1461 3926 πρότερον
1476 3855 1530 3908 δὲ
1548 3856 1620 3926 μὴ
1639 3855 1717 3920 ὃν,
1738 3854 1902 3926 πρόσ-

326 3946 498 4012 φατόν
531 3947 648 3997 ἐστι
689 3945 903 4008 πάντως
929 3946 1020 3999 καί⁵
1043 3946 1142 3998 οὐκ
1173 3944 1362 3998 ἀΐδιον·
1392 3947 1453 3998 τὸ
1471 3946 1526 3998 δὲ
1549 3947 1686 4017 πρός
1715 3962 1767 3998 τι
1789 3945 1904 3999 τῶν

327 4035 647 4105 προσφάτω·
698 4035 850 4106 όρᾷν,
901 4036 1167 4104 δαιμόνων
1201 4035 1453 4108 λατρείαν
1489 4039 1516 4090 ό
1553 4037 1757 4106 Μωσῆς
1785 4037 1902 4090 όνοο

331 4126 529 4196 μάζει,
573 4125 633 4178 λέ
647 4143 776 4193 ίωνο
819 4127 1087 4181 Ἕθυσαν
1131 4126 1458 4194 δαιμονίοις
1496 4127 1590 4180 καί
1625 4129 1698 4179 οὺ
1744 4126 1901 4192 Θεῷ·

329 4213 488 4278 θεοῖς
507 4208 598 4278 οἷς
618 4215 729 4266 οὐκ
750 4213 1002 4282 ᾔδεισαν
1018 4219 1071 4268 οι
1094 4216 1345 4284 πατέρες
1363 4213 1578 4278 αὐτῶν,
1597 4215 1788 4270 καινοὶ
1809 4215 1906 4269 κηί

329 4307 666 4373 πρόσφατοι
698 4304 940 4370 fixam)".
967 4307 1028 4359 Εἰ
1061 4304 1154 4358 οὖν
1185 4305 1244 4358 τὸ
1303 4305 1612 4376 πρόσφατον
1645 4306 1702 4360 ἐν
1742 4305 1904 4359 σεϐάο

331 4412 522 4465 σματι,
545 4395 811 4465 δαιμόνων
836 4398 951 4449 ἐστὶ
970 4397 1215 4469 λατρεία,
1245 4398 1337 4451 καὶ
1363 4397 1462 4474 τῆς
1495 4396 1751 4468 ἀληθινῆς
1775 4397 1904 4450 Θεό-

330 4503 492 4556 τητος
519 4487 875 4557 ἠλλοτρίωται
897 4505 910 4520 ·
943 4489 972 4544 ὃ
1007 4487 1064 4540 δὲ
1105 4488 1198 4540 νῦν
1241 4487 1338 4556 μέν
1387 4490 1576 4551 ἐστιν,
1600 4488 1686 4541 ἀεὶ
1709 4487 1768 4540 δὲ
1805 4487 1904 4540 οὑκ

332 4569 420 4644 ἦν,
449 4574 765 4645 πρόσφατόν
793 4576 908 4627 ἐστι
939 4577 1032 4628 καὶ
1059 4576 1158 4629 οὐκ
1199 4576 1389 4638 ἀΐδιον,
1415 4576 1728 4644 ἀναγκαίως
1768 4575 1905 4646 πρὸς

332 4668 393 4719 τὸ
425 4667 486 4719 δν
514 4667 805 4736 βλέποντες
827 4709 843 4734 ,
869 4669 992 4730 τοὺς
1021 4668 1082 4720 τὸ
1107 4668 1182 4739 μὴ
1208 4667 1266 4722 ὃν
1288 4668 1366 4738 τῷ
1395 4669 1508 4722 ὄντι
1543 4667 1906 4740 συνθεωροῦν-

331 4773 433 4820 τας
465 4757 561 4810 καὶ
586 4757 861 4824 λέγοντας,
889 4761 972 4812 ὅτι
1005 4759 1135 4811 ποτὲ
1167 4759 1267 4812 ούκ
1297 4753 1387 4828 ἦν,
1406 4761 1516 4822 τοῖς
1544 4758 1907 4829 θεραπευταῖς

332 4849 443 4902 τῶν
464 4849 697 4902 εἰδώλων
727 4851 1182 4920 ἐγκαταλέγομεν.
1217 4852 1324 4905 Καὶ
1345 4851 1454 4920 γὰρ
1474 4853 1502 4904 ό
1523 4851 1695 4921 μέγας
1727 4849 1903 4904 Ἰωάν·

331 4957 432 5008 νης
452 4941 544 4992 τὸν
577 4942 838 5012 μονογενῆ
863 4942 993 4994 Θεὸν
1026 4942 1140 5011 ἰδίῳ
1161 4941 1542 5009 καταγγέλλων
1574 4940 1908 5010 κηρύγματι,

1999 3232 2065 3270 eo
2091 3217 2348 3282 loquitur,
2396 3217 2536 3272 idem
2573 3218 2856 3272 clamitat:
2907 3233 3122 3272 omnem
3155 3219 3374 3288 quidem
3411 3233 3565 3272 crea-

1999 3317 2178 3361 turam
2211 3309 2280 3362 ab
2328 3308 2448 3377 ipso
2478 3307 2545 3362 ad
2601 3311 3012 3378 generationem
3039 3308 3328 3362 adductam
3373 3309 3562 3375 fuisse,

1999 3403 2176 3456 solum
2201 3415 2333 3454 vero
2375 3401 2541 3455 Deum
2575 3402 2768 3456 eodem
2807 3401 2968 3456 modo
3009 3417 3224 3471 semper
3253 3417 3569 3465 esse,eum-

1999 3492 2232 3563 demque
2268 3493 2320 3547 in
2350 3501 2668 3562 perpetuum
2701 3508 3046 3562 permanere.
3105 3493 3162 3550 In
3199 3493 3401 3563 quibus
3455 3495 3564 3547 ait:

2003 3584 2081 3637 Tu
2119 3595 2292 3638 autem
2321 3584 2455 3637 idem
2484 3601 2536 3638 es
2563 3625 2579 3647 ,
2620 3593 2668 3638 et
2701 3585 2828 3637 anni
2865 3585 2941 3637 tui
2971 3600 3073 3636 non
3109 3584 3348 3652 deﬁcient
3375 3583 3416 3636 ⁸.
3445 3583 3570 3638 llaec

1999 3684 2053 3730 et
2077 3674 2345 3743 ejusmodi
2382 3690 2446 3728 ex
2475 3675 2610 3729 viris
2653 3673 2744 3727 Dei
2779 3675 2974 3743 spiritu
3007 3674 3204 3730 amatis
3250 3691 3373 3728 cum
3418 3676 3571 3728 audi.

2003 3779 2148 3825 mus,
2186 3765 2461 3832 quomodo
2491 3763 2544 3818 id
2566 3763 2710 3832 quod
2742 3763 2809 3818 ab
2825 3774 3028 3818 αξιοι·ηο
3042 3779 3148 3818 non
3171 3773 3278 3829 est,
3301 3774 3358 3819 ut
3375 3781 3569 3824 recens

2002 3862 2058 3908 et
2085 3855 2324 3910 alienum
2357 3869 2386 3907 a
2418 3869 2548 3909 vera
2609 3855 2837 3919 Ilcitate,
2874 3855 3196 3922 idololatria,
3248 3857 3298 3911 id
3353 3868 3457 3924 est,
3506 3861 3568 3913 li-

2003 3945 2284 4001 ctitinrum
2312 3947 2538 4000 deorum
2563 3947 2865 4003 cultoribus
2895 3946 3228 4002 adorandum
3269 3965 3376 4005 non
3407 3951 3568 4006 relin-

2003 4036 2264 4105 quimus?
2298 4036 2454 4102 Quod
2501 4038 2646 4091 enim
2699 4053 2845 4092 nunc
2907 4045 3013 4102 est,
3038 4040 3189 4108 prius
3232 4050 3410 4096 autem
3458 4060 3568 4099 non

2003 4135 2139 4192 erat,
2203 4141 2396 4182 recens
2418 4134 2504 4181 est
2531 4128 2756 4180 omnino
2785 4142 2882 4182 nec
2910 4136 3173 4184 aeternum
3198 4150 3212 4198 ;
3248 4134 3446 4190 intueri
3471 4154 3571 4192 ειυ-

2005 4224 2114 4270 tem
2147 4217 2199 4270 in
2234 4216 2438 4284 aliquid
2475 4217 2800 4281 recentium,
2826 4217 3134 4273 daemonum
3170 4225 3378 4278 cultum
3414 4236 3570 4282 vocat

2010 4305 2211 4371 Moses,
2261 4305 2452 4361 dicens
2495 4324 2510 4359 :
2574 4303 2989 4362 Immolaverunt
3052 4309 3346 4378 da'moniis,
3375 4325 3424 4368 et
3467 4333 3570 4370 non

2009 4397 2118 4451 Deo
2159 4411 2178 4450 :
2228 4395 2331 4450 diis
2368 4413 2496 4466 quos
2544 4398 2858 4468 ignorarunt
2909 4409 3086 4469 patres
3131 4403 3399 4473 ipsorum,
3454 4409 3572 4462 novi

2007 4499 2334 4558 recentesque
2366 4499 2612 4544 rencrunt
2663 4491 2704 4545 ⁵.
2742 4489 2798 4545 Si
2829 4493 2993 4562 igitur
3017 4495 3161 4564 quod
3191 4511 3380 4552 recens
3409 4509 3491 4554 est
3516 4501 3572 4555 iu

2003 4581 2090 4636 bis
2117 4596 2237 4651 qua:
2266 4581 2543 4646 coluntur,
2574 4582 2878 4638 daemonum
2904 4591 2988 4639 est
3021 4586 3252 4650 cultura,
3293 4596 3347 4642 et
3394 4604 3422 4642 a
3448 4606 3572 4645 vera

2004 4669 2210 4726 Deitate
2255 4670 2492 4725 alienum
2524 4679 2648 4726 est:
2693 4671 2838 4742 quod
2875 4679 3055 4728 autem
3115 4691 3260 4728 nunc
3292 4683 3398 4738 est,
3433 4693 3574 4732 sem-

2005 4776 2101 4832 per
2127 4768 2306 4816 autem
2335 4775 2443 4815 non
2468 4768 2608 4823 erat,
2629 4775 2821 4816 recens
2848 4771 2933 4816 est
2973 4772 3028 4816 ει
3050 4778 3156 4816 non
3180 4771 3576 4820 aeternumzue-

2008 4853 2253 4908 cessario
2275 4867 2378 4908 nos
2407 4852 2499 4922 qui
2530 4852 2582 4906 id
2598 4851 2745 4921 quod
2775 4861 2858 4908 est
2890 4853 3182 4915 intuemur,
3202 4869 3298 4910 eos
3318 4855 3408 4924 qui
3429 4857 3575 4924 quod

2010 4959 2118 4998 non
2143 4950 2225 4998 est
2273 4958 2397 4998 cum
2421 4957 2486 4998 eo
2537 4943 2679 5012 quod
2707 4949 2787 4997 est
2820 4945 3276 5014 contemplantur,
3312 4955 3363 4999 et
3386 4946 3577 5000 dicunt

332 5033 606 5096 παντοίως
650 5035 741 5086 τὸν
779 5033 974 5088 ἑαυτοῦ
1009 5033 1468 5101 κατασφαλίζεται
1505 5031 1680 5100 λόγον,
1717 5031 1791 5096 ὡς
1835 5034 1897 5101 μί

2008 5034 2152 5103 quod
2198 5031 2476 5106 quondam
2515 5047 2623 5085 non
2659 5040 2800 5095 erat,
2847 5032 3113 5087 idolorum
3139 5034 3441 5089 cultoribus
3479 5050 3577 5089 an-

333 5137 458 5173 τινα
495 5123 727 5193 πάροδον
767 5123 863 5195 τὴν
904 5124 996 5176 τοῦ
1034 5124 1108 5194 μὴ
1158 5120 1294 5176 εἶναι
1332 5121 1597 5191 ὑπόληψιν
1628 5122 1768 5175 κατά
1811 5122 1904 5174 τοῦ

331 5211 488 5272 ὄντος
517 5211 716 5266 λαϐεῖν.
743 5213 905 5282 Λέγει
944 5215 1051 5284 γὰρ
1071 5252 1084 5277 ,
1124 5214 1204 5266 ὅτι
1251 5211 1338 5264 Ἐν
1370 5213 1509 5280 ἀρχῇ
1534 5205 1620 5282 ἦν,
1655 5210 1907 5281 καὶπρὸς

332 5305 431 5354 τὸν
459 5304 590 5356 Θεὸν
615 5301 702 5374 ἦν,
733 5307 827 5358 καὶ
857 5305 986 5368 Θεὸς
1011 5301 1100 5376 ἦν,
1141 5305 1233 5357 καὶ
1263 5304 1379 5372 φῶς
1412 5299 1501 5375 ἦν,
1538 5304 1632 5356 καὶ
1666 5303 1778 5372 ζωὴ
1813 5305 1908 5358 καὶ

332 5393 588 5459 ἀλήθεια.
621 5395 713 5446 καὶ
742 5395 919 5448 πάντα
948 5397 1014 5448 τὰ
1042 5394 1221 5463 ἀγαθὰ
1250 5394 1478 5447 πάντοτε
1507 5388 1596 5464 ἦν,
1628 5393 1720 5446 καὶ
1758 5393 1908 5445 οὐδὲν

331 5483 593 5538 οὐδέποτέ
627 5502 677 5538 τι
705 5485 812 5538 τῶν
841 5486 1019 5540 καλῶν
1048 5487 1147 5540 οὐκ
1177 5481 1276 5556 ἦν,
1315 5487 1343 5539 ό
1370 5487 1583 5540 πάντων
1609 5485 1716 5538 τῶν
1762 5487 1900 5555 ἀγα-

2013 5138 2390 5179 numeramus.
2433 5121 2644 5177 Etenim
2687 5138 2916 5193 magnus
2953 5121 3193 5178 Joannes
3238 5125 3574 5194 unigenitum

2016 5215 2183 5271 Deum
2211 5229 2312 5268 suo
2363 5214 2635 5284 praeconio
2697 5215 3054 5278 annuntians,
3111 5230 3270 5270 suum
3322 5218 3577 5272 omnibus

2015 5304 2193 5360 modis
2223 5305 2510 5372 praenmnit
2539 5317 2872 5366 sermonem,
2899 5312 2958 5357 ut
2991 5303 3174 5359 nullus
3203 5305 3274 5358 sit
3303 5305 3485 5360 aditus
3511 5306 3577 5359 ad

2019 5393 2328 5464 Opinionem
2355 5392 2764 5462 concipiendam
2788 5401 2978 5446 contra
3020 5393 3070 5447 id
3102 5397 3244 5463 quod
3276 5404 3359 5450 est
3401 5397 3578 5466 ipsum

2014 5500 2123 5539 non
2157 5481 2451 5554 aliquando
2482 5481 2680 5539 tuisse:
2713 5483 3032 5552 diciteuim,
3062 5485 3120 5542 ln
3155 5487 3579 5559 principioerat,

410 5656 432 5688 ⁸
455 5661 471 5680 '
495 5658 616 5716 lsai.
660 5678 780 5729 m,
830 5664 885 5720 5.
957 5665 978 5708 ι
1005 5662 1184 5719 Judic.
1219 5677 1337 5732 xm,
1369 5662 1456 5720 18.
1532 5663 1552 5698 ³
1577 5661 1722 5722 Psal.
1757 5661 1945 5733 cl,28.
2024 5664 2046 5698 δ
2080 5661 2240 5725 Deut.
2271 5679 2450 5737 xxxu,
2478 5667 2566 5726 l7.

269 5778 320 5796 -
