4002 6218
500 274 598 327 771

1665 308 1669 312 .
1735 264 1793 320 S.
1819 263 2147 322 CREGORII
2184 261 2470 320 NYSSENI

3617 269 3703 322 ⁵172

491 397 550 443 et
578 382 720 458 apud
753 383 919 440 Deum
949 389 1089 445 erat,
1124 389 1179 438 et
1221 380 1366 438 Deus
1407 386 1550 442 erat.
1580 386 1635 435 et
1653 379 1761 449 .lux
1831 389 1951 434 erat
1973 420 1988 444 ,
2014 390 2051 435 et

2170 378 2280 433 θῶν
2306 380 2367 434 τὸ
2387 379 2662 451 πλήρωμα
2691 377 2786 444 ὢν,
2812 379 2907 434 καὶ
2934 381 2993 434 ἐν
3018 381 3129 444 τοῖς
3150 380 3371 445 κόλποις
3395 376 3490 435 τοῦ
3519 383 3707 453 Πατρὶς

496 488 603 534 vtta
633 487 688 533 et
711 478 932 540 veritas,
953 483 1008 530 et
1032 474 1215 529 omnia
1247 473 1387 529 bona
1418 488 1635 543 semper
1663 482 1779 528 erat
1815 473 1867 526 δε
1901 484 1955 528 et
1979 473 2063 526 ni-

496 569 570 622 hil
602 581 840 636 unquam
887 563 1188 634 quidquam
1224 563 1493 617 bonorum
1529 575 1636 615 non
1661 569 1800 624 erat,
1841 560 1936 629 qui
1980 569 2063 615 est

494 660 735 716 omnium
782 659 1048 714 bonorum
1079 655 1382 726 plenitudo,
1415 662 1471 709 et
1516 653 1572 707 in
1623 653 1836 709 sinibus
1866 647 2064 708 Patris.

495 753 554 808 Si
618 753 785 822 igitur
832 749 1012 804 Moses
1043 749 1192 803 velut
1226 762 1369 803 vera:
1405 745 1634 800 Deitatis
1688 744 2057 799 characterem

494 845 730 913 aliqucnt
765 842 920 896 nobis
939 842 1054 909 lege
1075 839 1278 901 sanxit,
1310 836 1444 891 nihil
1471 850 1664 905 nempe
1691 835 1838 889 aliud
1860 835 1926 889 de
1951 834 2060 888 Deo

492 949 822 1005 cognoscere
865 947 1026 1000 quam
1059 931 1161 984 hoc
1186 929 1362 984 solum
1408 926 1554 997 quod
1594 936 1720 982 est:
1764 926 1869 981 hoc
1913 928 2055 980 enim

492 1027 856 1086 demonstrat,
885 1022 996 1092 Ego
1029 1037 1144 1074 sum
1175 1020 1263 1090 qui
1309 1035 1425 1072 sum
1477 1018 1516 1071 ‘.
1544 1019 1713 1073 Isaias
1746 1025 1924 1071 autem
1952 1032 2056 1070 un-

491 1115 657 1184 dique
686 1114 1008 1168 inﬁnitatern
1040 1111 1182 1165 entis
1212 1124 1314 1164 suo
1361 1109 1640 1179 praeconio
1692 1109 2056 1178 pronuntiat,

493 1222 668 1275 neque
698 1207 750 1258 in
786 1203 1072 1274 principio,
1107 1217 1286 1270 neque
1309 1201 1361 1254 in
1400 1200 1502 1254 ﬁne
1533 1215 1630 1255 ens
1663 1201 1716 1252 in
1771 1201 1882 1256 Deo
1913 1198 2055 1254 limi-

491 1306 662 1350 tntum
693 1306 745 1349 et
776 1296 1055 1349 deﬁnitum
1079 1294 1319 1348 intuens.
1360 1291 1496 1345 Nam
1532 1305 1654 1345 cum
1711 1288 1841 1342 (iiin
1877 1305 1889 1341 :
1947 1284 2056 1356 Ego

489 1393 690 1457 primus
718 1397 764 1440 et
794 1403 886 1455 ego
918 1394 1033 1454 post
1061 1383 1171 1437 lucc
1223 1385 1268 1448 ⁷,
1298 1382 1352 1437 in
1389 1389 1582 1436 neutro
1607 1377 1922 1434 atternitatis
1957 1387 2059 1431 ter-

489 1481 697 1534 minum
734 1477 946 1532 statuit.
977 1477 1052 1530 Ita
1087 1483 1146 1529 ut
1168 1489 1345 1542 neque
1371 1474 1437 1527 ad
1466 1473 1793 1543 principium
1825 1484 2056 1524 cernen-

488 1581 591 1634 tes,
633 1569 973 1623 inveniamus
1003 1567 1216 1636 signum
1254 1564 1469 1635 aliquod
1494 1579 1522 1617 a
1550 1578 1660 1633 quo
1704 1577 1826 1617 esse
1875 1576 2056 1628 cmpe-

488 1661 580 1728 rit,
607 1670 659 1714 et
693 1658 975 1728 postqttod
1009 1673 1117 1710 non
1139 1665 1296 1712 erat:
1335 1671 1513 1724 neque
1539 1655 1606 1707 ad
1639 1652 1689 1706 id
1720 1651 1866 1722 quod
1895 1651 2054 1704 dein-

2167 467 2262 523 ῶν.
2302 470 2365 523 Εἰ
2395 470 2576 524 τοίνυν
2606 470 2803 542 Μωσῆς
2838 472 2936 542 μὲν
2975 467 3086 526 οἶόν
3113 490 3237 526 τινα
3281 474 3596 544 χαρακτῆρα
3621 474 3710 544 τῆς

2166 559 2424 632 ἀληθινῆς
2467 561 2730 633 Θεότητος
2777 564 2908 634 ἡμῖν
2957 563 3256 634 νομοθετεῖ,
3288 564 3351 617 τὸ
3400 565 3562 636 μηδὲν
3599 565 3714 620 ἄλλο

2168 653 2298 723 περὶ
2320 651 2462 708 Θεοῦ
2488 653 2797 722 γινώσκειν.
2831 655 2865 726 ἢ
2893 654 3050 709 τοῦτο
3087 656 3246 726 μόνον
3280 657 3365 710 ὅτι
3391 656 3526 708 ἐστι.
3561 657 3714 709 Τοῦτο

2165 743 2274 814 γὰρ
2313 744 2646 799 ἐνδείκνυται
2683 747 2764 810 τὸ,
2785 746 2924 818 Ἐγώ
2946 749 3060 817 ειμι
3102 750 3138 802 d
3173 747 3278 801 ὢν.
3331 748 3556 811 Ἡσαΐας
3583 747 3632 800 δὲ
3657 747 3714 801 τὸ

2167 835 2504 905 πανταχόθεν
2541 837 2787 906 ἀόριστον
2823 839 2915 892 τοῦ
2953 838 3102 902 ὄντος
3141 838 3240 910 βοᾷ
3271 838 3348 909 τῷ
3385 838 3712 908 κηρύγματι,

2167 927 2305 997 μήτε
2337 926 2405 980 δι’
2441 928 2648 998 ἀρχῆς,
2687 929 2822 999 μήτε
2865 930 2954 984 διὰ
2994 929 3180 993 τέλους
3213 929 3423 999 βλέπων
3461 930 3522 983 τὸ
3552 929 3604 982 ὃν
3629 929 3717 982 ἐπὶ

2162 1015 2257 1070 τοῦ
2286 1017 2420 1071 Θεοῦ
2450 1017 2778 1088 ὁριζόμενον.
2797 1020 2855 1073 '0
2880 1019 2987 1091 γὰρ
3008 1020 3197 1086 εἰπὼν,
3223 1021 3303 1074 ὅτι
3339 1020 3487 1090 Ἐγὼ
3502 1020 3718 1088 πρῶτος

2163 1108 2262 1161 καὶ
2289 1110 2439 1176 μετὰ
2467 1109 2653 1164 ταῦτα
2671 1151 2685 1175 ,
2721 1112 2778 1164 ἐν
2807 1111 3075 1184 οὐθετέρῳ
3101 1113 3192 1166 τὸν
3219 1113 3342 1184 ὅρον
3369 1113 3468 1182 τῆς
3497 1113 3717 1183 ἀῐδιότη-

2161 1214 2252 1262 τος
2283 1199 2514 1270 ἵστησιν
2539 1200 2615 1265 ὡς
2647 1202 2787 1271 μήτε
2811 1203 2949 1274 πρὸς
2969 1207 3068 1274 τὴν
3088 1205 3260 1275 ἀρχὴν
3289 1205 3532 1275 ὁρῶντας
3551 1205 3718 1274 εὑρεῖν

2161 1307 2215 1342 τι
2247 1294 2475 1360 σημεῖον
2519 1293 2610 1361 ἀφ’
2658 1287 2720 1345 οὗ
2757 1295 2909 1359 ἐστι,
2945 1297 3044 1348 καὶ
3087 1295 3203 1365 μεθ’
3238 1291 3298 1349 οὗ
3329 1296 3426 1348 οὐκ
3465 1292 3554 1366 ἦν,
3589 1298 3718 1366 μήτε
3797 1314 3799 1316 ·

2163 1382 2300 1452 πρὸς
2346 1383 2407 1435 τὸ
2452 1385 2649 1455 ἑφεξῆς
2688 1387 2786 1457 τὴν
2825 1386 3064 1439 διάνοιαν
3113 1387 3442 1455 ἀνάγοντας,
3469 1389 3578 1457 ὅρῳ
3616 1387 3719 1442 τινὶ

2163 1472 2469 1526 διακόπτειν
2502 1473 2594 1526 τοῦ
2618 1475 2768 1540 ὄντος
2802 1475 2900 1547 τὴν
2939 1476 3031 1528 ἐπὶ
3056 1477 3118 1530 τὸ
3148 1476 3314 1530 ἀΐδιον
3348 1476 3596 1548 πρόοδον·
3627 1477 3719 1531 τοῦ

2161 1563 2217 1616 δὲ
2245 1567 2518 1635 προφήτου
2551 1567 2714 1620 Δαὸὶδ
2745 1569 3050 1638 πρόσφατόν
3079 1585 3131 1621 τι
3161 1570 3251 1622 καὶ
3295 1570 3568 1640 ἀλλότριον
3603 1569 3721 1622 θεὸν

2167 1657 2586 1725 προσκυνεῖσθαι
2614 1660 3046 1730 ἀπαγορεύοντος
3066 1701 3080 1721 ,
3115 1654 3190 1714 ὧν
3228 1661 3486 1732 ἑκάτερον
3514 1662 3572 1713 ἐν
3615 1663 3720 1724 τοῖς

488 1723 615 1819 c’eps
649 1723 900 1818 sequitur
942 1747 1358 1817 intelligentiam
1400 1723 1758 1816 aippellcntcs,
1823 1743 2051 1795 termino

2156 1723 2416 1816 δόγμασίν
2438 1750 2554 1802 ἐστι
2579 1751 2679 1821 τῆς
2710 1723 2990 1822 αίρεσεως.
3034 1753 3123 1805 Ἐν
3155 1753 3252 1823 μὲν
3275 1753 3352 1823 τῷ
3479 1753 3626 1823 ἀϊδίῳ
3661 1753 3724 1806 τὸ

487 1840 675 1908 aliquo
705 1840 823 1908 ejus
866 1837 1012 1907 quod
1055 1844 1139 1890 est
1187 1835 1580 1891 intercidamus
1635 1848 1950 1905 processum
2002 1832 2055 1886 in

485 1942 763 1987 internum.
815 1931 950 1986 Cum
968 1929 1270 2000 praesertim
1303 1926 1468 1980 David
1498 1927 1759 1995 propheta
1785 1934 2055 1980 recentem

2165 1837 2497 1907 πρόσφατον,
2545 1842 2602 1893 ἐν
2628 1841 2682 1893 δὲ
2711 1841 2789 1912 τῷ
2812 1845 2912 1913 τῆς
2935 1842 3028 1896 τοῦ
3055 1843 3310 1915 ἀληθινοῦ
3343 1843 3478 1896 Θεοῦ
3515 1843 3720 1910 φύσεως

2164 1927 2554 1994 ἀπεξενῶσθαι,
2582 1933 2642 1985 τὸ
2661 1933 2936 2005 ἀλλότριον
2964 1935 3146 2004 σαφῶς
3179 1936 3554 1988 ἐπιδείκνυται.

482 2037 536 2080 et
557 2028 790 2081 alienum
830 2024 988 2078 deum
1009 2022 1234 2075 adorare
1261 2028 1406 2074 vetet
1433 2020 1488 2073 ⁸;
1518 2019 1570 2072 in
1589 2033 1818 2087 quorum
1839 2031 2129 2086 utrumque
2145 2021 2450 2092 impingunt
2466 2023 2736 2081 haereseos
2754 2026 3026 2097 dogmata.
3050 2025 3183 2080 Nam
3203 2027 3256 2080 in
3273 2043 3336 2082 eo
3353 2027 3496 2098 quod
3514 2026 3721 2092 dicunt,

489 2134 598 2174 non
639 2133 762 2172 esse
787 2124 1071 2175 aeternum.
1107 2122 1378 2167 recentem
1403 2151 1420 2176 ,
1455 2112 1508 2164 in
1539 2127 1604 2166 eo
1639 2111 1782 2180 quod
1815 2119 2056 2164 anatura
2078 2114 2187 2168 veri
2241 2115 2336 2170 Dei
2384 2117 2792 2183 abhorrentem,
2843 2121 3079 2174 alienum
3115 2132 3301 2191 aperte
3325 2122 3718 2176 demonstrant.

559 2209 683 2262 llaec
707 2207 874 2276 igitur
888 2222 1011 2260 cum
1043 2207 1114 2258 ita
1141 2221 1202 2260 se
1229 2204 1485 2266 habeant,
1504 2201 1768 2272 quidquid
1795 2201 2065 2269 ejusmodi

487 2316 584 2370 per
625 2296 849 2353 cavillos
894 2304 1250 2367 praestruunt,
1293 2294 1436 2363 quod
1474 2293 1726 2348 videlicet
1769 2293 2063 2362 aliquando

486 2409 595 2448 non
627 2392 790 2446 fuerit
820 2391 909 2446 ille
937 2389 1030 2460 qui
1061 2404 1190 2443 vere
1214 2396 1319 2450 est,
1350 2387 1482 2441 nihil
1509 2385 1656 2440 aliud
1691 2400 1855 2455 quam
1885 2393 2064 2439 trans-

483 2486 822 2557 gressionem
853 2481 1288 2543 Christianismi,
1319 2488 1372 2534 et
1395 2479 1462 2532 ad
1497 2479 1764 2532 idolorum
1790 2477 2060 2531 culturam

484 2579 850 2630 reversionem
877 2587 1000 2628 esse
1022 2572 1333 2626 deﬁnimus.
1369 2569 1506 2623 Cum
1538 2569 1684 2622 enim
1723 2567 2060 2636 evangelista

483 2683 582 2737 per
610 2665 940 2734 theologiam
976 2663 1216 2731 undique
1251 2677 1315 2715 ex
1356 2675 1422 2714 eo
1449 2659 1592 2728 quod
1621 2667 1727 2722 est,
1759 2660 1904 2728 quod
1943 2673 2051 2711 non

483 2769 568 2815 est
616 2755 1015 2817 exterminarit,
1076 2766 1129 2807 et
1178 2768 1274 2822 per
1327 2753 1641 2806 continuam
1689 2751 1866 2813 verbi,
1913 2761 2049 2814 erat,

483 2852 886 2921 repetitionem,
917 2846 1060 2916 quod
1095 2862 1202 2898 non
1238 2845 1330 2906 sit,
1357 2842 1671 2912 suspicandi
1700 2843 2049 2896 occasionem

483 2942 771 3011 diligenter
817 2937 1162 3006 expunxerit,
1201 2935 1380 3004 ipsum
1431 2947 1559 2987 vero
1593 2931 1972 3002 Unigenitnm,
1996 2941 2052 2987 et

483 3031 676 3097 Deum,
722 3038 777 3082 et
810 3027 1043 3083 Verbum
1085 3026 1196 3088 Dei,
1235 3033 1288 3089 et
1327 3022 1524 3078 Filium
1559 3022 1672 3085 Dei.
1704 3032 1757 3076 et
1787 3023 2046 3092 aqualem

485 3125 616 3188 Deo,
651 3133 705 3178 et
733 3123 912 3177 omnia
950 3137 1071 3191 quae
1097 3126 1226 3175 sunt
1269 3117 1586 3187 hujnsmodi
1633 3117 1836 3186 ubique
1875 3116 2052 3169 nomi-

482 3217 716 3278 naverit,
762 3215 978 3267 ﬁrmum
1012 3213 1278 3266 habemus
1329 3211 1433 3264 ltoc
1480 3210 1532 3263 in
1567 3209 1864 3278 no‘bisipsis
1900 3207 2052 3277 judi-

480 3308 626 3364 cium
659 3314 821 3375 atque
855 3304 1211 3366 immutabile,
1249 3301 1394 3371 quod
1443 3301 1489 3354 si
1521 3299 1665 3354 Dens
1699 3309 1780 3355 est
1811 3301 2053 3369 unigeni-

479 3407 573 3456 tus
608 3400 771 3460 Dens,
802 3411 1017 3466 semper
1045 3395 1377 3449 credendum
1408 3401 1493 3449 est
1525 3393 1706 3462 ipsum
1735 3407 1857 3447 esse
1879 3391 2050 3446 Deum

479 3494 574 3564 qui
612 3489 855 3546 creditus
886 3494 988 3542 est.
1022 3485 1333 3552 Quinetiam
1373 3484 1417 3540 si
1441 3499 1566 3540 vere
1591 3493 1674 3540 est
1709 3484 1874 3550 Deus,
1902 3499 2049 3540 sem-
2091 3531 2096 3534 .

479 3599 577 3656 per
607 3582 832 3637 omnino
862 3587 965 3644 est,
997 3587 1050 3634 et
1079 3592 1358 3647 nunquam
1389 3591 1497 3630 non
1538 3588 1663 3631 esse
1690 3575 2050 3644 comprehen-

478 3677 649 3731 ditur.
707 3673 848 3730 Deus
894 3672 1061 3736 enim,
1117 3669 1261 3725 sicut
1309 3683 1453 3739 szepe
1503 3666 1766 3730 diximus,
1809 3667 1854 3721 si
1901 3679 2048 3720 nunc

477 3775 584 3832 est,
636 3774 692 3822 et
736 3777 956 3834 semper
1000 3762 1226 3816 omnino
1273 3760 1376 3814 fuit
1416 3758 1609 3830 :quod
1655 3759 1704 3814 si
1751 3757 2048 3829 aliquando

477 3877 583 3916 non
618 3857 742 3922 fuit,
774 3856 909 3910 nihil
950 3869 1097 3909 nunc
1125 3860 1206 3908 est
1233 3852 1500 3907 funditus.
1537 3850 1641 3906 Sed
1668 3850 1926 3920 quoniam
1959 3847 2051 3902 Fi-

478 3951 609 4003 lium
640 3963 763 4003 esse
801 3946 1141 4016 unigenitum
1179 3943 1343 3996 Deum
1379 3949 1431 3996 et
1474 3940 1526 3995 in
1573 3949 1891 4010 perpetuum
1923 3954 2050 4010 per-

475 4054 724 4102 manere,
773 4038 934 4092 etiam
981 4037 1050 4090 ab
1098 4034 1340 4089 inimicis
1379 4031 1628 4087 veritatis
1677 4031 2044 4087 conceditur:

477 4133 584 4187 hoc
631 4130 865 4186 dicimus
899 4127 1046 4198 quod
1080 4126 1173 4196 qui
1218 4139 1437 4195 semper
1468 4131 1552 4179 est
1593 4125 1649 4178 in
1699 4121 1883 4188 Patre,
1936 4136 2046 4178 non

476 4222 780 4281 secundum
816 4235 985 4274 unum
1031 4219 1205 4274 solum
1239 4226 1324 4272 est
1352 4220 1406 4271 in
1440 4216 1582 4287 ipso,
1618 4215 1714 4270 sed
1742 4213 2042 4270 secundum

476 4315 662 4370 omnia
691 4328 812 4384 qua:
837 4313 1000 4366 Pater
1027 4326 1148 4366 esse
1172 4310 1513 4380 intelligitur,
1547 4323 1641 4379 per
1668 4308 1851 4362 omnia
1881 4306 2044 4362 estin

479 4407 623 4477 ipso.
656 4402 1127 4470 Quemadmodum
1162 4399 1328 4470 igitur
1357 4399 1405 4454 is
1427 4401 1518 4470 qui
1551 4399 1604 4453 in
1631 4399 2044 4469 incorruptione

475 4496 658 4552 Patris
697 4502 805 4559 est,
847 4489 1286 4561 incorruptibilis
1347 4499 1432 4545 est
1478 4497 1532 4544 et
1577 4488 1633 4543 in
1660 4489 1908 4543 bonitate
1943 4488 2042 4542 bo-

473 4604 602 4653 nus,
636 4594 691 4642 et
733 4587 787 4640 in
836 4588 1105 4655 potestate
1151 4588 1364 4650 potens,
1396 4585 1451 4634 et
1499 4579 1556 4634 in
1585 4593 1804 4650 quoque
1851 4592 2042 4633 eorum

474 4693 596 4751 quae
629 4674 1009 4747 praestantiora
1041 4671 1096 4726 in
1127 4668 1287 4724 Patre
1313 4668 1714 4738 intelliguntur,
1746 4666 1880 4722 illttd
1908 4675 1994 4723 est
2023 4682 2038 4720 :

356 4746 368 4756 ’
476 4746 558 4825 sic
609 4746 774 4824 etiam
821 4765 915 4835 qtti
967 4763 1022 4818 in
1081 4761 1386 4818 aeternitate
1437 4760 1616 4816 Patris
1655 4769 1759 4826 est,
1817 4759 2042 4815 omnino

473 4869 714 4915 aternus
762 4864 868 4911 est.
909 4853 1089 4910 Patris
1133 4860 1313 4909 autem
1359 4851 1640 4908 aeternitas
1672 4851 1801 4907 inde
1848 4851 2041 4923 digno-

474 4951 672 5013 scitur,
704 4945 850 5017 quod
882 4944 1136 5001 videlicet
1171 4959 1349 5014 neque
1387 4959 1450 4999 ex
1485 4959 1595 4998 non
1625 4950 1748 4998 ente
1786 4945 2038 5013 cmperit,

473 5055 650 5112 neque
700 5039 755 5094 in
792 5037 846 5094 id
891 5035 1037 5109 quod
1091 5050 1200 5091 non
1227 5045 1310 5090 est
1351 5034 1584 5090 desinat.
1622 5031 1764 5103 Ergo
1806 5034 1898 5088 ille
1945 5033 2038 5102 qui

471 5133 654 5189 omnia
684 5148 804 5204 quae
831 5139 959 5187 sunt
986 5128 1164 5184 Patris
1199 5128 1383 5192 habet,
1415 5135 1580 5197 atque
1609 5126 1662 5180 in
1690 5126 1838 5181 omni
1865 5125 2037 5197 gloria

471 5220 651 5276 Patris
702 5221 1107 5284 consideratur,
1152 5215 1612 5288 quemadmodum
1654 5217 1928 5271 exsistens
1979 5219 2036 5270 ln

473 5311 579 5362 vita
613 5310 790 5366 Patris
819 5309 922 5364 ﬁne
948 5309 1210 5374 carentis,
1237 5307 1397 5363 ﬁnem
1428 5306 1551 5361 vita:
1587 5321 1694 5361 non
1720 5307 1882 5362 habet
1913 5325 1927 5360 :
1956 5307 2038 5362 sic

472 5401 526 5456 in
563 5403 720 5458 Patre
748 5403 1012 5472 originem
1045 5417 1149 5457 non
1176 5400 1433 5464 habente,
1460 5399 1671 5455 dierum
1705 5399 2033 5469 principium

471 5508 579 5548 non
611 5493 789 5559 habet,
823 5494 967 5550 sicut
995 5493 1170 5565 inquit
1200 5493 1496 5562 Apostolus
1537 5492 1585 5558 ',
1621 5491 1715 5547 sed
1747 5501 1800 5548 et
1835 5506 1899 5548 ex
1933 5491 2034 5547 Pa-

2233 2207 2452 2286 Τούτων
2495 2207 2590 2264 οὖν
2631 2211 2805 2276 οὕτως
2849 2212 3099 2288 ἑχόντων,
3141 2215 3321 2267 πᾶσαν
3355 2213 3452 2284 τὴν
3497 2214 3581 2266 διὰ
3618 2215 3724 2268 τῶν

2161 2289 2512 2369 σοφισμάτων
2539 2304 2884 2374 κατασκευὴν
2917 2303 3014 2375 τὴν
3043 2305 3171 2375 περὶ
3196 2304 3289 2358 τοῦ
3329 2305 3404 2374 μὴ
3428 2302 3565 2356 εἷναί
3597 2319 3720 2356 ποτε

2158 2387 2250 2440 τὸν
2281 2388 2450 2453 ὄντως
2477 2390 2607 2446 ὄντα
2630 2433 2645 2457 ,
2669 2393 2822 2446 οὐδὲν
2859 2392 2986 2447 ἄλλο
3022 2395 3054 2464 ἢ
3108 2395 3416 2466 παράϐασιν
3465 2394 3557 2447 τοῦ
3592 2393 3724 2466 Χρι-

2161 2481 2504 2551 στιανισμοῦ,
2528 2483 2624 2536 καὶ
2647 2484 2851 2556 τροπὴν
2867 2486 2946 2548 εἰς
2974 2485 3375 2557 εἰδωλολατρίαν
3401 2481 3538 2539 εἷναι
3563 2485 3724 2557 διορι-

2157 2569 2386 2638 ζόμεθα.
2432 2571 2541 2625 Τοῦ
2589 2574 2698 2644 γὰρ
2744 2575 3126 2644 εὐαγγελιστοῦ
3167 2576 3256 2629 διὰ
3305 2577 3403 2646 τῆς
3453 2576 3723 2643 θεολογίας

2160 2662 2495 2732 πανταχόθεν
2530 2664 2870 2734 ὲξορίσαντος
2899 2667 2960 2719 τὸ
2989 2666 3064 2737 μὴ
3096 2667 3156 2720 ὃν
3188 2669 3255 2720 ὲκ
3291 2666 3382 2720 τοῦ
3410 2666 3562 2729 ὄντος
3584 2707 3600 2730 ,
3631 2666 3724 2719 καὶ

2157 2749 2245 2805 διὰ
2281 2751 2382 2821 τῆς
2421 2755 2674 2826 συνεχοῦς
2704 2757 2797 2809 τοῦ
2833 2750 2912 2832 ᾖν
2938 2759 3328 2830 ἐπαναλῄψεως
3366 2758 3466 2832 τὴν
3508 2760 3601 2813 τοῦ
3649 2759 3723 2830 μὴ

2157 2839 2296 2896 εἶναι
2334 2845 2586 2900 ὑπόνοιαν
2629 2848 2904 2918 ἐπιμελῶς
2933 2849 3331 2922 ἐξαλείψαντος,
3374 2853 3634 2924 μονογενῆ
3667 2853 3726 2906 δὲ

2156 2932 2309 2994 Θεὸν.
2344 2936 2438 2989 καὶ⁹
2457 2937 2625 3006 Λόγον
2647 2939 2799 3004 Θεοῦ,
2829 2941 2924 2994 καὶ
2956 2941 3084 2995 Υἱὸν
3115 2942 3273 3006 Θεοῦ,
3308 2943 3401 2996 καὶ
3425 2937 3545 2996 ἴσον
3578 2943 3720 3013 Θεῷ,

2156 3027 2251 3080 καὶ
2284 3028 2462 3082 πάντα
2486 3031 2554 3083 τὰ
2582 3031 2801 3084 τοιαῦτα
2829 3033 3316 3104 κατονομάσαντος,
3348 3033 3554 3102 παγίαν
3593 3034 3718 3104 ἐχο-

2157 3134 2258 3186 μεν
2292 3122 2496 3190 ταύτην
2529 3123 2587 3174 ὲν
2630 3123 2842 3187 ἑαυτοῖς
2884 3125 2984 3196 τὴν
3025 3125 3205 3196 κρίσιν
3238 3127 3330 3178 καὶ
3364 3125 3726 3196 ἀμετάθετον,

2152 3209 2234 3262 δτι
2257 3211 2305 3262 εί
2335 3210 2467 3274 Θεός
2493 3212 2638 3265 ἐστιν
2657 3215 2685 3266 ὁ
2716 3214 3010 3287 μονογενὴς
3032 3215 3184 3281 Θεὸς,
3207 3217 3294 3268 ἀεὶ
3320 3217 3424 3286 χρὴ
3448 3215 3729 3269 πιστεύειν

2151 3296 2314 3349 αὐτὸν
2359 3293 2500 3352 εἶναι
2544 3300 2636 3353 τὸν
2696 3301 2829 3356 Θεὸν
2882 3305 3330 3375 πεπιστευμένον.
3397 3306 3558 3360 Ἀλλὰ
3617 3307 3728 3378 μὴν

2151 3386 2366 3458 ἀληθῶς
2413 3389 2530 3442 ἐστι
2565 3390 2728 3457 Θεὸς,
2765 3393 2852 3446 ἀεὶ
2877 3395 3054 3448 πάντα
3080 3397 3217 3459 ἐστὶ,
3256 3397 3349 3450 καὶ
3376 3397 3634 3452 οὐδέποτε
3665 3400 3722 3451 ἓν

2149 3477 2227 3548 τῷ
2255 3478 2329 3550 μὴ
2358 3475 2496 3534 εῖναι
2527 3482 3018 3553 καταλαμὸἀνεται.
3051 3487 3181 3552 Θεὸς
3209 3489 3340 3560 γὰρ,
3370 3487 3558 3552 καθὼς
3590 3490 3730 3543 πολ-

2150 3565 2307 3631 λάκις
2339 3569 2657 3642 εἰρήκαμεν,
2685 3575 2745 3627 ἐἰ
2775 3575 2871 3629 νῦν
2900 3578 3038 3641 ἐστι,
3062 3579 3156 3632 καὶ
3184 3581 3271 3632 ἀεὶ
3301 3581 3520 3647 πάντως
3544 3577 3638 3655 ἦν,
3679 3585 3728 3637 εί

2148 3659 2206 3712 δὲ
2235 3678 2365 3714 ποτε
2395 3663 2469 3735 μὴ
2496 3660 2584 3735 ἦν,
2605 3667 2726 3720 οὐδὲ
2747 3668 2840 3723 νῦν
2871 3671 3018 3724 ἐστιν
3047 3671 3200 3735 ὅλως.
3249 3672 3390 3726 Ἀλλ’
3420 3676 3612 3748 ἐπειδὴ
3635 3677 3732 3730 τὸν

2151 3751 2280 3806 Υἱὸν
2305 3750 2443 3810 εῖναι
2486 3758 2578 3811 τὸν
2613 3761 2878 3832 μονογενῆ
2922 3762 3056 3817 Θεὸν
3082 3764 3175 3816 καὶ⁵
3223 3765 3397 3820 εἰσαεὶ⁵
3424 3766 3729 3838 διαμένειν,

2149 3844 2245 3898 καὶ
2285 3847 2438 3917 παρά
2480 3849 2591 3904 τῶν
2625 3851 2834 3923 ἐχθρῶν
2884 3855 2984 3924 τῆς
3032 3854 3290 3925 ἀληθείας
3336 3858 3727 3928 ὁμολογεῖται·

2147 3936 2306 3991 τοῦτό
2361 3955 2559 4010 φαμεν,
2605 3942 2686 3996 ὅτι
2720 3945 2748 3997 ό
2785 3946 2844 3997 ὲν
2893 3944 2971 4017 τῷ
3013 3947 3188 4018 Πατρὶ
3245 3947 3355 4012 ὢν,
3397 3949 3460 4002 οὔ
3497 3950 3625 4004 καθ’
3670 3950 3732 4004 ιν

2153 4027 2312 4098 μόνον
2343 4030 2490 4086 ἐστὶν
2521 4032 2580 4086 ὲν
2620 4033 2768 4105 αὺτῷ
2790 4073 2806 4096 ,
2848 4035 2982 4089 ἀλλά
3007 4039 3148 4091 κατά
3186 4040 3362 4093 πάντα
3389 4042 3492 4094 ὅσα
3525 4045 3733 4096 νοεῖται

2148 4117 2179 4169 ό
2207 4118 2416 4190 Πατὴρ,
2447 4120 2537 4175 διά
2579 4125 2795 4178 πάντων
2835 4126 2984 4180 ἐστὶν
3013 4128 3070 4180 ὲν
3110 4128 3276 4198 αὐτῷ.
3324 4129 3413 4193 Ὠς
3440 4127 3537 4184 οὖν
3566 4133 3628 4184 ὲν
3652 4131 3733 4201 τῷ

2149 4209 2409 4284 ἀφθάρτῳ
2437 4213 2530 4268 τοῦ
2576 4217 2787 4288 Πατρὸς
2825 4217 2921 4284 ῶν,
2952 4218 3226 4291 ἄφθαρτός
3260 4221 3407 4283 ἐστι,
3433 4224 3530 4276 καὶ
3565 4224 3630 4278 ἐν
3653 4223 3734 4294 τῷ

2149 4301 2340 4372 ἀγαθῷ
2384 4303 2616 4372 ἀγαθὸς,
2646 4308 2740 4360 καὶ⁸
2783 4309 2840 4362 ὲν
2867 4308 2946 4380 τῷ
2984 4309 3195 4381 δυνατῷ
3235 4309 3494 4376 δυνατὸς,
3525 4315 3626 4367 καὶ
3672 4315 3733 4367 ὲν

2151 4391 2365 4464 ἑκάστῳ
2395 4394 2472 4449 ὢν
2499 4395 2608 4452 τῶν
2636 4398 2773 4469 πρὸς
2804 4399 2864 4454 τὸ
2892 4405 3140 4473 κρεῖττον
3167 4404 3225 4455 ὲν
3252 4404 3331 4476 τῷ
3365 4406 3545 4478 Πατρὶ
3571 4423 3733 4459 vocu-

2154 4481 2351 4552 μένων,
2377 4483 2554 4539 ἐκεῖνό
2591 4487 2738 4542 ἐστιν
2757 4505 2772 4520 ο
2797 4489 2970 4555 οὕτως
3001 4493 3094 4546 καὶ
3123 4493 3181 4545 ὲν
3205 4493 3284 4564 τῷ
3322 4495 3482 4566 ἀϊδίῳ
3505 4498 3733 4559 πάντως

2153 4575 2344 4640 ἀΐδιος.
2379 4575 2446 4629 Ἦ
2469 4577 2526 4630 δὲ
2551 4577 2644 4631 τοῦ
2683 4579 2896 4652 Πατρὸς
2920 4581 3161 4654 ἀῐδιότης
3183 4584 3242 4636 ὲν
3271 4583 3348 4654 τῷ
3374 4586 3512 4656 μήτε
3537 4587 3607 4640 ἐκ
3631 4585 3731 4640 τοῦ

2151 4665 2228 4736 μὴ
2284 4664 2436 4730 ὄντος
2477 4666 2781 4738 ἄρξασθαι,
2836 4671 2972 4742 μήτε
3025 4673 3108 4736 είς
3159 4674 3222 4727 τὸ
3265 4675 3339 4745 μὴ
3380 4675 3441 4729 ὃν
3486 4676 3732 4746 καταλήο

2148 4773 2266 4824 γειν
2314 4757 2655 4831 γνωρίζεται.
2703 4760 2913 4815 Οὐκοῦν
2941 4763 2971 4816 ό
3006 4762 3222 4828 πάντως
3251 4764 3321 4817 τὰ
3365 4765 3459 4818 τοῦ
3505 4767 3731 4836 Πατρὸς

2143 4846 2304 4918 ἔχων,
2353 4849 2449 4903 καὶ
2496 4851 2555 4904 ἐν
2602 4850 2751 4924 πάσῃ
2793 4854 2858 4924 τῇ
2908 4851 3034 4926 δόξῃ
3077 4853 3172 4907 τοῦ
3219 4855 3430 4926 Πατρός
3483 4856 3726 4928 θεωρού-

2145 4955 2304 5010 μενος
2334 4981 2350 5007 ,
2407 4939 2594 5013 ῶσπερ
2640 4943 2699 4996 ὲν
2731 4942 2809 5014 τῷ
2855 4944 3195 5015 ἀτελευτήτῳ
3222 4945 3314 4999 τοῦ
3354 4947 3569 5017 Πατρὸς
3616 4947 3718 5007 ὣν,

2143 5030 2291 5100 ζωῆς
2325 5032 2478 5096 τέλος
2507 5033 2607 5086 οὐκ
2635 5031 2748 5103 ἔχει
2773 5051 2788 5065 ο
2835 5033 2977 5088 οὕτω
3015 5036 3110 5089 καὶ
3147 5037 3204 5090 ὲν
3235 5035 3316 5106 τῷ
3359 5037 3580 5109 ἀνάρχῳ
3618 5035 3718 5090 τοῦ

2145 5120 2360 5191 Πατρὸς
2389 5122 2485 5187 ὢν,
2516 5122 2689 5196 ἀρχὴν
2713 5124 2935 5197 ἡμερῶν
2971 5127 3070 5180 οὐκ
3095 5125 3207 5198 ἔχει
3233 5168 3248 5192 ,
3280 5128 3462 5194 καθώς
3487 5145 3654 5199 φησιν
3686 5128 3716 5178 ὁ

2157 5210 2494 5276 Ἀπόστολος,
2524 5214 2658 5268 ἀλλά
2686 5214 2778 5268 καὶ
2808 5216 2872 5269 ὲκ
2895 5216 2990 5270 τοῦ
3021 5217 3232 5289 Πατρός
3259 5219 3397 5282 ἐστι,
3429 5220 3518 5272 καὶ
3541 5220 3604 5270 ὲν
3643 5218 3709 5285 τῇ

2143 5300 2402 5371 ἀῐδιότητι
2422 5302 2516 5356 τοῦ
2552 5303 2763 5375 Πατρὸς
2798 5305 3115 5377 καθορᾶται,
3147 5307 3240 5360 καὶ
3266 5308 3442 5378 τούτῳ
3472 5309 3711 5378 μάλιστα

2141 5388 2220 5458 τῷ
2249 5391 2452 5462 τρόπῳ,
2475 5393 2536 5446 τὸ
2557 5393 2644 5447 διά
2672 5395 2887 5450 πάντων
2913 5395 3011 5466 τῆς
3035 5397 3238 5460 εἰκόνος
3269 5399 3703 5469 ἀπαράλλακτον,

2138 5478 2274 5549 πρὸς
2303 5480 2392 5533 τὸν
2423 5475 2483 5536 οὗ
2503 5483 2650 5538 ἐστιν
2668 5484 2851 5552 εἰκὼν,
2883 5484 3186 5556 θεωρεῖται.
3205 5488 3317 5541 Καὶ
3340 5487 3534 5560 ἀληθής
3553 5486 3584 5537 ὁ
3606 5480 3704 5537 λό’

532 5649 551 5680 ⁸
594 5649 801 5715 Joan.t,
836 5651 862 5706 ι
919 5667 1041 5720 sqq.
1118 5652 1138 5684 ⁸
1165 5651 1335 5712 Exod.
1371 5670 1456 5723 ιιι,
1494 5655 1580 5712 Η.
1633 5657 1680 5732 ,⁷
1719 5657 1858 5731 _l_sai.
1892 5673 2016 5729 xcv,

2182 5659 2204 5693 ⁸
2241 5657 2384 5716 Psal.
2416 5673 2581 5728 ωαχ,
2619 5660 2676 5718 9.
2740 5663 2761 5696 '
2803 5659 2968 5720 Hebr.
3008 5677 3107 5727 vn.
3141 5663 3196 5720 5.
