4002 6218
265 279 372 338 775

1353 281 1630 339 CONTRA
1670 279 2055 348 EUNOMIUM,
2099 281 2228 338 LIB.
2273 277 2400 340 Vl".

3435 284 3538 344 ττι

264 408 358 460 γος
388 392 448 444 ὲν
475 389 686 454 τούτοις
717 389 1059 462 εὑρίσκεται,
1097 393 1124 446 6
1150 391 1340 457 εἰπὼν,
1371 395 1452 448 ὅτι
1484 396 1512 448 6
1551 390 1842 464 Ἑωρακὼς

1951 400 2038 448 tre
2069 399 2175 460 est,
2220 399 2273 448 et
2308 391 2365 448 in
2413 389 2593 447 Patris
2622 390 2926 449 aeternitate
2955 393 3312 468 conspicitur,
3345 408 3399 455 et
3431 400 3537 457 hoc

263 485 364 552 ἐμὲ
378 481 602 550 ἑώρακε
618 483 726 536 τὸν
741 483 988 552 Πατέρα.
1022 485 1180 540 ’Λλλά
1205 486 1376 540 καὶτὸ
1398 486 1547 557 παρά
1575 485 1668 541 τοῦ
1685 488 1848 540 Ἀπο-

265 576 452 629 στόλου
476 575 768 645 εἰρημένον
823 574 995 640 οὕτως
1029 577 1097 630 ἂν
1131 575 1366 646 μάλιστα
1393 577 1607 648 νοηθείη
1625 619 1640 643 ,
1667 576 1848 641 καλῶς

264 669 354 720 καὶ
384 667 682 738 προσφυῶς
705 665 826 737 ἕχον
838 706 854 732 ,
885 666 946 720 16
964 667 1302 738 ἀπαύγασμα
1321 663 1457 723 εἶναι
1476 669 1573 740 τῆς
1589 669 1744 741 δόξης
1757 669 1850 723 καὶ

273 757 603 829 χαρακτῆρα
629 758 733 828 τῆς
764 757 1118 825 ὑποστάσεως
1145 760 1236 814 16v
1265 760 1412 815 Υίόν.
1439 761 1565 825 Τοῖς
1593 760 1700 833 γὰρ
1727 761 1851 814 ἀδυ-

265 850 519 904 νατοῦσιν
559 850 653 903 ἐπὶ
685 849 744 902 16
778 848 911 920 ’ὑψος
953 851 1052 922 τῆς
1094 851 1427 920 θεογνωσίας
1466 851 1560 906 τὸν
1591 852 1850 924 λογισμὸν

262 943 491 1009 ἀγαγεῖν
517 941 604 995 διά
625 942 725 1012 τῆς
748 943 857 996 τῶν
884 942 1091 1013 νοητῶν
1112 942 1344 1015 θεωρίας
1364 959 1378 973 ο
1402 943 1613 1008 τούτοις
1650 944 1714 996 ὲκ
1741 943 1850 997 τῶν

261 1037 328 1104 τῇ
359 1033 612 1103 αἰσθήσει
640 1035 1086 1105 προφαινομένων
1107 1036 1329 1106 ἐμποιεῖ
1353 1053 1474 1090 τινα
1493 1039 1605 1100 τοῖς
1622 1036 1851 1090 ἀκούου-

261 1143 345 1178 σιν
375 1128 404 1179 6
444 1125 766 1190 ’Λπόστολος
783 1129 878 1181 τοῦ
905 1126 1141 1198 ἀληθοῦς
1174 1127 1498 1196 φαντασίαν.
1534 1127 1622 1193 Ὠς
1651 1129 1760 1199 γὰρ
1788 1128 1850 1182 16

259 1218 485 1286 ἡλιακὸν
525 1218 684 1288 σῶμα
714 1217 820 1289 ὅλῳ
843 1219 922 1290 τῷ
949 1219 1259 1290 περιέχοντι
1293 1219 1478 1291 κύκλῳ
1503 1221 1850 1292 χαρακτηρί-

261 1311 439 1372 ζεται,
462 1310 553 1362 καὶ
586 1312 614 1362 6
635 1309 724 1363 τὸν
755 1309 954 1363 κύκλον
978 1309 1124 1374 ἰδὼν,
1148 1309 1271 1363 ὅλου
1297 1308 1392 1363 τοῦ
1423 1311 1563 1364 κατὰ
1590 1311 1650 1364 16
1682 1311 1846 1380 βάθος

261 1399 628 1470 ὑποκειμένου
657 1402 757 1472 τὴν
798 1401 1096 1456 ὑπόστασιν
1137 1401 1226 1455 διὰ
1250 1402 1345 1455 τοῦ
1377 1403 1702 1474 φαινομένου
1763 1405 1850 1457 ἀν-

259 1491 408 1558 ελογὶ
417 1509 543 1544 σατο
562 1509 574 1520 ’
605 1493 777 1556 οὑτως
794 1491 946 1546 εἶπεν
968 1495 1024 1547 ὲν
1041 1493 1120 1565 τῷ
1140 1495 1360 1564 μεγέθει
1383 1496 1481 1566 τῆς
1507 1495 1597 1548 τοῦ
1617 1495 1746 1549 Υἱοῦ
1765 1497 1849 1550 δυ-

256 1582 477 1651 νάμεως
499 1583 560 1636 16
579 1583 674 1636 τοῦ
693 1585 904 1655 lla-:96;
920 1585 1207 1656 μεγαλεῖον
1226 1589 1743 1661 χαρακτηρίζεσθαι,
1759 1591 1846 1643 ἵνα

254 1676 380 1728 ὅσον
423 1677 580 1729 τοῦτο
612 1677 947 1749 γινώσκηται
971 1717 986 1741 ,
1029 1679 1281 1733 τοσοῦτον
1310 1674 1449 1734 εἶναι
1505 1681 1729 1734 κάκεῖνο
1756 1699 1846 1735 πι-

1954 486 2195 540 maxime
2243 485 2408 540 modo
2436 483 2582 555 quod
2617 501 2713 552 per
2734 487 3106 543 omnimodam
3146 497 3200 545 et
3235 489 3538 548 invariabi-

1952 571 2056 626 lem
2103 571 2359 643 imaginis
2402 572 2840 643 similitudinem,
2888 593 3052 649 quam
3104 577 3270 636 habet
3301 596 3429 636 cum
3467 597 3538 640 eo

1952 662 2114 732 cujus
2151 669 2237 718 est
2276 662 2478 734 imago,
2511 672 2813 734 spectatur.
2846 665 2911 720 Et
2940 682 3104 724 verus
3135 668 3191 723 in
3239 669 3326 725 his
3352 686 3537 726 sermo

1957 755 2259 822 invenitur,
2320 757 2414 827 qui
2467 755 2604 810 dixit
2636 775 2650 812 :
2679 756 2784 824 Qui
2827 759 2956 812 vidit
3013 762 3273 826 me,vidit
3320 773 3368 818 et
3421 763 3534 819 Pa-

1955 855 2090 902 trem
2117 846 2182 903 ‘°.
2219 845 2326 903 Sed
2371 854 2426 902 et
2458 845 2562 902 hoc
2596 848 2740 918 quod
2784 849 2992 904 dictum
3021 860 3107 908 est
3150 852 3220 907 ab
3247 853 3534 924 Apostolo,

1952 940 2032 996 sic
2058 939 2286 1010 intelligi
2321 947 2525 1010 potest,
2555 939 2817 1010 prreclare
2851 949 2906 996 et
2933 943 3182 1012 apposite
3211 958 3271 1000 se
3303 944 3531 1012 habens,

1952 1031 2097 1103 quod
2136 1032 2392 1086 nimirum
2439 1031 2611 1087 Filius
2647 1033 2718 1089 sit
2745 1034 3006 1105 splendor
3034 1035 3243 1105 gloria},
3274 1045 3329 1091 et
3361 1037 3534 1106 figura

1950 1123 2275 1180 substantia:
2304 1107 2487 1180 Patris
2518 1125 2582 1177 ιι.
2636 1123 2734 1180 His
2761 1126 2906 1184 enim
2943 1127 3037 1198 qui
3088 1127 3316 1183 minime
3353 1131 3537 1183 valent

1952 1216 2020 1270 ad
2074 1215 2458 1278 celsitudinem
2515 1217 2848 1286 cognitionis
2895 1216 2989 1272 Dei
3051 1219 3532 1275 ratiocinationem

1949 1308 2186 1364 educere
2222 1323 2318 1378 per
2355 1310 2781 1382 intelligibilium
2829 1311 3264 1380 speculationem
3301 1328 3406 1366 τοι
3446 1312 3534 1368 his

1948 1414 2071 1468 quae
2115 1401 2371 1455 sensibus
2419 1409 2720 1455 occurrunt
2763 1401 3054 1470 quamdam
3099 1403 3209 1458 veri
3262 1403 3530 1458 visionem

1937 1493 2064 1565 _sive
2095 1493 2537 1564 imaginationem
2573 1495 2872 1565 Apostolus
2915 1497 3268 1553 audientibus
3306 1499 3532 1568 ingenc-

1948 1593 2053 1638 rat.
2101 1582 2170 1638 Ut
2213 1586 2358 1639 enim
2395 1587 2578 1641 solare
2621 1603 2824 1658 corpus
2878 1596 2992 1642 toto
3043 1590 3532 1662 circumplecte-nte

1947 1675 2158 1728 circulo
2187 1676 2471 1746 figuratur,
2502 1686 2556 1732 et
2585 1677 2677 1748 qui
2706 1679 2973 1732 circulum
3003 1680 3154 1747 vidit,
3193 1684 3363 1738 totius
3397 1684 3532 1737 sub-

257 1767 539 1840 στεύηται.
564 1771 674 1822 Καὶ
702 1771 862 1824 πάλιν
883 1771 958 1836 ὡς
984 1772 1050 1825 ὲκ
1075 1771 1276 1836 παντὸς
1291 1772 1385 1826 τοῦ
1404 1772 1628 1842 ἡλιακοῦ
1645 1773 1842 1827 κύκλου

1948 1763 2081 1832 jecti
2132 1767 2552 1820 subsistentiam
2603 1769 2909 1822 secundum
2954 1773 3412 1839 profunditatem,
3461 1789 3528 1828 ex

255 1863 320 1929 τῇ
335 1860 431 1912 τοῦ
451 1862 627 1928 φωτὸς
649 1861 953 1932 λαμπηδόνι.
969 1863 1347 1931 ἀπαυγάξεται
1361 1881 1376 1894 ο
1393 1863 1452 1918 οὑ
1468 1863 1648 1933 γὰρτὸ
1673 1864 1770 1934 μέν
1790 1881 1842 1918 τι

257 1947 488 2015 λάμπει.
524 1949 587 2000 16
615 1948 670 2001 δὲ
697 1948 948 2019 ἀλαμπές
989 1952 1106 2003 ἐστι
1133 1950 1226 2003 τοὺ
1254 1950 1455 2003 κύκλου
1482 1967 1495 1980 ·
1532 1950 1706 2014 οὕτως
1745 1951 1839 2022 ὅλη

257 2037 292 2103 ἡ
326 2034 454 2098 δόξα
485 2036 604 2105 ἣτις
631 2037 798 2098 ἐστὶν,
824 2039 866 2095 ,ὁ
893 2037 1083 2108 Πατὴρ
1107 2077 1121 2098 ,
1156 2037 1233 2108 τῷ
1259 2037 1319 2101 ἐξ
1357 2037 1553 2108 ἑαυτῆς
1590 2039 1842 2107 ἀπαυγά-

256 2141 429 2194 σματι
452 2167 466 2188 ,
505 2127 649 2181 τοῦτ’
685 2128 801 2181 ἔστι
832 2128 911 2198 τῷ
943 2128 1180 2200 ἀληθινῷ
1210 2129 1350 2198 φωτὶ
1376 2130 1712 2200 πανταχόθεν
1744 2149 1836 2184 11$-

256 2219 639 2287 ριαυγάζεται.
670 2221 779 2274 Καὶ
802 2221 876 2281 ὼς
909 2220 975 2273 ὲκ
1003 2219 1098 2273 τοῦ
1140 2221 1292 2291 ἡλίου
1346 2221 1446 2291 μέν
1487 2223 1634 2274 ἐστιν
1662 2223 1694 2292 ἡ
1737 2223 1840 2275 ἀκ-

263 2309 347 2371 τίς
373 2327 386 2338 ·
421 2310 481 2360 οὑ
513 2310 621 2380 γὰρ
647 2308 712 2362 ἂν
739 2305 806 2380 ἦν
837 2310 992 2374 ἀκτὶς
1021 2349 1035 2374 ,
1069 2312 1116 2364 εἱ
1163 2310 1238 2382 μὴ
1277 2311 1304 2362 ὁ
1346 2311 1495 2382 ἥλιος
1525 2307 1612 2383 ἦν,
1641 2313 1701 2364 οὑ
1733 2315 1840 2384 μήν

254 2417 391 2452 ποτε
419 2402 586 2471 χωρὶς
613 2401 711 2472 τῆς
755 2401 1220 2474 ἀπαυγαζομένης
1257 2404 1476 2466 ἀκτῖνος
1518 2404 1602 2472 ἐφ’
1642 2405 1838 2458 ἑαυτοῦ

251 2496 458 2546 νεῖται
480 2495 508 2546 6
535 2494 684 2563 ἥλιος
705 2512 717 2524 ⁸
749 2495 892 2548 οὕτω
923 2496 981 2548 16
1005 2495 1237 2563 συναφές
1259 2513 1316 2548 τε
1341 2496 1431 2549 καὶ
1462 2497 1630 2550 ἀΐδιον
1651 2497 1748 2568 τῆς
1776 2499 1841 2552 ὲκ

251 2587 352 2638 τοῦ
383 2586 594 2657 Πατρὶς
623 2586 910 2657 ὑπάρξεως
945 2586 1039 2640 τοῦ
1083 2587 1425 2657 Μονογενοῦς
1453 2588 1782 2660 παραδιδοὺς
1811 2591 1842 2645 6

267 2677 326 2731 Ἀ
339 2678 615 2743 πόστολος,
646 2678 988 2750 ἀπαύγασμα
1010 2679 1166 2750 δόξης
1187 2678 1278 2732 τὸν
1305 2678 1435 2732 Υἱδν
1457 2681 1834 2752 κατωνόμασε.

1952 1866 2250 1925 apparente
2282 1857 2495 1911 circulo
2540 1858 2750 1927 colligit
2782 1877 2794 1912 :
2827 1859 2907 1913 sic
2945 1861 3108 1914 etiam
3142 1862 3282 1915 dixit
3310 1863 3363 1917 in
3413 1881 3530 1918 ma-

1951 1948 2238 2016 gnitudine
2297 1949 2552 2018 potentiae
2610 1949 2769 2013 Filii,
2819 1948 2998 2006 Patris
3070 1955 3529 2024 magnificentiam

1949 2040 2203 2110 exprimi.
2245 2049 2303 2094 ut
2359 2051 2561 2110 quanta
2613 2042 2728 2096 iure
2771 2053 3162 2113 cognoscatur,
3212 2053 3361 2100 tanta
3405 2062 3530 2102 esse

1947 2133 2112 2187 etiam
2141 2134 2226 2186 illa
2268 2133 2546 2189 credatur.
2577 2134 2656 2189 Ac
2685 2151 2879 2189 rursus
2905 2136 3052 2191 sicut
3077 2152 3142 2192 ex
3173 2138 3320 2191 omni
3361 2139 3528 2194 solari

1952 2226 2166 2281 circulo
2211 2225 2351 2281 lucis
2393 2225 2605 2297 fulgore
2661 2226 3010 2296 resplendet:
3051 2243 3159 2282 non
3203 2229 3347 2284 enim
3397 2245 3530 2299 pars

1949 2317 2130 2387 aliqua
2183 2317 2348 2383 lucet,
2400 2333 2528 2388 pars
2573 2333 2702 2373 vero
2749 2319 2943 2372 circuli
2990 2319 3094 2373 alia
3127 2321 3364 2376 obscura
3400 2331 3527 2378 est:

1948 2407 2029 2462 sic
2063 2415 2490 2477 quantacunque
2530 2416 2611 2463 est
2643 2410 2822 2463 omnis
2861 2409 3034 2478 gloria
3069 2416 3211 2479 ejus,
3247 2409 3430 2478 Pater,
3461 2429 3530 2467 ex

1949 2499 2242 2569 Splendore
2285 2501 2356 2555 ab
2400 2501 2516 2571 ipsa
2562 2511 2946 2571 promanante.
2999 2503 3102 2556 hoc
3147 2513 3230 2558 est
3263 2519 3392 2559 vero
3440 2505 3529 2558 lu-

1950 2591 2119 2656 mine,
2183 2591 2426 2663 undique
2475 2594 2684 2647 circum
2742 2594 3071 2648 illustratur.
3135 2594 3313 2666 Atque
3360 2605 3420 2650 ut
3461 2613 3529 2652 ex

1950 2683 2065 2737 sole
2096 2683 2313 2753 quidem
2338 2692 2421 2738 est
2447 2685 2667 2740 radius:
2695 2701 2801 2739 non
2826 2685 2968 2739 enim
3003 2695 3151 2741 esset
3180 2687 3388 2750 radius,
3422 2687 3552 2743 nisi

250 2775 340 2824 sol
376 2777 544 2834 esset,
575 2785 854 2840 nunquam
889 2771 1035 2825 enim
1069 2771 1204 2826 sine
1238 2771 1537 2841 refulgente
1577 2773 1737 2826 radio
1780 2772 1835 2826 in
1875 2771 2061 2843 seipso
2093 2774 2174 2828 sol
2223 2773 2589 2846 intelligitur:
2623 2777 2703 2831 sic
2775 2776 3217 2845 conjunctionem
3284 2785 3339 2831 et
3383 2793 3528 2833 como

252 2861 575 2917 tcrnitatem
626 2862 962 2917 exsisteutia:
998 2863 1270 2934 Unigeniti
1311 2877 1340 2916 a
1389 2863 1549 2919 Patre
1593 2864 1818 2919 tradens
1875 2865 2172 2936 Apostolus
2199 2868 2276 2934 “,
2318 2865 2662 2937 Splendorem
2725 2865 2910 2937 gloria:
2975 2864 3172 2921 Filium
3211 2867 3526 2936 appellavit.

327 2952 549 3007 Τούτων
581 2948 675 3006 οὑν
705 2954 835 3024 ἡμῖν
867 2953 1008 3006 οὕτω
1036 2953 1412 3026 διῃρημένων,
1453 2955 1630 3008 οὐκέτ’
1659 2957 1722 3011 ἄν
1755 2973 1836 3020 τις
1863 2961 1908 3020 c

247 3045 612 3117 ἀμφιύάλλοι,
649 3047 766 3110 πῶς
801 3047 892 3100 καὶ
914 3049 977 3100 ἐκ
999 3047 1092 3100 τοῦ
1120 3048 1330 3118 Πατρὸς
1359 3047 1666 3120 Μονογενὴς
1689 3043 1834 3101 εἶναι

247 3137 659 3203 πεπίστευται,
715 3138 808 3192 καὶ
853 3137 1039 3201 ἀϊδίως
1081 3139 1197 3192 ἐστὶ
1221 3181 1235 3203 ,
1265 3139 1368 3192 κᾶν
1401 3139 1530 3211 δοκῇ
1563 3141 1704 3194 κατὰ
1744 3141 1840 3212 τὴν

249 3230 550 3302 πρόχειρον
577 3231 784 3284 ἔννοιαν
827 3233 902 3302 μὴ
931 3232 1248 3302 συμϐαίνειν
1272 3233 1300 3286 6
1327 3231 1480 3302 λόγος
1501 3233 1580 3305 τῷ
1611 3233 1752 3302 λόγῳ
1771 3275 1784 3294 ,
1812 3236 1840 3287 ὁ

247 3326 316 3377 ἐκ
355 3323 454 3375 τοῦ
510 3324 721 3395 Πατρὸς
751 3325 912 3377 αὑτὸν
957 3320 1094 3378 εἶναι
1132 3325 1327 3393 λέγων,
1359 3326 1438 3396 τῷ
1473 3325 1840 3398 μαρτυροῦντι

245 3413 413 3484 αὑτῴ
439 3415 500 3466 τὸ
522 3414 708 3468 ἀΐδιον.
736 3415 795 3467 Εἰ
824 3415 878 3468 δὲ
899 3417 1004 3487 χρὴ
1034 3415 1128 3470 καὶ
1149 3417 1319 3489 ἑτέρῳ
1339 3417 1609 3487 τὸνλόγον
1639 3417 1842 3472 πιστώ-

248 3508 497 3570 σασθαι,
527 3508 750 3560 δυνατὸν
795 3508 861 3561 ἂν
902 3509 1112 3577 γένοιτο
1154 3502 1345 3580 νοῆσαι
1377 3509 1438 3562 16
1475 3509 1604 3582 περὶ
1646 3510 1839 3564 τούτου

245 3599 437 3667 δόγμα
493 3599 584 3653 διά
613 3617 775 3652 τινων
807 3600 916 3653 τῶν
951 3602 1093 3654 κατά
1119 3601 1220 3670 τὴν
1259 3601 1510 3672 αἴσθησιν
1544 3603 1674 3672 ἡμῖν
1697 3620 1840 3670 γνω·

248 3691 585 3761 ριζομένωνο
653 3691 860 3762 Μηδεὶς
901 3691 958 3744 δὲ
1015 3681 1370 3764 ὲπηρΞαῖἐτω
1413 3693 1493 3764 τῷ
1545 3693 1717 3760 λόγῳ,
1765 3693 1840 3764 μὴ

245 3782 547 3852 δυναμένῳ
579 3783 836 3854 τοιαύτην
871 3784 930 3836 ὲν
971 3785 1080 3847 τοῖς
1121 3779 1271 3838 οὖσιν
1306 3784 1486 3856 εὑρεῖν
1533 3783 1718 3837 εἰκόνα
1745 3783 1838 3836 τοῦ

246 3875 636 3946 ζητουμένου,
681 3876 716 3946 ἢ
761 3875 852 3930 διὰ
899 3875 1118 3931 πάντων
1159 3876 1386 3948 ἀρκέσει
1434 3877 1502 3930 δι’
1549 3876 1840 3944 ἀναλογίας

245 3968 402 4030 τινὸς
453 3967 548 4020 καὶ
611 3968 931 4038 ὁμοιότητος
983 3967 1118 4040 πρὸς
1163 3968 1262 4039 τὴν
1322 3967 1418 4021 τοῦ
1477 3968 1839 4038 προκειμένου

245 4060 626 4128 παράστασιν.
655 4058 966 4130 Βουλόμεθα
995 4059 1104 4130 γὰρ
1135 4061 1260 4123 τοὺς
1284 4059 1540 4127 λέγοντας
1570 4060 1838 4131 πρότερον

244 4150 625 4220 βεϐουλῆσθαι
665 4151 754 4204 16v
793 4151 1048 4224 Πατέρα,
1103 4147 1207 4206 εἶθ’
1241 4151 1414 4217 οὑτως
1442 4153 1614 4206 ἐλθεῖν
1645 4154 1738 4207 ἐπὶ
1777 4153 1838 4206 τὸ

243 4243 515 4311 γενέσθαι
553 4245 771 4315 Πατέρα
790 4285 806 4310 ,
835 4245 931 4298 καὶ
957 4244 1047 4299 διὰ
1075 4245 1266 4300 τούτου
1290 4245 1351 4300 16
1380 4245 1837 4317 μεταγενέστερον

2014 2956 2110 3014 llis
2159 2957 2326 3029 igitur
2367 2973 2397 3011 a
2435 2957 2596 3013 nobis
2646 2958 2718 3012 ita
2765 2957 3068 3020 distinctis,
3120 2975 3230 3012 non
3281 2959 3528 3028 amplius

1940 3050 2230 3118 quisquam
2257 3047 2491 3111 dubitet,
2523 3048 2796 3116 quomodo
2826 3050 2990 3103 etiam
3021 3065 3085 3104 ex
3121 3048 3281 3105 Patre
3321 3047 3526 3122 Unige-

1942 3141 2091 3194 nitus
2121 3155 2244 3194 esse
2279 3140 2524 3194 creditur
2553 3147 2608 3194 ct
2647 3149 2891 3196 aeternus
2924 3150 3029 3207 est,
3055 3143 3308 3211 quamvis
3337 3143 3526 3195 videa-

1943 3243 2034 3288 tur
2065 3235 2366 3290 secundum
2414 3249 2532 3288 eam
2563 3249 2684 3303 qua:
2720 3233 2898 3303 primo
2943 3241 2998 3288 ct
3033 3235 3085 3287 in
3136 3243 3389 3304 promptu
3425 3251 3524 3306 ap.

1945 3333 2100 3394 paret
2130 3325 2407 3387 notitiam,
2449 3339 2630 3378 sermo
2661 3324 2901 3378 sermoni
2954 3340 3061 3376 non
3103 3325 3423 3390 convenire,
3471 3333 3527 3380 et

1942 3417 2034 3486 qui
2066 3432 2132 3471 ex
2178 3415 2338 3472 Patre
2368 3416 2546 3486 ipsum
2579 3431 2700 3471 esse
2739 3415 2893 3480 dicit,
2942 3424 2996 3469 et
3021 3416 3114 3486 qui
3159 3417 3524 3471 aeternitatem

1943 3507 2046 3577 ipsi
2086 3507 2358 3562 attribuit.
2395 3506 2550 3573 Quod
2599 3507 2646 3562 si
2695 3507 2804 3561 alio
2844 3516 3171 3578 argumento
3212 3523 3522 3562 sermonem

1940 3607 2154 3668 oportet
2197 3599 2544 3665 confirmare,
2576 3599 2804 3670 intelligi
2842 3611 3027 3670 posset
3063 3600 3228 3669 hujus
3255 3601 3524 3656 assertio-

1942 3691 2028 3745 nis
2073 3691 2274 3745 veritas
2320 3707 2386 3745 ex
2450 3691 2781 3760 quihusdam
2810 3708 2931 3760 qua:
2981 3693 3239 3747 sensibus
3285 3707 3314 3745 a
3363 3692 3523 3748 nobis

1942 3782 2347 3852 percipiuntur.
2381 3781 2578 3837 Nullus
2609 3791 2791 3837 autem
2827 3799 3139 3840 sermonem
3191 3785 3306 3837 risu
3343 3794 3397 3839 et
3429 3800 3524 3840 ca-

1941 3876 2160 3930 chinnis
2206 3874 2467 3945 excipiat,
2497 3876 2642 3944 quod
2687 3884 2922 3946 nequeat
2965 3875 3214 3930 invenire
3265 3877 3428 3929 talem
3465 3876 3522 3932 in

1941 3967 2028 4023 bis
2055 3982 2177 4038 qua:
2210 3977 2338 4021 sunt
2368 3966 2422 4020 in
2453 3982 2636 4022 rerum
2676 3977 2894 4029 natura,
2917 3966 3039 4035 ejus
3073 3967 3218 4038 quod
3254 3969 3523 4036 quarritur

1942 4056 2260 4126 imaginem,
2313 4073 2434 4128 qua:
2487 4073 2584 4128 per
2631 4059 2816 4113 omnia
2871 4055 3124 4122 sufﬁciat,
3169 4058 3523 4128 proportione

1939 4149 2174 4218 quadam
2219 4156 2274 4204 et
2318 4150 2677 4206 similitudine
2713 4150 3052 4220 propositum
3097 4159 3518 4220 reprtescntare.

1944 4239 2213 4297 Volumus
2256 4241 2405 4295 enim
2439 4249 2497 4294 ut
2532 4241 2620 4296 isti
2651 4241 2744 4311 qui
2774 4240 2968 4295 dicunt
2998 4241 3151 4312 prius
3182 4241 3396 4298 Patrem
3432 4259 3523 4299 vo-

240 4337 329 4407 τῷ
360 4338 526 4405 Λόγῳ
551 4337 1090 4402 κατασκευάζοντας,
1111 4340 1296 4393 πεῖσαι
1324 4338 1388 4393 δι’
1419 4332 1494 4393 ὧν
1528 4338 1594 4394 ἂν
1625 4339 1839 4407 γένοιτο

1946 4332 2137 4396 luisse,
2172 4331 2370 4388 deinde
2398 4332 2479 4388 sic
2511 4332 2730 4388 venisse
2760 4331 2826 4386 ad
2853 4331 2929 4398 id,
2959 4343 3018 4386 ut
3058 4331 3218 4388 Pater
3252 4335 3430 4398 fieret,
3459 4344 3516 4390 et

237 4427 482 4482 δυνατὸν
509 4430 643 4497 ἡμῖν
677 4429 1111 4500 ὑποδειγμάτων,
1144 4430 1405 4500 μετάγειν
1439 4431 1576 4501 πρὸς
1600 4431 1662 4483 τὸ
1691 4431 1841 4484 εὑσε·

240 4521 345 4583 θὲς
372 4521 476 4591 τὴν
500 4520 741 4574 διάνοιαν
762 4538 776 4552 ο
806 4521 929 4576 οὑτε
969 4523 1078 4593 γὰρ
1103 4525 1136 4594 ἡ
1173 4524 1376 4593 ἀμεσος
1403 4522 1542 4591 αὕτη
1573 4523 1838 4594 συνάφεια

239 4611 511 4666 ἐκϐάλλει
544 4612 643 4684 τὴν
674 4612 927 4684 βούλησιν
948 4613 1040 4667 τοῦ
1070 4613 1396 4686 Πατρὸς,ὠς
1426 4615 1572 4670 κατά
1595 4633 1718 4668 τινα
1743 4616 1840 4686 φύ-

239 4721 395 4768 σεως
451 4705 699 4775 ἀνάγκην
749 4706 1130 4778 ἀπροαιρέτως
1178 4707 1269 4760 τὸν
1327 4707 1456 4761 Υίδν
1507 4707 1834 4780 ἐσχηκότοςο

237 4797 380 4850 οὒτε
414 4798 452 4866 ἠ
475 4795 734 4868 βούλησις
758 4797 996 4869 διίστησι
1025 4797 1117 4852 τοῦ
1149 4799 1361 4870 Πατρὸς
1389 4799 1480 4854 τὸν
1506 4801 1656 4866 Υίὺν,
1691 4801 1766 4866 ὦς
1784 4819 1838 4856 τι

1949 4439 2047 4494 per
2094 4424 2198 4478 hoc
2231 4423 2692 4493 posterioritatem
2731 4421 2912 4480 Verbo
2951 4433 3241 4492 astruunt,
3285 4443 3520 4498 persua-

1941 4532 2061 4570 sum
2091 4515 2326 4572 ha'beant
2366 4524 2424 4569 ut
2457 4531 2522 4570 ex
2565 4515 2652 4572 his
2683 4532 2805 4587 qua:
2851 4533 3147 4587 possumus
3174 4520 3227 4572 in
3279 4520 3516 4574 medium

1940 4607 2186 4678 proferre
2215 4607 2503 4676 exemplis,
2543 4607 2935 4678 cogitationem
2976 4623 3131 4664 suam
3166 4609 3234 4664 ad
3278 4609 3328 4665 id
3369 4610 3518 4681 quod

1941 4700 2089 4771 pium
2106 4707 2191 4755 est
2208 4698 2276 4754 de
2298 4697 2408 4754 Deo
2425 4698 2630 4754 sentire
2647 4698 2982 4754 transferant
3002 4719 3017 4767 ;
3040 4715 3216 4770 neque
3235 4700 3382 4756 enim
3403 4701 3518 4756 haec

1941 4792 2259 4848 immediata
2300 4791 2619 4862 conjunctio
2658 4791 2839 4849 Patris
2870 4793 3206 4849 voluntatem
3234 4793 3514 4854 excludit.
3577 4849 3584 4854 ,

234 4885 532 4956 διάστημα
573 4886 774 4957 μεταξὺ
819 4888 1304 4959 παρεμπίπτουσα.
1353 4889 1439 4953 Ὠς
1470 4891 1608 4960 μήτε
1637 4890 1837 4948 ἐκϐάλ-

1946 4892 1994 4939 ut
2021 4884 2260 4954 quadam
2291 4884 2622 4940 necessitate
2651 4893 2884 4950 naturae,
2915 4893 2972 4940 et
3010 4885 3386 4940 involuntarie
3417 4883 3536 4948 Fis

236 4977 364 5030 λειν
389 4977 486 5031 τοὺ
513 4977 783 5048 δόγματος
817 4979 915 5049 τὴν
940 4979 1034 5032 ἐπὶ
1062 4979 1139 5049 τῷ
1171 4979 1286 5050 Υἰῷ
1315 4980 1569 5052 βούλησιν
1599 4981 1694 5035 τοῦ
1717 4999 1840 5051 γεν-

1946 4977 2069 5030 lium
2103 4976 2301 5031 habeat
2329 4994 2343 5032 :
2378 4991 2555 5046 neque
2585 4975 2841 5032 voluntas
2872 4973 3070 5032 Filium
3126 4992 3156 5030 a
3182 4975 3344 5031 Patre
3394 4971 3519 5031 dis?

236 5070 540 5138 νήσαντος,
574 5064 688 5122 οἷον
718 5071 1226 5141 στενοχωρουμένην
1253 5073 1310 5124 ὲν
1337 5073 1404 5143 τῇ
1440 5073 1707 5144 συναφείά
1735 5073 1838 5143 τῆς

1946 5068 2134 5137 iungit,
2173 5076 2234 5122 ut
2268 5067 2618 5123 intervallum
2669 5065 2944 5138 quoddam
2998 5067 3385 5123 intermedium
3424 5067 3517 5121 in-

235 5159 346 5212 τοῡ
377 5158 509 5212 Υίοῦ
550 5160 687 5232 πρὸς
713 5161 806 5214 τὸν
846 5161 1066 5232 Πατέρα
1102 5163 1370 5232 ἑνότητος,
1411 5163 1552 5233 μήτε
1589 5164 1695 5234 μὴν
1733 5165 1833 5234 τὴν

234 5251 577 5306 ἀδιάστατον
613 5250 850 5306 διαλύειν
889 5253 1215 5321 συνάφειαν,
1248 5252 1376 5304 ὅταν
1407 5251 1740 5324 ὲνθεωρῆται
1766 5257 1832 5324 τῇ

237 5345 507 5412 γεννήσει
538 5341 811 5414 βούλησις.
841 5342 1012 5397 Τοῦτο
1036 5342 1145 5414 γάρ
1184 5343 1282 5414 τῆς
1306 5342 1528 5414 βαρείας
1549 5343 1706 5414 ήμῶν
1735 5345 1831 5399 καὶ

233 5433 579 5501 δυσκινήτου
617 5433 830 5500 φύσεώς
857 5434 1003 5504 ἐστιν
1031 5432 1183 5498 ίδιον,
1205 5434 1266 5485 16
1290 5433 1364 5504 μὴ
1403 5435 1462 5487 ὲν
1501 5434 1682 5506 ταὺτῷ
1709 5428 1831 5489 πολ-

234 5525 378 5588 λοὺς
409 5526 663 5596 παρεῖναι
689 5527 840 5595 ἡμῖν,
863 5525 1030 5579 καὶτὸ
1051 5525 1195 5596 ἔχειν
1220 5541 1294 5590 τι,
1315 5526 1490 5580 καὶτὸ
1511 5525 1792 5597 βούλεσθαι
1808 5538 1822 5554 ⁸

332 5706 378 5738 ι’
406 5701 561 5760 Joan.
591 5720 704 5774 xiv,
742 5704 796 5762 9.
881 5704 924 5737 “
953 5701 1116 5761 llebr.
1154 5719 1192 5772 ι,
1217 5705 1271 5760 '5.
1349 5705 1392 5739 "
1427 5704 1564 5763 Ibid.

1933 5159 2144 5215 cidens.
2181 5157 2365 5226 Quare
2396 5173 2576 5228 neque
2609 5158 2680 5213 ah
2709 5158 2813 5213 hoc
2844 5158 3096 5230 degmate
3140 5159 3266 5214 licet
3323 5159 3516 5215 exclu-

1932 5248 2065 5305 dere
2099 5250 2154 5304 in
2185 5247 2308 5304 Filii
2340 5248 2694 5318 generatione
2747 5248 3081 5304 voluntatem
3128 5248 3250 5318 ejus
3285 5249 3378 5318 qui
3419 5266 3518 5317 εει

1937 5340 2081 5402 nuit.
2111 5340 2278 5395 veluti
2313 5341 2367 5395 in
2409 5341 2698 5411 angustias
2744 5341 3034 5395 adductam
3071 5341 3123 5396 in
3179 5341 3512 5397 cohaerentia

1939 5432 2162 5487 unionis
2189 5429 2310 5486 Filii
2345 5447 2470 5486 cum
2499 5431 2680 5498 Patre,
2715 5447 2892 5503 neque
2941 5432 3332 5503 indisjunctam
3395 5433 3512 5489 dis-

1938 5525 2149 5580 solvere
2175 5523 2564 5588 cohaesionem,
2591 5540 2715 5579 cum
2747 5525 2801 5580 in
2831 5525 3184 5598 generatione
3220 5524 3514 5598 inspicitur
