4002 6218
466 327 570 384 775
1687 313 1744 370 S.
1776 309 2103 372 GREGORII
2145 309 2437 368 NYSSENI
3594 305 3700 360 776

465 441 742 495 voluntas.
775 436 893 492 lloc
917 434 1063 489 enim
1096 437 1180 488 est
1214 437 1418 486 nostrae
1451 429 1633 501 gravis
1661 439 1714 484 et
1747 437 1896 483 motu
1929 427 2033 484 dif-

2138 427 2266 482 ἀλλὰ
2296 426 2391 481 νῦν
2416 426 2514 498 μὲν
2535 425 2838 498 βουλόμεθά
2860 441 2911 478 τι
2937 422 3078 494 ἔχειν
3101 412 3177 478 (Iv
3200 424 3295 479 οὐκ
3319 423 3533 496 ἔχομεν,
3568 424 3708 494 μετὰ

469 533 630 587 lit-llis
689 538 898 584 natura:
955 524 1259 595 proprium,
1295 538 1403 576 non
1449 522 1505 576 in
1558 521 1750 576 eodem
1804 520 2035 575 instanti

2138 515 2319 572 ταῦτα’
2348 518 2405 570 δέ
2442 518 2781 588 τυγχάνομεν
2812 510 2886 569 ὧν
2924 519 3104 586 τυχεῖν
3151 516 3252 570 οὐκ
3298 515 3706 585 ὴῦουλήθημεν.

469 628 661 678 adesse
692 621 850 675 nobis
912 619 1131 681 multos,
1168 625 1223 671 et
1272 613 1476 685 aliquid
1512 614 1712 670 habere
1747 622 1803 669 et
1852 613 2030 667 velle:

470 716 564 770 sed
601 713 764 767 modo
806 710 1014 781 aliquid
1062 724 1250 764 eorum
1288 722 1409 776 quae
1439 721 1548 760 non
1586 705 1849 759 habemus
1877 703 2035 757 voln-

472 825 594 863 mus
625 808 846 869 habere,
885 813 1004 874 post
1036 815 1165 856 vero
1200 798 1544 866 assequimur
1565 811 1627 850 ea
1664 810 1785 866 qua:
1816 794 2035 847 minime

471 903 756 956 vellemus.
784 897 844 950 1n
875 893 1110 964 simplici
1140 900 1319 944 autem
1353 896 1406 940 et
1447 886 1806 955 omnipotenti
1841 892 2033 938 natura

471 992 634 1048 simul
665 989 846 1045 omnia
879 994 933 1039 et
966 986 1018 1038 in
1057 982 1247 1037 eodem
1288 979 1511 1034 instanti
1543 977 1940 1048 intelliguntur,
1982 982 2035 1028 et

478 1085 617 1137 velle
644 1083 867 1144 bonum,
907 1085 961 1130 et
989 1075 1189 1128 habere
1223 1070 1367 1140 quod
1401 1067 1590 1124 voluit.
1625 1067 1860 1123 Omnino
1889 1067 2032 1120 enim

469 1176 658 1231 ellii-ax
692 1181 746 1228 et
773 1167 1155 1225 coessentialis
1183 1178 1419 1232 vereque
1453 1161 1759 1217 subsistens
1786 1160 1841 1213 in
1885 1167 2036 1214 mter-

472 1284 540 1323 na
573 1274 768 1320 natura
818 1263 963 1316 bona
1012 1256 1457 1327 sempiternaque
1515 1251 1898 1306 consideratur
1934 1263 2033 1301 vo-

471 1360 678 1418 luntas,
714 1367 892 1423 neque
921 1351 987 1403 ab
1022 1349 1132 1401 alio
1163 1359 1438 1416 quoquam
1473 1349 1726 1412 separato
1760 1337 2034 1409 principio

2147 609 2267 662 Ἐπὶ
2299 609 2356 661 δὲ
2387 609 2484 679 τῆς
2527 609 2704 677 ἁπλῆς
2733 609 2824 661 καὶ
2855 607 3263 678 παντοδυνάμου
3292 605 3537 675 φύσεως,
3570 604 3706 676 ὁμοῦ

2136 703 2204 755 τὰ
2245 702 2420 754 πάντα
2464 702 2558 755 καὶ
2588 701 2728 754 κατὰ
2767 699 2960 753 ταύτὸν
2985 701 3203 761 νοεῖται,
3241 699 3338 750 καὶ
3364 697 3425 750 τὺ
3449 696 3624 750 θέλειν
3646 697 3710 749 τὺ

2136 795 2368 862 ἀγαθὸν,
2419 794 2514 846 καὶ
2566 793 2626 846 τὸ
2662 793 2806 862 ἐχειν
2851 793 2986 861 ὅπερ
3046 790 3296 860 ἠθέλησε.
3344 789 3530 842 Πάντα
3587 787 3700 857 γὰρ

2135 885 2354 956 ἐνεργὸν
2410 883 2506 938 καὶ
2563 883 2821 946 ἐνούσιον,
2872 883 2965 934 καὶ
3013 881 3374 934 ἐνυπόστατον
3432 881 3499 948 τῇ
3554 879 3709 947 ἀῖδίῳ

2135 973 2293 1042 φύσει
2324 973 2384 1026 τὸ
2404 971 2603 1042 ἀγαθόν
2623 989 2679 1024 τε
2703 971 2876 1024 καὶτὸ
2903 969 3070 1024 ἀΐδιον
3099 971 3442 1040 ἐνθεωρεῖται
3471 968 3707 1037 θέλημα,

2133 1062 2255 1118 οὔτε
2289 1064 2394 1118 ἀπό
2429 1080 2570 1126 τινος
2619 1061 2923 1134 ίδιαζούσης
2962 1060 3134 1133 ἀρχῆς
3173 1061 3547 1130 ἐγγινόμενον,
3581 1057 3709 1112 οὔτε

2134 1154 2256 1224 δίχα
2285 1153 2380 1206 τοῦ
2411 1153 2631 1223 θελητοῦ
2663 1153 2916 1223 νοηθῆναι
2962 1151 3278 1221 δυνάμενον.
3314 1151 3447 1204 Οὐδέ
3479 1149 3590 1220 γὰρ
3621 1153 3710 1204 ἐν·

2132 1245 2347 1314 δέχεται
2380 1243 2528 1314 παρά
2555 1243 2630 1314 τῷ
2653 1243 2790 1313 Θεῷ,
2823 1243 2857 1313 ἦ
2885 1231 2946 1295 τὸ
2974 1241 3178 1310 ἀγαθὸν
3206 1241 3415 1312 θέλημα
3446 1242 3523 1313 μὴ
3547 1240 3708 1304 εἶναι,

2132 1335 2166 1406 ἢ
2204 1335 2278 1406 μὴ
2314 1339 2550 1389 συνεῖναι
2582 1334 2660 1406 τῷ
2695 1335 2956 1406 θελήματι
2975 1351 2989 1365 ο
3024 1333 3278 1404 οὐδεμιᾶς
3302 1335 3480 1398 αἰτίας
3502 1335 3624 1389 οὐδὲ
3650 1335 3712 1389 τὺ

2135 1427 2341 1498 πρέπον
2360 1426 2438 1497 τῷ
2465 1427 2639 1496 Πατρὶ
2667 1426 2740 1497 μὴ
2761 1426 2934 1480 πάντα
2955 1421 3092 1480 εἶναι
3118 1425 3392 1497 μειούσης,
3419 1425 3546 1479 οὔτε
3568 1426 3712 1498 πρὸς

470 1540 637 1604 cadit,
666 1538 750 1592 vel
783 1511 980 1589 bonam
1011 1531 1348 1584 voluntatem
1383 1541 1491 1579 non
1523 1539 1664 1587 esse,
1698 1521 1782 1576 vel
1832 1521 2031 1574 bonum

2138 1521 2192 1573 τὸ
2219 1519 2362 1588 ἔχειν
2389 1519 2449 1571 τὸ
2483 1517 2739 1588 βουλητὸν
2777 1516 3194 1588 ἐμποδιζούσης.
3240 1517 3391 1570 Ἐπεὶ
3425 1511 3518 1570 οὖν
3548 1517 3712 1585 φύσει

472 1630 632 1686 simul
681 1642 804 1681 cum
843 1625 1122 1678 voluntate
1156 1634 1266 1672 non
1301 1614 1531 1670 adesse:
1581 1627 1706 1666 cum
1738 1611 1910 1664 ⁸ιιιιιιιι
1963 1610 2033 1662 sit

2138 1607 2192 1660 τὸ
2219 1606 2438 1672 ἀγαθὸν,
2484 1605 2681 1677 μᾶλλον
2707 1606 2763 1658 δὲ
2793 1606 2990 1668 παντὸς
3027 1604 3230 1672 ἀγαθοῦ
3261 1605 3518 1659 ἐπέκεινα
3551 1608 3580 1658 ὁ
3614 1624 3716 1676 μοι

471 1735 661 1781 causa,
699 1733 819 1786 qua:
851 1713 993 1784 quod
1023 1709 1170 1763 Patri
1203 1706 1477 1770 convenit,
1522 1703 1816 1774 quominus
1860 1711 2028 1754 totum

2138 1699 2354 1769 νογενὴς
2375 1699 2527 1764 Θεὸς,
2547 1700 2646 1752 οὐκ
2672 1693 2965 1768 ἀϐούλητον
2987 1697 3044 1750 δὲ
3075 1697 3154 1769 τῷ
3185 1698 3358 1770 llatth
3383 1699 3444 1751 τὸ
3467 1699 3677 1768 ἀγαθόν
3694 1717 3710 1732 ·

473 1826 580 1865 non
623 1769 788 1868 adsit,
845 1769 1076 1866 minuat,
1118 1799 1202 1854 vel
1264 1769 1557 1866 quominus
1617 1792 1672 1846 id
1723 1790 1869 1861 quod
1917 1790 2032 1844 vult

2138 1787 2380 1858 φανερῶς
2426 1788 2810 1841 ἀποδείκνυται
2851 1789 2937 1841 διά
2987 1785 3211 1848 τούτων,
3244 1789 3324 1841 ὅτι
3362 1790 3458 1842 καὶ
3502 1791 3713 1860 ἄμεσός

473 1902 674 1955 habere
722 1896 1004 1966 impediat.
1064 1890 1333 1958 Quoniam
1369 1887 1537 1957 igitur
1593 1895 1782 1938 natura
1810 1883 2035 1944 bonum,

2138 1882 2250 1934 ἐστι
2280 1881 2374 1934 τοῦ
2402 1881 2532 1934 Υἱοῦ
2563 1882 2594 1950 ὴ
2625 1881 2761 1952 πρὸς
2783 1881 2880 1933 τὸν
2911 1879 3128 1950 Πατέρα
3160 1879 3440 1946 συνάφεια,
3472 1881 3568 1934 καὶ
3611 1881 3714 1935 οὐκ

473 1993 580 2055 vel,
609 1999 669 2045 ut
701 1988 906 2044 rectius
941 1985 1142 2046 dicam,
1173 1995 1339 2051 supra
1385 1993 1548 2032 omne
1571 1977 1798 2038 bonum,
1836 1974 2035 2044 Unige-

2138 1973 2412 2037 ἐξωθεῖται
2436 1974 2556 2026 οὐδὲ
2590 1974 2890 2046 ἐξείργεται
2921 1970 3026 2024 ὑπὸ
3089 1973 3186 2040 τῆς
3231 1971 3550 2025 ἀδιαστάτου
3589 1990 3713 2026 συνο

470 2083 618 2136 nitus
651 2086 734 2133 est
766 2117 780 2139 ,
817 2083 872 2129 at
931 2073 1076 2127 Patri
1136 2071 1336 2125 bonum
1375 2082 1483 2120 non
1541 2073 1624 2120 est
1681 2067 1950 2134 ingratum
1985 2069 2035 2117 et

2144 2067 2339 2136 αφείας
2381 2067 2440 2121 τὸ
2488 2067 2730 2138 βούλημα
2779 2066 2839 2119 τὸ
2878 2068 2943 2135 τῇ
2977 2063 3152 2135 ἀγαθῇ
3187 2065 3351 2133 φύσει
3396 2066 3486 2119 διὰ
3513 2066 3716 2129 παντὸς

475 2180 668 2241 prmlcr
695 2169 1029 2222 voluntatem
1060 2181 1072 2216 :
1105 2157 1392 2212 manifeste
1417 2171 1512 2226 per
1538 2155 1650 2208 lucc
1702 2155 2035 2208 demonstra.

2138 2158 2456 2227 ἐνυπάρχον.
2491 2159 2551 2211 Et
2571 2158 2628 2211 δέ
2648 2177 2732 2222 τις
2754 2155 3178 2228 ἀνεπηρεάστως
3220 2157 3410 2211 ἀκούει
3434 2161 3531 2211 τοῦ
3552 2159 3713 2226 λόγου

473 2276 580 2326 tur,
615 2261 754 2330 quod
813 2258 975 2312 etiam
1025 2249 1334 2306 immediate
1385 2255 1470 2300 est
1501 2244 1623 2299 Filii
1679 2260 1803 2299 cum
1866 2244 2025 2298 Patre

2138 2248 2226 2301 καὶ
2257 2248 2495 2302 τοιοῦτόν
2521 2267 2572 2302 τι
2595 2253 2708 2313 τοῖς
2725 2248 3031 2321 εἰρημένοις
3061 2248 3371 2318 προσθεῖναι
3426 2249 3711 2320 βούλομαι.

471 2354 761 2415 connexio,
796 2363 971 2418 neque
999 2343 1305 2400 extruditur
1330 2351 1423 2397 aut
1454 2351 1671 2394 arcetur
1720 2339 1787 2390 ab
1827 2336 2106 2392 individua
2139 2339 2446 2396 coliaesione
2502 2342 2756 2397 voluntas
2820 2358 2943 2412 quae
3015 2343 3170 2396 bona:
3229 2353 3439 2397 natura
3497 2358 3718 2413 semper

471 1446 802 1506 innascitur.
837 1455 1014 1513 neque
1047 1440 1254 1507 absque
1301 1450 1364 1490 eo
1399 1434 1544 1503 quod
1584 1433 1636 1486 in
1697 1431 2032 1485 voluntatem

473 2451 636 2503 inest.
671 2444 826 2512 Quod
866 2443 911 2498 si
935 2441 1060 2511 quis
1084 2437 1348 2493 inoffenso
1380 2437 1561 2490 animo
1588 2433 1736 2486 hunc
1765 2431 2038 2486 auscultat
2077 2439 2405 2495 sermonem.
2443 2436 2549 2489 tale
2576 2434 2705 2504 quid
2734 2437 2895 2491 etiam
2935 2440 3098 2493 dictis
3130 2438 3250 2492 volo
3278 2436 3540 2505 adjicere.

547 2534 1014 2606 Quemadmodum
1044 2533 1090 2588 si
1125 2532 1272 2602 quis,
1306 2530 1428 2584 dico
1459 2534 1638 2581 autem
1670 2540 1733 2578 ex
1775 2523 2030 2596 supposi-

474 2637 644 2696 tione,
679 2629 962 2686 elei-tivam
989 2627 1105 2681 sive
1143 2619 1509 2677 voluntariam
1537 2619 1774 2685 aliquam
1807 2615 2038 2669 ﬂammae

475 2727 788 2782 facultatem
815 2717 1052 2778 dederit.
1102 2715 1452 2785 perspicuum
1496 2709 1657 2762 fuerit
1702 2706 1846 2776 quod
1876 2704 2039 2760 simul

475 2824 637 2885 atque
675 2826 797 2866 esse
832 2805 1084 2876 cmperit,
1130 2803 1345 2856 flamma
1391 2798 1556 2852 etiam
1594 2810 1658 2849 ex
1715 2795 1895 2862 seipsa
1931 2791 2040 2845 ful-

475 2883 662 2978 gorem
695 2901 827 2956 velit
852 2901 1108 2954 elucere:
1137 2893 1324 2946 volens
1364 2897 1543 2942 autem
1579 2901 1684 2938 non
1728 2887 1832 2939 erit
1864 2883 2037 2953 impo-

477 2973 620 3061 tens,
651 3009 776 3048 cum
815 2987 1082 3045 naturalis
1109 2983 1228 3053 ejus
1261 2980 1488 3034 facultas
1524 2977 1575 3031 id
1601 2975 1812 3030 efficere
1841 2973 2034 3042 possit,

474 3098 534 3144 ut
561 3085 720 3142 simul
749 3097 814 3136 .ie
864 3079 1081 3133 flamma
1136 3071 1462 3134 constiterit,
1510 3068 1840 3122 voluntatem
1875 3065 2034 3118 etiam

477 3175 715 3246 fulgendi
764 3171 958 3225 habeat
995 3167 1110 3222 :ita
1151 3171 1210 3217 ut
1245 3163 1379 3216 citra
1433 3157 1940 3221 contradictionem,
1991 3155 2037 3210 si

477 3272 578 3324 hoc
606 3267 791 3320 datum
821 3262 1006 3320 fuerit,
1033 3254 1341 3309 voluntario
1367 3266 1561 3320 nempe
1591 3257 1739 3304 motu
1766 3247 2037 3301 flammam

477 3355 702 3414 moveri,
735 3353 849 3404 haec
878 3347 1065 3402 omnia
1088 3356 1421 3399 concurrere
1451 3339 1615 3394 simul
1645 3336 2034 3406 intelligantur,

475 3456 528 3502 et
563 3444 701 3514 ignis
746 3438 995 3494 acccnsio
1033 3444 1086 3490 et
1121 3432 1355 3500 fulgendi
1396 3431 1672 3492 voluntas,
1710 3442 1773 3481 ac
1805 3426 2039 3494 denique

480 3539 657 3606 fulgor
687 3535 824 3602 ipse,
876 3544 1001 3584 cum
1049 3523 1393 3581 voluntarius
1427 3521 1528 3577 iste
1573 3528 1751 3574 motus
1811 3517 2038 3588 fulgoris

476 3622 844 3681 subsistentia:
866 3619 1189 3688 dignitatem
1228 3615 1377 3668 nullo
1413 3612 1574 3666 modo
1621 3609 1880 3679 impediat
1911 3627 1924 3662 :
1959 3608 2039 3664 sic

478 3734 574 3788 per
604 3716 704 3768 hoc
731 3710 875 3781 quod
905 3727 932 3763 a
954 3709 1113 3764 nobis
1144 3707 1364 3760 allatum
1392 3710 1476 3758 est
1495 3700 1825 3770 exemplum,
1849 3698 2041 3752 etiam-

478 3809 523 3859 si
560 3803 703 3857 Patri
742 3803 937 3855 bonam
975 3797 1306 3852 voluntatem
1345 3794 1529 3848 inesse
1557 3789 1890 3853 conﬁtearis,
1930 3803 2038 3842 non

482 3903 662 3948 tamen
694 3897 919 3962 propter
952 3886 1220 3956 ejusmodi
1257 3884 1588 3938 voluntatem
1623 3879 1818 3934 Filium
1855 3893 1885 3933 a
1938 3878 2040 3932 Pa-

475 3997 557 4040 tre
599 3983 919 4054 separabis;
979 3994 1154 4050 neque
1184 3977 1328 4032 enim
1361 3983 1785 4029 consentaneum
1839 3980 1942 4034 est,
1979 3977 2038 4025 ut

476 4076 609 4132 illud
640 4075 785 4146 quod
827 4072 1080 4127 videlicet
1114 4073 1226 4140 ipse
1259 4068 1428 4122 Filius
1454 4066 1733 4120 voluntate
1761 4063 1936 4118 Patris
1967 4064 2038 4118 sit

476 4167 716 4235 genitus,
759 4161 1147 4232 impedin‘iento
1179 4159 1250 4212 sit
1280 4156 1571 4227 quominus
1606 4154 1754 4208 illico
1782 4169 1906 4208 cum
1939 4169 2036 4207 vo-

477 4260 684 4313 luntate
713 4255 784 4310 sit
819 4253 1052 4324 genitus.
1103 4250 1209 4306 Sed
1259 4247 1714 4320 quemadmodum
1771 4245 1824 4300 in
1878 4245 2038 4300 oculo

475 4350 658 4404 videre
689 4357 744 4402 et
791 4346 926 4400 velle
965 4343 1178 4405 videre,
1237 4339 1371 4394 illud
1425 4339 1642 4410 quidem
1682 4349 1769 4394 est
1829 4345 2038 4392 natura:

474 4439 851 4510 operationis,
916 4435 1051 4490 velle
1100 4440 1282 4487 autem
1338 4432 1591 4496 arbitrii;
1655 4438 1894 4485 attamen
1947 4428 2036 4484 hic

473 4531 773 4586 voluntatis
810 4541 987 4582 motus
1017 4541 1125 4579 non
1156 4523 1620 4593 impedimentum,
1651 4523 1746 4577 sed
1781 4523 2033 4577 volunta-

471 4633 580 4678 tem
635 4632 759 4677 actu
797 4621 1013 4676 videndi
1070 4617 1268 4671 adhoc
1303 4616 1480 4685 ipsum
1529 4615 1848 4684 ingenerat;
1907 4629 2033 4668 nam

473 4716 754 4787 sEgillatim
797 4721 852 4767 et
913 4710 1206 4780 separatim
1267 4706 1461 4760 horum
1502 4706 1928 4775 unumquodque
1979 4706 2034 4760 in

472 4825 529 4863 se
556 4823 653 4876 ι)εο
684 4804 1083 4865 consideratur,
1119 4807 1173 4854 et
1212 4799 1439 4853 alterum
1471 4796 1628 4851 alteri
1664 4811 1773 4850 non
1809 4804 1894 4851 est
1930 4797 2034 4849 im-

471 4901 787 4970 pedimento
817 4903 874 4948 ut
926 4895 1018 4956 sit,
1058 4891 1153 4947 sed
1205 4891 1319 4945 haec
1375 4888 1484 4943 duo
1519 4889 1662 4943 inter
1721 4903 1785 4943 se
1841 4896 2034 4944 mutuo

471 4987 875 5060 quodammodo
903 4991 1066 5038 sunt:
1100 4995 1224 5035 nam
1253 4987 1306 5034 et
1336 4978 1601 5032 naturalis
1626 4977 1846 5032 videndi
1879 4990 2034 5035 actus

469 5084 802 5136 voluntatem
835 5075 1102 5144 sequitur,
1137 5081 1191 5127 et
1241 5085 1460 5125 rursum
1496 5071 1748 5124 voluntas
1803 5071 1872 5125 ab
1931 5072 2033 5124 hoc
2081 5111 2086 5116 ρ

471 5181 619 5226 mutu
657 5166 873 5223 videndi
915 5163 1004 5234 qui
1038 5170 1123 5218 est
1160 5158 1463 5216 secundum
1500 5167 1776 5224 naturam,
1812 5175 1916 5211 non
1938 5159 2032 5212 dc-

470 5263 712 5316 seritur:
749 5263 808 5311 ut
839 5256 1002 5324 igitur
1031 5252 1190 5306 oculo
1222 5248 1490 5318 inspectio
1524 5265 1618 5303 seu
1655 5249 1793 5302 visio
1839 5258 2030 5302 natura

470 5353 630 5404 insita
666 5357 770 5413 est,
802 5357 856 5402 et
887 5344 1105 5401 videndi
1158 5343 1416 5395 voluntas
1477 5339 1680 5392 nullam
1715 5340 2027 5392 dilationem

469 5442 534 5494 ad
567 5444 741 5510 ipsum
773 5437 990 5493 videndi
1026 5447 1206 5490 actum
1241 5434 1440 5494 attulit,
1471 5429 1565 5484 sed
1590 5431 1702 5482 vult
1737 5431 1786 5484 ei
1815 5431 2026 5491 adesse,

469 5543 522 5589 et
552 5533 692 5601 quod
725 5531 838 5582 vult
867 5537 988 5583 est:
1018 5527 1093 5580 sic
1112 5535 1166 5580 et
1186 5525 1240 5579 in
1265 5521 1537 5583 ineffabili,
1561 5535 1883 5589 omnemque
1936 5537 2028 5574 eo-

469 5623 786 5695 gitationem
822 5625 1115 5686 superante
1148 5623 1364 5673 natura,
1393 5610 1579 5664 omnia
1625 5611 1784 5664 simul
1821 5617 1875 5663 cl.
1939 5625 2027 5664 se-

479 5713 719 5772 cundum
751 5708 890 5763 idem
921 5722 1043 5763 esse
1089 5704 1462 5774 intelligimus,
1500 5710 1553 5756 et
1604 5703 1790 5755 aeterni
1853 5699 2030 5757 Patris

2204 2528 2412 2598 Ὥσπερ
2433 2528 2485 2581 εί
2507 2544 2610 2590 τις,
2641 2527 2784 2596 λέγω
2807 2529 2864 2582 δὲ
2885 2530 3005 2584 καθ’
3033 2529 3304 2590 ὑπόθεσιν,
3321 2531 3713 2602 προαιρετική-θ

2133 2634 2258 2670 τινα
2307 2621 2371 2688 τῇ
2420 2617 2576 2686 φλογὶ
2607 2617 2832 2688 δύναμιν
2865 2620 2980 2690 δοίη
3001 2661 3015 2685 ,
3061 2620 3215 2690 δῆλον
3253 2621 3320 2674 ἂν
3346 2621 3431 2691 εἴη
3460 2621 3543 2674 ὅτι
3575 2623 3715 2692 ὁμοῦ

2134 2708 2213 2776 τῷ
2241 2705 2378 2762 εἷναι
2405 2711 2437 2779 ἠ
2470 2709 2598 2777 φλὸξ
2627 2712 2720 2764 καὶ
2747 2712 2846 2781 τὴν
2874 2712 3049 2783 αὐγὴν
3071 2711 3370 2782 ἐκλάμπειν
3397 2714 3488 2781 ἀφ’
3513 2714 3716 2782 ἑαυτῆς

2137 2799 2351 2870 θελήσει
2376 2817 2390 2831 ·
2443 2800 2716 2872 θελήσασα
2757 2804 2814 2856 δὲ
2855 2805 3068 2867 πάντως
3098 2803 3198 2857 οὐκ
3235 2804 3576 2874 ἀδυνατήσει,
3613 2805 3715 2874 τῆς

2141 2893 2374 2962 φυσικῆς
2397 2892 2675 2964 δυνάμεως
2695 2895 2940 2959 ἐπιτελὲς
2971 2895 3227 2964 ποιούσης
3249 2895 3386 2965 ὁμοῦ
3411 2895 3491 2965 τῷ
3520 2899 3718 2965 συστῆ-

2140 2996 2229 3033 ναι
2273 2979 2370 3050 τὴν
2422 2980 2631 3050 φλόγα,
2675 2983 2736 3035 το
2783 2983 2908 3054 περὶ
2951 2985 3048 3055 τῆς
3095 2985 3268 3054 αὐγῆς
3314 2984 3597 3055 βούλημαο
3640 2985 3719 3048 ὡς

2142 3072 2548 3144 άναντιρῤήτως
2581 3077 2628 3127 εί
2649 3074 2806 3128 τοῦτο
2833 3075 3009 3144 δοθείη
3036 3076 3095 3128 τὸ
3123 3075 3516 3147 προαιρετικῶς
3547 3079 3718 3129 κινεῖ-

2141 3163 2264 3216 σθαι
2296 3163 2394 3235 τὴν
2423 3165 2614 3234 φλόγα,
2651 3167 2867 3221 πάντων
2890 3167 3028 3221 κατά
3060 3169 3260 3238 ταυτὴν
3283 3168 3378 3238 τὴν
3410 3168 3718 3239 συνδρομὴν

2139 3255 2397 3317 νοεῖσθαι,
2439 3257 2540 3326 τῆς
2571 3275 2629 3310 τε
2675 3258 2768 3311 τοῦ
2818 3259 2984 3330 πυρὸς
3023 3258 3284 3329 ἐξάψεως,
3334 3259 3551 3314 καὶτοῦ
3583 3262 3717 3330 περὶ

2138 3346 2237 3416 τὴν
2269 3347 2441 3418 αὐγὴν
2473 3349 2796 3420 θελήματος,
2825 3352 2919 3404 καὶ
2949 3351 3118 3422 αὐτῆς
3141 3354 3241 3423 τῆς
3271 3351 3463 3421 αὐγῆς.
3496 3353 3573 3415 ὡς
3604 3369 3711 3422 μη-

2137 3439 2226 3492 δὲν
2259 3441 2359 3511 τῆς
2403 3442 2791 3512 προαιρετικῖκ
2821 3445 3084 3512 κινήσεως
3127 3444 3260 3515 πρὸς
3296 3443 3394 3515 τὴν
3427 3444 3585 3510 ἀξίαν
3615 3448 3712 3514 τῆς

2138 3529 2312 3598 αὐγῆς
2345 3530 2640 3584 ὖπόστασιν
2669 3532 3064 3602 ἐμποδιζούσης
3095 3549 3106 3561 ·
3153 3532 3325 3596 οὕτως
3359 3533 3497 3586 κατά
3531 3534 3588 3587 τὸ
3615 3537 3713 3603 ρη-

2141 3619 2237 3674 θὲν
2269 3621 2396 3691 ἡμῖν
2417 3621 2734 3692 ὑπόδειγμα,
2760 3623 2854 3676 καὶ
2877 3622 2954 3693 τῷ
2983 3623 3156 3693 Πατρὶ
3178 3623 3237 3676 τὸ
3261 3622 3463 3691 ἀγαθὸν
3502 3622 3711 3693 θέλημα

2140 3710 2531 3780 συνομολογῶν,
2556 3712 2656 3765 οὐκ
2692 3713 3019 3786 ἀποστήσεις
3045 3714 3132 3768 διὰ
3167 3713 3260 3766 τοῦ
3294 3713 3596 3784 θελήματος
3616 3714 3706 3767 τοῦ

2139 3802 2351 3872 Πατρὸς
2381 3803 2472 3855 τὸν
2516 3803 2681 3857 Υίόν.
2713 3805 2846 3858 Οὐδὲ
2874 3806 2982 3876 γάρ
3019 3807 3164 3869 είκός
3196 3807 3310 3858 ἐστι
3344 3806 3406 3858 τὸ
3448 3805 3542 3858 τοῦ
3571 3801 3708 3859 εἶναι

2137 3893 2300 3946 αὑτὸν
2345 3893 2606 3964 βούλημα,
2655 3895 2909 3965 ἐμπόδιον
2951 3896 3044 3948 τοῦ
3084 3896 3246 3959 εὐθὺς
3275 3892 3415 3949 εἶναι
3442 3897 3707 3963 γίνεσθαι.

2153 3984 2286 4039 Ἀλλ’
2315 3986 2500 4057 ὥσπερ
2532 3989 2588 4040 ἐν
2619 3986 2697 4057 τῷ
2729 3987 2988 4058 ὀφθαλμῷ
3020 3988 3079 4040 τό
3138 4006 3196 4040 τε
3244 3988 3465 4058 βλέπειν
3519 3989 3611 4042 καὶ
3647 3989 3706 4040 τὺ

2138 4076 2312 4131 θέλειν
2344 4076 2579 4147 βλέπειν,
2614 4077 2673 4130 τὸ
2703 4077 2802 4148 μὲν
2827 4079 2924 4148 τῆς
2947 4078 3160 4148 φύσεώς
3180 4081 3328 4131 ἐστιν
3356 4081 3625 4151 ἐνέργεια,
3648 4078 3708 4130 τὸ

2137 4169 2194 4222 δὲ
2230 4169 2553 4239 ὁρμηθῆναι,
2605 4169 2704 4238 τῆς
2735 4169 3128 4240 προαιρέσεως,
3176 4171 3233 4223 οὐ
3289 4171 3396 4242 μὴν
3430 4171 3706 4241 ἐμπόδιον,

2138 4253 2275 4308 ἀλλά
2305 4252 2497 4323 βουλὴν
2527 4256 2746 4324 ἐμποιεῖ
2773 4258 2840 4326 τῇ
2884 4257 3136 4330 ἐνεργείᾳ
3173 4258 3263 4312 τοῦ
3304 4259 3524 4328 βλέπειν
3575 4259 3711 4330 πρὸς

2133 4343 2268 4398 ἀὐτὸ
2302 4342 2459 4396 τοῦτο
2502 4344 2601 4414 τῆς
2637 4345 3010 4417 προαιρέσεως
3057 4349 3090 4418 ή
3137 4349 3351 4417 κίνησις
3385 4365 3400 4380 υ
3457 4347 3564 4418 ἰδίᾳ
3602 4348 3710 4418 γὰρ

2138 4433 2340 4487 τούτων
2392 4431 2652 4504 ἑκάτερον
2701 4435 2797 4488 καὶ
2846 4436 2932 4506 ἐφ’
2979 4436 3169 4506 ἐαυτοῦ
3209 4437 3514 4508 θεωρεῖται,
3559 4439 3711 4492 οὐδὲν

2138 4525 2392 4594 ἐμπόδιον
2413 4524 2548 4596 πρὸς
2568 4525 2630 4579 τὸ
2651 4520 2791 4580 εἶναι
2810 4527 2871 4580 τὸ
2893 4527 3075 4596 ἕτερον
3097 4525 3174 4597 τῷ
3194 4527 3365 4598 ἑτέρῳ
3404 4529 3708 4600 γινόμενον,

2135 4614 2270 4668 ἀλλά
2280 4615 2348 4669 τὰ
2361 4615 2474 4683 δύο,
2487 4616 2686 4690 τρόπον
2702 4617 2822 4670 τινὰ
2839 4619 2954 4686 μετ’
2967 4616 3209 4687 ἀλλήλων
3225 4619 3358 4684 ἐστὶ,
3375 4620 3477 4689 τῆς
3488 4637 3548 4672 τε
3562 4637 3714 4688 φυσιο

2136 4707 2240 4775 κῆς
2261 4707 2540 4779 ἐνεργείας
2569 4711 2635 4778 τῇ
2667 4707 2977 4778 προαιρέσει
3005 4709 3481 4781 παρομαρτούσης,
3502 4711 3600 4763 καὶ
3615 4712 3713 4781 τῆς

2136 4795 2501 4863 προαιρέσεως
2529 4794 2688 4847 πάλιν
2717 4793 2812 4846 τοῦ
2843 4796 2984 4850 κατά
3014 4797 3174 4865 φύσιν
3209 4798 3310 4850 οὐκ
3341 4798 3714 4869 ἀπολιμπανο·

2141 4885 2307 4955 μένης
2327 4887 2621 4956 κινήματος
2652 4901 2665 4915 ·
2711 4885 2786 4949 ὼς
2814 4881 2907 4940 οὖν
2937 4886 3014 4957 τῷ
3036 4887 3298 4960 ὀφθαλμῷ
3327 4891 3358 4959 ἡ
3382 4891 3711 4959 κατανόησις

2137 4977 2386 5047 συμφυής
2433 4977 2571 5043 ἐστι,
2619 4979 2714 5030 καὶ
2744 4979 2776 5048 ἡ
2809 4977 2903 5031 τοῦ
2969 4980 3100 5050 όρᾷν
3148 4979 3399 5051 βούλησις
3452 4981 3716 5052 οὐδεμίαν

2137 5066 2424 5136 ὑπέρθεσιν
2444 5065 2580 5135 πρὸς
2611 5067 2741 5118 αὐτὸ
2763 5067 2895 5138 ὁρᾷν
2921 5067 3256 5135 ἐνεποίησεν,
3277 5068 3414 5122 ἀλλὰ
3446 5071 3540 5122 καὶ
3561 5069 3712 5122 θέλει

2131 5160 2280 5228 αὐτῷ
2307 5156 2444 5214 εἶναι
2470 5161 2568 5230 τὴν
2596 5161 2812 5231 ὅρασιν,
2849 5160 2943 5214 καὶ
2967 5161 2997 5214 ὃ
3028 5161 3170 5214 θέλει
3215 5164 3361 5216 ἐστίν
3383 5178 3398 5192 ⁸
3447 5163 3590 5217 οὕτω
3619 5169 3715 5218 καὶ

2132 5251 2224 5303 ἐπὶ
2268 5252 2366 5320 τῆς
2413 5252 2650 5323 ἀρρήτου
2697 5251 2789 5304 καὶ
2819 5251 2959 5322 ὑπὲρ
3001 5253 3180 5306 πᾶσαν
3209 5253 3416 5306 ἔννοιαν
3461 5256 3711 5321 φύσεως,

2135 5341 2350 5395 πάντων
2371 5341 2487 5412 ἅμα
2531 5343 2672 5394 κατά
2701 5343 2898 5396 ταυτὸν
2925 5345 3195 5412 ἐγγίνεται
3226 5347 3360 5415 ἡμῖν
3405 5349 3437 5415 ή
3476 5348 3711 5411 διάνοια,

2131 5431 2232 5499 τῆς
2263 5448 2322 5484 τε
2349 5431 2517 5484 ἀϊδίου
2533 5429 2626 5484 τοῦ
2657 5432 2867 5503 Πατρὸς
2885 5434 3187 5503 ὑπάρξεως.
3215 5439 3309 5489 καὶ
3329 5440 3458 5509 περὶ
3473 5439 3563 5491 τὸν
3579 5438 3715 5493 Υίδν

2135 5521 2451 5592 θελήματος,
2493 5523 2584 5575 καὶ
2611 5524 2772 5577 αὐτοῦ
2803 5524 2896 5577 τοῦ
2925 5525 3074 5590 Υίοῦ,
3120 5525 3236 5591 τοῦ,
3275 5527 3455 5592 καθώς
3485 5545 3652 5598 φησιν
3683 5533 3719 5586 ὁ

2151 5614 2418 5682 Ἰωάννης,
2454 5615 2511 5665 ἐν
2542 5616 2608 5684 τῇ
2642 5615 2782 5686 ἀρχῇ
2813 5615 2985 5678 ὄντος,
3017 5618 3110 5670 καὶ
3140 5617 3200 5670 οὑ
3236 5617 3375 5687 μετά
3401 5619 3500 5689 τὴν
3529 5620 3720 5692 ἀρχὴν

2139 5701 2448 5771 νοουμένου.
2489 5702 2654 5774 ’Δρχὴ
2682 5703 2738 5756 δὲ
2768 5703 2860 5757 τοῦ
2889 5704 3086 5769 παντὸς
3111 5707 3138 5759 ὁ
3161 5707 3350 5780 Πατήρ
3373 5724 3386 5737 ·
3417 5706 3533 5763 ἀλλ’
3553 5709 3615 5766 ἐν
3640 5713 3720 5784 τῇ
