4002 6218
269 333 365 387 7η

1353 337 1628 393 CONTRA
1670 339 2067 406 EUNOMlUM,
2108 339 2235 395 LIB.
2279 342 2413 397 Vlll.

3410 346 3509 403 778

272 449 406 516 ἀρχῆ
433 446 606 517 ταύτῃ
638 447 730 500 καὶ
759 447 790 499 ὁ
818 446 942 511 Υίδς
972 442 1110 502 εἶναι
1159 450 1517 520 κεκήρυκται,
1561 455 1738 511 ἐκεῖνο
1762 458 1837 511 ὢν

1965 456 2260 511 :xsistentia
2285 463 2339 511 et
2364 444 2657 525 generandi
2692 453 2813 509 Filii
2855 453 3162 517 voluntas,
3189 462 3245 510 et
3280 458 3506 527 ipsemet

271 539 400 592 κατὰ
426 537 525 609 τὴν
553 537 739 607 φύσιν,
773 540 911 611 ὅπερ
943 540 1090 594 ἐστὶν
1130 542 1163 611 ἡ
1197 543 1356 613 άρχή.
1399 542 1530 607 Θεὸς
1557 544 1662 618 γὰρ
1686 549 1779 602 καὶ
1806 551 1839 619 ή

274 628 424 698 ἀρχὴ,
460 628 554 680 καὶ
596 629 626 681 ὁ
664 628 723 680 ὲν
749 631 813 699 τῇ
847 629 988 701 ἀρχῇ
1018 629 1094 682 ὣν
1127 631 1297 699 Λόγος
1362 632 1495 696 Θεός
1527 636 1693 691 ἐστιν.
1730 638 1842 708 Τῆς

272 719 323 773 δὲ
346 717 516 788 ἀρχῆς
539 718 601 771 τὸ
629 719 805 773 ἀΐδιον
834 719 1266 792 ἐνδεικνυμένης,
1315 723 1496 787 καλῶς
1519 726 1549 777 ὁ
1587 726 1840 799 Ἰωάννης

273 814 324 864 ὲν
344 814 407 882 τῇ
434 811 578 881 ἀρχῇ
610 811 872 865 συνάπτει
900 811 991 867 τὸν
1020 813 1211 882 Λόγον,
1241 815 1298 868 ὲν
1330 817 1466 887 αὐτῇ
1493 813 1632 872 εἶναι
1667 820 1840 888 λέγων

270 903 356 955 τὸν
383 903 556 972 Λόγον
576 919 591 933 ·
643 902 804 958 τοῦτο
835 903 912 968 ὡς
953 898 1104 975 οἶμαι
1147 907 1590 972 κατασκευάζων,
1635 910 1722 965 ἵνα
1767 911 1841 981 μὴ

272 992 445 1067 φθάσῃ
493 994 630 1064 μόνη
682 993 803 1049 καθ’
849 995 1045 1066 ἑαυτὴν
1119 996 1432 1064 ἐγγενέσθαι
1480 1002 1513 1069 η
1575 1001 1716 1072 ἁρχὴ
1766 1001 1844 1071 τῷ

270 1088 576 1153 ἀκούσαντι,
599 1090 734 1145 ἀλλὰ
754 1092 881 1164 πρὶν
908 1092 1110 1163 ταύτην
1139 1095 1507 1165 ἐντυταυθῆναι
1529 1098 1593 1167 τῇ
1614 1096 1843 1169 διανοίᾳ,

272 1181 675 1254 συγκατανοηθῇ
700 1185 777 1254 τῇ
810 1184 952 1255 ἀρχῇ
980 1183 1074 1237 καὶ
1102 1186 1130 1237 ὁ
1161 1184 1331 1254 Λόγος
1373 1186 1403 1238 ὁ
1441 1188 1499 1240 ὲν
1532 1186 1714 1261 ἐκείνῃ
1744 1188 1842 1251 ὢν,

272 1273 621 1327 συνεισελθὼν
664 1274 783 1345 μετ’
830 1274 999 1343 αὐτῆς
1049 1275 1129 1337 είς
1171 1275 1272 1344 τὴν
1313 1275 1408 1329 τοῦ
1440 1276 1726 1341 ἀκούοντος
1756 1279 1842 1333 ἔν-

271 1380 438 1427 νοιαν,
470 1365 561 1419 καὶ
592 1365 730 1436 μετὰ
754 1365 855 1434 τῆς
880 1364 1055 1436 ἀρχῆς
1094 1366 1159 1435 τῇ
1189 1366 1325 1437 ἀκοῇ
1363 1367 1734 1438 ἐγγενόμενος.

1940 546 2113 603 Filius
2143 548 2236 618 qui
2272 547 2576 603 secundum
2602 546 2866 601 Joannem
2896 547 2949 600 in
2985 546 3257 617 principio
3287 555 3426 612 erat,
3454 556 3512 603 et

1940 654 2048 693 non
2082 648 2202 709 post
2233 640 2563 710 principium
2614 639 2957 709 intelligitur.
2991 638 3328 709 Principium
3385 640 3512 709 qui-

1938 730 2061 785 dem
2093 731 2333 786 universi
2360 730 2522 786 Pater
2541 738 2647 794 est,
2681 730 2777 785 sed
2807 731 2859 783 in
2891 730 2992 784 hoc
3048 731 3319 801 principio
3345 730 3511 785 etiam

1941 820 2112 877 Filius
2135 836 2259 878 esse
2284 822 2612 893 praedicatus
2643 829 2748 887 est,
2788 822 2917 875 illud
2948 835 3071 875 cum
3104 821 3176 876 sit
3205 820 3511 876 secundum

1939 920 2216 979 naturam,
2262 913 2407 984 quod
2467 922 2552 968 est
2590 901 2941 984 principium.
3013 912 3154 968 Deus
3217 912 3364 967 enim
3426 921 3513 966 est

1941 1006 2118 1075 ipsum
2150 1005 2502 1075 principium,
2539 1013 2594 1060 et
2639 1005 2785 1061 Deus
2836 1011 2923 1060 est
2955 1003 3102 1075 quod
3151 1006 3205 1058 in
3245 1002 3515 1073 principio

1939 1105 2057 1151 erat
2090 1093 2352 1152 Verbum.
2396 1097 2531 1154 Cum
2602 1107 2780 1152 autem
2848 1097 3176 1168 principium
3236 1096 3515 1151 aeternitas

1940 1187 2192 1258 principii
2239 1198 2383 1244 esset
2433 1189 2804 1245 demonstrata
2828 1227 2843 1252 ,
2874 1188 3131 1258 praeclare
3183 1186 3423 1242 Joannes
3457 1186 3514 1239 in

1943 1279 2212 1349 principio
2246 1278 2484 1336 Verbum
2530 1279 2771 1350 copulat,
2823 1293 2946 1334 cum
2979 1277 3216 1333 Verbum
3279 1277 3335 1332 in
3394 1276 3517 1346 ipso

1949 1383 2074 1423 esse
2100 1369 2234 1423 dicit
2265 1387 2279 1424 :
2309 1370 2414 1424 hoc
2446 1378 2506 1424 ut
2541 1368 2738 1439 opinor
2764 1375 3118 1438 praestruens,
3166 1383 3233 1421 ne
3263 1365 3516 1421 videlicet

272 1464 574 1527 preventus
602 1457 841 1520 auditor,
874 1459 1049 1513 solum
1100 1472 1195 1527 per
1235 1473 1296 1513 se
1330 1458 1654 1528 principium
1699 1474 1821 1515 esse
1859 1460 2044 1515 statim
2082 1462 2372 1535 intelligat,
2409 1463 2505 1519 sed
2572 1469 2866 1532 antequam
2942 1461 3123 1531 ipsum
3180 1457 3515 1529 principium

272 1548 324 1601 iu
362 1562 546 1603 mente
573 1549 852 1604 audientis
881 1550 1251 1619 imprimatur,
1280 1548 1517 1605 Verbum
1587 1553 1754 1605 etiam
1824 1550 1991 1606 simul
2059 1568 2184 1608 cum
2240 1555 2513 1625 principio
2575 1556 2945 1627 intelligatur,
3021 1552 3153 1607 illud
3209 1565 3309 1606 ens
3366 1552 3517 1619 quod

274 1634 445 1707 ipsum
469 1648 555 1694 est
580 1638 909 1709 principium
941 1639 1107 1694 simul
1153 1654 1280 1695 cum
1312 1639 1431 1708 ipso
1489 1640 1544 1695 in
1579 1638 1850 1696 audientis
1910 1652 2145 1699 mentem
2218 1645 2462 1711 subiens,
2499 1654 2552 1701 et
2588 1662 2695 1701 una
2731 1660 2854 1701 cum
2885 1643 3155 1715 principio
3201 1643 3257 1696 in
3319 1641 3510 1697 auditu

273 1729 493 1785 insitus.

328 1824 550 1879 Οιῖιιιτωσὶ⁸
594 1825 654 1878 δὲ
712 1822 810 1878 τοῦ
876 1823 1142 1891 δόγματος
1191 1823 1324 1892 ἡμῖν
1352 1820 1863 1891 διευκρινηθέντος,-

2009 1819 2145 1875 Cum
2178 1820 2345 1889 igitur
2372 1818 2647 1890 dogmatis
2695 1818 2872 1874 nostri
2909 1820 3297 1885 assertionem,
3327 1820 3409 1876 sic
3437 1820 3522 1875 di-

275 1909 457 1981 καιρὸς
484 1908 552 1963 ἂν
580 1908 666 1979 εἴη
696 1911 789 1962 καὶ
814 1909 904 1961 τὸν
933 1910 1175 1962 ἐναντίον
1203 1909 1481 1981 προθεῖναι
1514 1910 1607 1963 καὶ
1635 1908 1843 1979 θεωρῆ⁶

276 2019 360 2056 σαι
384 2001 563 2070 λόγον,
595 2002 660 2053 ἐκ
692 2000 1032 2073 παραλλήλου
1057 2001 1193 2073 πρὸς
1217 2001 1316 2065 τὰς
1341 2001 1610 2072 ἡμετέρας
1638 1999 1808 2069 ὐπολή
1823 2028 1840 2038 -

272 2094 390 2165 {ista
440 2092 859 2157 άντεξετάζοντα
893 2110 905 2123 ·
955 2093 1103 2160 λέγει
1153 2092 1211 2146 δὲ
1283 2091 1452 2154 οὕτως
1478 2109 1491 2122 ·
1571 2092 1685 2145 Δύο
1733 2092 1844 2159 γὰρ

271 2185 476 2250 ὄντως,
551 2185 703 2254 φησὶ,
750 2181 868 2237 τῶν
926 2183 1027 2253 ὑφ’
1056 2182 1226 2252 ἡμῶν
1258 2184 1601 2252 εἰρημένων,
1630 2181 1736 2237 τοῦ
1782 2199 1846 2235 τε

270 2275 386 2344 πρὸ
438 2274 548 2344 τῆς
580 2275 733 2341 ιδίας
782 2275 1119 2344 γεννήσεως
1166 2273 1252 2344 μὴ
1285 2272 1435 2330 εἶναι
1477 2273 1593 2342 τὴν
1626 2274 1848 2329 οὐσίαν

271 2368 380 2423 τοῦ
414 2365 813 2436 Moverer-06c,
849 2367 947 2420 καὶ
984 2366 1089 2421 τοῦ
1125 2367 1520 2436 γεννηθεῖσαν
1551 2366 1664 2434 πρὸ
1695 2363 1847 2418 πάν-

271 2478 393 2515 των
410 2456 581 2523 εἶναι,
602 2459 729 2515 οὗθ’
741 2458 946 2527 ἕτερον
963 2458 1082 2512 τῶν
1096 2458 1418 2527 εἰρημένων
1443 2457 1675 2527 ἐλέγχει
1704 2457 1851 2527 ψεῦ-

266 2555 401 2623 δος.
428 2554 576 2608 οὔτε
600 2553 709 2624 γὰρ
729 2552 809 2619 ὡς
826 2551 940 2620 πρὸ
958 2550 1069 2621 τῆς
1090 2551 1365 2606 ἀνωτάτω
1386 2549 1719 2620 γεννήσεως
1751 2549 1853 2627 καὶ

268 2644 637 2710 συστάσεως
671 2641 766 2715 ἦν,
793 2644 983 2699 ειπεῒν
999 2644 1355 2714 ἐτόλμησεν,
1378 2641 1853 2710 ἀντιπιπτούσης

269 2737 385 2807 τῆς
402 2736 505 2791 τοῦ
516 2736 740 2803 [Ἰατρὸς
750 2736 1006 2804 φύσεως,
1021 2734 1116 2788 καὶ
1133 2734 1243 2803 τῆς
1251 2734 1371 2788 τῶν
1380 2731 1855 2802 σωφρονούντων

264 2839 550 2895 κρίσεως.
607 2826 701 2893 Τίς
726 2825 836 2896 γὰρ
868 2824 947 2880 ἂν
976 2825 1075 2880 καὶ
1102 2823 1498 2894 παραδέξαιτο
1523 2821 1857 2895 σωφρονῶν

277 2919 433 2972 Υἱὸν
473 2918 616 2972 ὄντα
639 2919 734 2974 καὶ
782 2916 1092 2988 γεννητὸν,
1138 2916 1249 2985 πρὸ
1281 2915 1393 2984 τῆς
1419 2916 1697 2971 ἀνωτάτω
1726 2932 1857 2986 γεν-

263 3008 537 3075 νήσεως,
565 3008 650 3078 μὴ
690 3008 973 3078 δεομένου
1019 3006 1358 3077 γεννήσεως
1381 3006 1531 3074 πρὸς
1550 3006 1616 3061 τὸ
1640 3004 1793 3061 εῖναι
1824 3005 1859 3059 ὅ

264 3101 413 3154 ἐστι
465 3096 570 3151 τοῦ
617 3094 794 3165 χωρὶς
866 3095 1207 3166 γεννήσεως
1249 3096 1448 3160 «Sarrae;
1501 3095 1563 3148 Εἰ
1603 3095 1702 3166 μὲν
1760 3090 1854 3149 οὖν

1950 1912 2328 1972 stinxerimus.
2351 1918 2723 1980 opportunum
2761 1909 2927 1964 fuerit
2947 1910 3285 1964 contrarium
3317 1923 3525 1965 sermo-

1950 2020 2075 2061 nem
2105 2017 2409 2074 pmponere
2436 2012 2490 2057 et
2517 2001 2810 2072 speculari.
2868 2016 2934 2057 ex
2964 1999 3197 2057 adverso
3242 2015 3370 2056 eum
3423 2015 3522 2056 no.

1953 2098 2082 2155 stris
2104 2096 2455 2168 opinionibus
2496 2094 2639 2150 facta
2672 2095 2982 2151 collatione.
3013 2092 3107 2150 Sic
3132 2105 3310 2149 autem
3339 2094 3473 2149 dicit
3505 2079 3535 2148 τ’

1953 2187 2087 2244 Cum
2112 2189 2272 2255 enim,
2306 2188 2502 2259 inquit,
2562 2186 2667 2242 duo
2701 2202 2816 2242 cere
2845 2186 3176 2250 dixerimus.
3207 2185 3344 2256 quod
3389 2186 3526 2241 video

1956 2280 2075 2333 licet
2108 2288 2229 2333 ante
2252 2280 2522 2349 propriam
2551 2280 2936 2350 generationem
2966 2293 3070 2332 non
3092 2286 3210 2331 erat
3261 2274 3525 2347 Unigeniti

1955 2372 2204 2435 essentia,
2230 2380 2279 2426 et
2308 2370 2446 2441 quod
2481 2379 2603 2425 ante
2630 2371 2811 2425 omnia
2836 2380 2914 2425 est
2944 2372 3143 2442 genita,
3164 2370 3402 2424 neutrius
3442 2369 3526 2422 Ito-

1957 2477 2076 2514 rum
2110 2462 2286 2532 arguit
2317 2461 2647 2516 mendacium
2673 2477 2692 2515 :
2720 2478 2882 2532 neque
2927 2463 3066 2516 enim
3098 2461 3237 2531 quod
3274 2471 3397 2515 ante
3434 2476 3527 2514 stt-

1956 2566 2188 2620 premam
2213 2552 2599 2623 generationem
2616 2562 2680 2610 .et
2708 2553 3136 2607 constitutionem
3190 2561 3327 2618 erat,
3365 2566 3527 2605 ausus

1960 2651 2037 2696 est
2065 2641 2238 2696 dicere
2268 2641 2368 2710 (a).
2393 2639 2685 2695 reluctante
2729 2640 2910 2695 Patris
2950 2651 3166 2706 natura,
3219 2650 3270 2695 et
3299 2640 3530 2708 pruden-

1964 2740 2073 2784 tum
2096 2732 2403 2786 adversanle
2422 2730 2652 2799 judicio.
2687 2729 2818 2795 Quis
2847 2732 2987 2785 enim
3015 2747 3222 2801 compos
3248 2730 3436 2785 mentis
3477 2738 3530 2785 et

1954 2823 2150 2893 iudicii
2192 2821 2443 2876 admittat
2505 2820 2707 2875 Filium
2755 2837 2868 2876 esse
2912 2831 2960 2875 et
2991 2823 3225 2892 genitum
3275 2830 3399 2876 ante
3446 2837 3530 2877 su-

1963 2928 2195 2981 premam
2225 2913 2644 2983 generationem,
2698 2928 2761 2965 ae
2796 2912 2845 2965 si
2878 2927 2980 2965 non
3016 2911 3264 2982 indigeret
3322 2928 3532 2982 genera-

1968 3006 2107 3060 tione
2129 3016 2185 3059 ut
2210 3013 2344 3059 esset
2374 3003 2428 3058 id
2467 3003 2605 3075 quod
2642 3011 2720 3059 est
2745 3004 2791 3058 is
2837 3004 2928 3073 qui
2966 3001 3161 3073 absque
3197 3006 3531 3075 generatione

1967 3097 2077 3151 est?
2102 3095 2159 3151 Si
2187 3096 2355 3167 igitur
2386 3108 2573 3150 verum
2618 3094 2877 3165 estquod
2936 3095 3156 3158 asserit,
3211 3095 3531 3165 magistrum

266 3186 537 3260 ἀληθεύει
566 3188 656 3242 τὸν
682 3186 999 3241 διδάσκαλον
1039 3186 1196 3259 ἡμῶν
1237 3185 1401 3257 μηδὲν
1437 3182 1736 3254 ἠγωνίσθαι
1763 3184 1855 3238 λέ-

1965 3186 2213 3244 n'ostrum
2251 3188 2385 3243 nibil
2426 3188 2606 3258 egisse
2650 3187 2916 3244 adversus
2947 3188 3068 3259 ejus
3116 3188 3530 3259 oppositiones:

268 3298 396 3349 γων
427 3277 563 3351 πρὸς
598 3278 696 3342 τὰς
722 3277 1042 3341 ἀντιθέσεις,
1085 3276 1243 3331 ἴδοιεν
1273 3275 1473 3339 πάντες
1497 3276 1611 3329 ὅσοι
1635 3277 1748 3338 τοῖς
1779 3274 1863 3327 16-

272 3389 401 3440 γοις
435 3368 643 3424 ἐκείνου
674 3370 1144 3441 καθωμιλήκασιν.
1208 3367 1350 3437 Ἐγὼ
1379 3368 1436 3422 δὲ
1486 3368 1504 3438 (
1529 3367 1723 3439 μικρὸν
1755 3366 1866 3438 γὰρ

276 3468 365 3529 εἰς
411 3462 687 3530 ἀπόδειξιν
736 3462 934 3526 κακίας
982 3462 1072 3517 τὸν
1123 3460 1342 3532 ἔλεγχον
1388 3460 1487 3530 τῆς
1523 3458 1652 3530 περὶ
1694 3457 1867 3512 ταῦτα

283 3557 656 3626 συκοφαντίας
702 3550 841 3610 εἶναι
884 3554 1211 3625 λογίζομαι)
1263 3550 1582 3607 καταλιπὼν
1615 3551 1676 3605 τὸ
1700 3548 1868 3615 δεῖξαι

289 3648 369 3719 μὴ
414 3646 764 3711 ἀνεξέταστον
798 3645 1187 3718 παρεωρᾶσθαι
1215 3645 1275 3699 τὸ
1320 3645 1485 3717 μέρος
1514 3644 1674 3698 τοῦτο
1717 3641 1868 3713 παρὰ

283 3739 383 3795 τοῦ
415 3738 733 3793 διδασκάλου
755 3778 771 3804 ,
816 3738 944 3809 περὶ
967 3738 1062 3809 τὴν
1087 3737 1328 3804 ἐξέτασιν
1348 3736 1455 3791 τῶν
1476 3735 1868 3807 προτεθέντων,

286 3830 443 3892 ὅπως
467 3830 533 3883 ἄν
558 3823 667 3883 οἷόν
690 3845 747 3881 τε
780 3824 834 3901 ᾖ,
856 3828 1040 3900 τρέψω
1065 3826 1155 3881 τὸν
1183 3827 1358 3896 λόγον.
1386 3827 1490 3881 Δύο
1522 3827 1684 3897 φησιν
1710 3825 1768 3879 ἐν
1795 3824 1872 3895 τῷ

290 3922 415 3975 καθ’
461 3921 651 3975 ἑαυτὸν
696 3921 974 3993 εἰρηκέναι
1017 3921 1181 3991 λόγῳ,
1233 3919 1292 3974 ἓν
1339 3921 1471 3991 μὲν,
1516 3919 1582 3973 τὸ
1619 3918 1728 3988 πρὸ
1773 3916 1874 3988 τῆς

293 4013 435 4076 ιδίας
452 4012 758 4083 γεννήσεως
786 4012 861 4083 μὴ
892 4007 1030 4066 εἶναι
1057 4012 1155 4084 τὴν
1179 4010 1368 4066 οὐσίαν
1395 4009 1488 4064 τοῦ
1512 4006 1871 4077 Μονογενοῦςο

291 4107 482 4176 ἕτερον
509 4105 586 4168 δὲ,
635 4104 697 4158 τὸ
740 4103 1090 4174 γεννηθεῖσαν
1137 4104 1244 4176 πρὸ
1276 4102 1494 4157 πάντων
1525 4097 1686 4156 εἶναι.
1736 4098 1874 4152 Ἀλλ’

294 4199 378 4252 ἔτι
410 4196 513 4267 μὲν
542 4196 605 4250 οὐ
637 4196 797 4267 καινή
844 4211 927 4258 τις
953 4196 1114 4249 οὐσία
1149 4194 1299 4265 παρὰ
1325 4191 1421 4247 τοῦ
1461 4191 1673 4263 Πατρὸς
1723 4192 1868 4259 ἐγεν-

296 4285 434 4356 νήθη
483 4285 590 4351 ἔξω
639 4285 737 4355 τῆς
790 4285 848 4337 ἐν
904 4281 1054 4353 αὐτῷ
1098 4281 1176 4353 τῷ
1233 4283 1409 4353 Harp!
1458 4277 1836 4349 θεωρουμένης
1860 4315 1876 4341 ι

299 4376 503 4440 ἱκανῶς
528 4372 682 4446 οἶμαι
711 4375 799 4429 διὰ
817 4374 924 4429 τῶν
955 4357 1362 4446 πρὸειρημένων
1394 4373 1529 4443 ἡμῖν
1565 4370 1878 4441 άποδιδεῑχο

301 4468 412 4530 θαι,
447 4467 544 4521 καὶ
574 4465 738 4537 μηδὲν
764 4464 986 4537 χρῄζειν
1030 4464 1196 4536 ἡμᾶς,
1231 4464 1307 4527 ὡς
1331 4461 1561 4533 πρώτως
1583 4462 1716 4531 ἡμῖν
1748 4476 1879 4532 προ-

1965 3279 2203 3335 viderint
2240 3294 2434 3336 omnes
2494 3280 2807 3350 quicunque
2866 3280 2922 3335 in
2985 3279 3133 3335 illius
3190 3279 3536 3335 sermonibus

1968 3371 2172 3428 versati
2214 3380 2362 3428 sunt.
2424 3370 2536 3441 Ego
2570 3385 2729 3434 vero,
2779 3369 3037 3441 quoniam
3090 3384 3283 3440 parum
3342 3369 3410 3425 ad
3444 3367 3538 3425 de-

1970 3463 2383 3520 monstrandam
2410 3463 2531 3534 ejus
2578 3463 2840 3518 malitiam
2884 3460 3066 3517 facere
3092 3461 3351 3525 arbitror,
3411 3476 3536 3517 eum

1971 3557 2024 3611 in
2078 3557 2165 3612 his
2235 3557 2414 3626 palam
2489 3555 2886 3611 calumniatum
2939 3552 3234 3624 arguisse,
3291 3552 3539 3608 omittam

1971 3647 2262 3703 ostendere
2311 3647 2630 3717 magistrum
2718 3652 2968 3703 nostrum
3022 3659 3132 3698 non
3192 3643 3538 3699 inexcussam

1973 3737 2390 3808 pmtemisisse
2418 3752 2536 3793 eam
2573 3746 2802 3806 partem,
2849 3746 2904 3791 et
2961 3736 3028 3789 ad
3069 3733 3430 3789 examinanda
3477 3747 3541 3788 ea

1973 3841 2095 3897 quae
2122 3825 2192 3880 ab
2237 3826 2358 3894 ipso
2406 3832 2808 3894 proponuntur,
2839 3830 3103 3893 quantum
3156 3820 3272 3876 ﬁeri
3310 3821 3537 3890 poterit,

1975 3916 2278 3972 orationem
2307 3922 2647 3969 convertam.
2679 3913 2796 3969 Duo
2852 3913 3031 3983 inquit
3079 3911 3133 3965 in
3164 3924 3267 3966 suo
3288 3925 3543 3967 sermone

1974 4004 2202 4085 dixisse,
2272 4017 2441 4059 unum
2498 4003 2718 4074 quidem
2771 4002 2918 4073 quod
2962 4006 3089 4057 ante
3140 3998 3544 4069 generationem

1977 4112 2101 4167 quae
2132 4097 2236 4169 ipsi
2268 4098 2488 4169 propria
2515 4107 2621 4163 est,
2661 4096 2935 4168 Unigeniti
2961 4097 3198 4153 essentia
3232 4111 3340 4150 non
3389 4102 3541 4159 erat;

1978 4189 2211 4243 alterum
2260 4202 2391 4244 vero
2429 4188 2575 4257 quod
2632 4196 2760 4242 ante
2822 4188 3005 4243 omnia
3063 4189 3245 4259 genita
3276 4195 3363 4243 est
3425 4185 3547 4257 ejus

1978 4279 2239 4336 essentia.
2287 4278 2393 4335 Sed
2442 4280 2588 4350 quod
2618 4295 2725 4335 non
2760 4294 2900 4335 nova
2934 4281 3189 4351 qua-dam
3220 4280 3458 4337 essentia
3515 4294 3546 4333 a

1980 4369 2139 4425 Patre
2169 4368 2242 4425 sit
2265 4368 2469 4440 genita,
2501 4376 2655 4424 extra
2679 4383 2799 4424 eam
2829 4384 2951 4440 qua:
2979 4369 3033 4424 in
3068 4367 3188 4439 ipso
3217 4365 3377 4422 Patre
3412 4380 3547 4421 con-

1981 4463 2274 4527 sideratur,
2305 4462 2523 4519 abunde
2549 4478 2649 4534 per
2679 4478 2743 4519 ea
2775 4478 2897 4534 qua:
2922 4462 3067 4518 dicta
3104 4469 3233 4518 sunt
3279 4475 3309 4515 a
3366 4459 3547 4524 nobis,

302 4557 615 4627 τνεχθέντος
640 4556 733 4610 τοῦ
764 4556 944 4624 λόγου,
971 4556 1107 4628 πρὸς
1128 4555 1226 4627 τὴν
1250 4554 1505 4626 τοιαύτην
1534 4552 1865 4625 βλασφημίαι

1980 4556 2413 4612 demonstratum
2447 4569 2569 4611 esse
2601 4554 2901 4621 existimo;
2946 4554 3195 4624 nihilque
3228 4567 3368 4623 opus
3428 4564 3552 4607 esse

304 4644 735 4717 συμπλέκεσθαι,
772 4645 906 4715 πρὸς
936 4645 993 4698 δὲ
1025 4644 1185 4699 τοῦτο
1232 4644 1390 4715 μόνον
1420 4644 1715 4712 ἀναγκαῖον
1741 4640 1880 4695 εἶναι

302 4736 403 4808 τὴν
444 4735 682 4806 σπουδὴν
711 4734 962 4803 γενέσθαι
988 4734 1067 4806 τῷ
1097 4735 1258 4805 λόγῳ,
1307 4736 1444 4807 πρὸς
1472 4736 1571 4806 τὴν
1601 4734 1761 4789 ἄθεον
1783 4735 1884 4789 αὐ-

302 4825 399 4880 τοῦ
428 4826 571 4895 λέγω
600 4826 691 4881 καὶ
723 4824 967 4897 φρικώδη
993 4825 1194 4897 φωνὴν,
1220 4826 1319 4897 τὴν
1347 4826 1597 4898 φανερῶς
1623 4825 1883 4880 εἰποῦσαν

306 4920 439 4989 περὶ
467 4916 566 4971 1:06
615 4916 751 4971 Θεοῦ
796 4917 990 4986 Λόγου,
1038 4918 1120 4971 ὅτι
1160 4918 1262 4971 οὐκ
1300 4912 1369 4988 ἦν
1388 4934 1402 4948 ’
1448 4917 1585 4971 ἀλλὰ
1616 4919 1711 4971 καὶ
1756 4917 1885 4988 περὶ

306 5009 513 5081 ταύτης
550 5010 649 5079 τῆς
687 5008 1030 5081 βλασφημίας
1078 5010 1136 5063 ἑν
1175 5011 1286 5074 τοῖς
1324 5008 1736 5081 προειρημένοις
1778 5026 1880 5079 με·

306 5103 475 5173 τρίως
506 5101 850 5166 διαλαϐόντος
880 5101 975 5154 τοῦ
1016 5100 1197 5170 λόγου,
1228 5102 1369 5171 τάχα
1398 5098 1648 5171 περιττὸν
1701 5097 1767 5153 ἂν
1799 5099 1884 5169 εἴη

306 5191 480 5248 πάλιν
516 5192 606 5247 διὰ
632 5190 736 5246 τῶν
761 5193 961 5265 ὁμοίων
993 5193 1362 5265 θεωρημάτων
1416 5191 1484 5245 τά
1510 5189 1887 5263 προαποδεδει-

306 5285 493 5354 γμένα
524 5284 965 5350 κατασκευάζειν.
1002 5284 1205 5338 Τούτου
1237 5283 1346 5353 γὰρ
1373 5282 1557 5339 ἕνεκεν
1582 5280 1676 5334 καὶ
1704 5279 1889 5351 προεί-

308 5393 479 5447 ρηται
514 5377 644 5448 παρ’
673 5376 829 5447 ἡμῶν
861 5379 1064 5439 ἐκεῖνα,
1105 5375 1181 5440 ὡς
1212 5375 1313 5445 τῆς
1356 5371 1612 5437 εὐσεϐοῦς
1649 5371 1886 5434 διανοίας

306 5468 847 5541 προσντυπωθείσης,
883 5471 994 5533 τοῖς
1035 5466 1445 5537 ἐντυγχάνουσιν
1487 5461 1889 5532 καταφανεστέ-

304 5576 423 5631 ραν
439 5559 691 5631 γενέσθαι
700 5561 808 5616 τῶν
817 5563 1072 5616 ἐναντίων
1081 5559 1178 5632 τὴν
1193 5558 1249 5630 β)
1257 5574 1404 5628 ασφη
1410 5558 1558 5630 μίαν,
1569 5555 1678 5610 τῶν
1692 5556 1784 5609 ἐπὶ
1794 5553 1888 5609 τοῦ

1981 4663 2105 4711 ηοε.
2135 4656 2195 4702 ιιι
2241 4647 2475 4718 primum
2535 4645 2694 4703 nobis
2732 4646 2944 4717 prolato
2975 4658 3246 4707 sermone,
3281 4656 3408 4697 cum
3442 4640 3543 4696 tali

1982 4738 2319 4810 blasphemia
2344 4736 2678 4808 conﬂigere;
2709 4736 2802 4792 sed
2840 4735 2893 4789 in
2926 4734 3031 4789 hoc
3083 4731 3265 4788 solum
3298 4741 3552 4784 necessa-

1984 4830 2127 4885 rium
2157 4844 2280 4886 esse
2307 4828 2489 4885 studio
2534 4827 2850 4884 incumbere
2889 4826 2944 4881 in
2992 4825 3095 4879 bac
3156 4820 3548 4893 disputatione,

1985 4921 2111 4977 dico
2142 4919 2407 4977 adversus
2447 4918 2763 4975 horribilem
2792 4926 2847 4974 et
2907 4916 3125 4988 impiam
3180 4913 3301 4983 ejus
3361 4923 3551 4967 vocem

1986 5013 2186 5070 obnixe
2207 5012 2559 5077 contendere,
2586 5025 2708 5080 quae
2735 5017 2921 5080 aperte
2949 5006 3088 5062 dixit
3115 5004 3184 5059 de
3233 5000 3413 5057 Vetbo
3442 4997 3554 5054 Deo

1986 5105 2132 5177 quod
2190 5120 2301 5159 non
2364 5112 2502 5160 erat.
2557 5101 2666 5158 Sed
2727 5101 2797 5157 de
2830 5100 2933 5155 hac
2983 5095 3320 5165 blasphemia
3350 5092 3407 5146 in
3450 5104 3552 5145 an-

1989 5194 2206 5253 tedictis
2233 5211 2359 5251 cum
2383 5193 2495 5265 jam
2534 5190 2980 5252 disseruerimus,
3014 5186 3249 5241 fortasse
3295 5193 3557 5253 superva-

1988 5299 2222 5340 caneum
2257 5282 2424 5339 fuerit
2456 5295 2650 5336 rursus
2691 5293 2788 5349 per
2852 5275 3052 5333 similia
3111 5273 3467 5332 theoremata,
3502 5266 3557 5322 id

1993 5384 2080 5432 est
2105 5373 2500 5445 speculamine,
2527 5385 2651 5442 qua
2704 5368 2858 5440 prius
2912 5364 3132 5420 fuerunt
3182 5362 3559 5417 demonstrata

1996 5473 2302 5521 exstruere.
2333 5459 2446 5517 Bac
2476 5461 2622 5516 enim
2653 5459 2719 5514 de
2752 5468 2922 5512 causa
2952 5453 3007 5508 in
3040 5451 3415 5523 superioribus
3439 5461 3560 5505 scr-

2004 5554 2257 5611 monibus
2285 5553 2378 5609 illa
2411 5551 2797 5627 praemisimus,
2837 5556 2899 5603 ut
2934 5546 3022 5603 bis
3057 5548 3149 5619 qui
3182 5549 3236 5603 in
3269 5550 3387 5604 haec
3422 5540 3562 5599 scri-

390 5740 472 5813 (ι.)
497 5739 729 5798 Basilius
762 5754 953 5811 nempe
978 5740 1071 5809 qui
1101 5747 1290 5795 contra
1326 5739 1648 5797 Eunomium
1673 5736 1991 5809 scripserat.

650 5832 924 5895 PATIOL.
954 5830 1076 5893 Gn.
1122 5831 1307 5896 XLV.

3245 5807 3327 5867 25
