  <div class='ocr_page' id='page_1' title='image "/cluster/home/n/w/nwhite01/storage/ocr_20150623/45/hvd.32044073501876/407.png"; bbox 0 0 4002 6218; ppageno 0'>
   <div class='ocr_carea' id='block_1_1' title="bbox 524 291 635 347">
    <p class='ocr_par' dir='ltr' id='par_1_1' title="bbox 524 291 635 347">
     <span class='ocr_line' id='line_1_1' title="bbox 524 291 635 347; baseline -0.018 -1"><span class='ocrx_word' id='word_1_1' title='bbox 524 291 635 347; x_wconf 73' lang='grc'><strong>779</strong></span> 
     </span>
    </p>
   </div>
   <div class='ocr_carea' id='block_1_2' title="bbox 1803 296 2550 356">
    <p class='ocr_par' dir='ltr' id='par_1_2' title="bbox 1803 296 2550 356">
     <span class='ocr_line' id='line_1_2' title="bbox 1803 296 2550 356; baseline 0.008 -6"><span class='ocrx_word' id='word_1_2' title='bbox 1803 296 1858 350; x_wconf 90' lang='lat' dir='ltr'><strong>S.</strong></span> <span class='ocrx_word' id='word_1_3' title='bbox 1902 297 2227 354; x_wconf 76' lang='lat' dir='ltr'><strong>GREGOIlll</strong></span> <span class='ocrx_word' id='word_1_4' title='bbox 2261 299 2550 356; x_wconf 80' lang='lat' dir='ltr'><strong>NYSSENI</strong></span> 
     </span>
    </p>
   </div>
   <div class='ocr_carea' id='block_1_3' title="bbox 3642 303 3767 357">
    <p class='ocr_par' dir='ltr' id='par_1_3' title="bbox 3642 303 3767 357">
     <span class='ocr_line' id='line_1_3' title="bbox 3642 303 3767 357; baseline 0 0"><span class='ocrx_word' id='word_1_5' title='bbox 3642 303 3767 357; x_wconf 65' lang='grc' dir='ltr'><strong>τεο</strong></span> 
     </span>
    </p>
   </div>
   <div class='ocr_carea' id='block_1_4' title="bbox 524 396 2086 494">
    <p class='ocr_par' dir='ltr' id='par_1_4' title="bbox 524 396 2086 487">
     <span class='ocr_line' id='line_1_4' title="bbox 524 396 2086 487; baseline 0.006 -23"><span class='ocrx_word' id='word_1_6' title='bbox 524 417 612 480; x_wconf 82' lang='lat' dir='ltr'><strong>pta</strong></span> <span class='ocrx_word' id='word_1_7' title='bbox 646 412 953 479; x_wconf 85' lang='lat' dir='ltr'><strong>inciderint,</strong></span> <span class='ocrx_word' id='word_1_8' title='bbox 986 414 1072 483; x_wconf 90' lang='lat' dir='ltr'><strong>pia</strong></span> <span class='ocrx_word' id='word_1_9' title='bbox 1115 396 1335 467; x_wconf 76' lang='lat' dir='ltr'><strong>notione</strong></span> <span class='ocrx_word' id='word_1_10' title='bbox 1362 429 1425 468; x_wconf 89' lang='lat' dir='ltr'><strong>ac</strong></span> <span class='ocrx_word' id='word_1_11' title='bbox 1459 415 1817 484; x_wconf 80' lang='lat' dir='ltr'><strong>intelligentia</strong></span> <span class='ocrx_word' id='word_1_12' title='bbox 1851 433 2086 487; x_wconf 66' lang='lat' dir='ltr'><strong>prtemu-</strong></span> 
     </span>
    </p>
   </div>
   <div class='ocr_carea' id='block_1_5' title="bbox 2189 396 3765 494">
    <p class='ocr_par' dir='ltr' id='par_1_5' title="bbox 2196 417 3765 494">
     <span class='ocr_line' id='line_1_5' title="bbox 2196 417 3765 494; baseline -0.002 -19"><span class='ocrx_word' id='word_1_13' title='bbox 2196 423 2511 492; x_wconf 78' lang='grc' dir='ltr'>μονογενοῦς</span> <span class='ocrx_word' id='word_1_14' title='bbox 2557 423 2691 476; x_wconf 83' lang='grc' dir='ltr'><strong>Θεοῦ</strong></span> <span class='ocrx_word' id='word_1_15' title='bbox 2727 423 2787 475; x_wconf 84' lang='grc' dir='ltr'><strong>τὸ</strong></span> <span class='ocrx_word' id='word_1_16' title='bbox 2832 423 2904 494; x_wconf 79' lang='grc' dir='ltr'><strong>μὴ</strong></span> <span class='ocrx_word' id='word_1_17' title='bbox 2941 419 3075 476; x_wconf 75' lang='grc' dir='ltr'>εἶναι</span> <span class='ocrx_word' id='word_1_18' title='bbox 3125 424 3216 475; x_wconf 81' lang='grc' dir='ltr'>τοῦ</span> <span class='ocrx_word' id='word_1_19' title='bbox 3247 417 3386 475; x_wconf 65' lang='grc' dir='ltr'>εἶναι</span> <span class='ocrx_word' id='word_1_20' title='bbox 3417 437 3765 475; x_wconf 64' lang='grc' dir='ltr'>κατασκεναο</span> 
     </span>
    </p>
   </div>
   <div class='ocr_carea' id='block_1_6' title="bbox 524 503 2085 579">
    <p class='ocr_par' dir='ltr' id='par_1_6' title="bbox 524 503 2085 579">
     <span class='ocr_line' id='line_1_6' title="bbox 524 503 2085 579; baseline 0.006 -25"><span class='ocrx_word' id='word_1_21' title='bbox 524 507 654 557; x_wconf 86' lang='lat' dir='ltr'><strong>uitis</strong></span> <span class='ocrx_word' id='word_1_22' title='bbox 684 503 1022 557; x_wconf 83' lang='lat' dir='ltr'><strong>manilestior</strong></span> <span class='ocrx_word' id='word_1_23' title='bbox 1052 503 1144 557; x_wconf 80' lang='lat' dir='ltr'><strong>tiat</strong></span> <span class='ocrx_word' id='word_1_24' title='bbox 1164 504 1598 560; x_wconf 77' lang='lat' dir='ltr'><strong>adversariorum</strong></span> <span class='ocrx_word' id='word_1_25' title='bbox 1622 508 1977 578; x_wconf 69' lang='lat' dir='ltr'><strong>blasphemia,</strong></span> <span class='ocrx_word' id='word_1_26' title='bbox 1996 515 2085 579; x_wconf 86' lang='lat' dir='ltr'><strong>qui</strong></span> 
     </span>
    </p>
   </div>
   <div class='ocr_carea' id='block_1_7' title="bbox 524 594 2089 667">
    <p class='ocr_par' dir='ltr' id='par_1_7' title="bbox 524 594 2089 667">
     <span class='ocr_line' id='line_1_7' title="bbox 524 594 2089 667; baseline 0.006 -20"><span class='ocrx_word' id='word_1_27' title='bbox 524 595 578 648; x_wconf 89' lang='lat' dir='ltr'><strong>in</strong></span> <span class='ocrx_word' id='word_1_28' title='bbox 632 594 910 663; x_wconf 87' lang='lat' dir='ltr'><strong>unigenito</strong></span> <span class='ocrx_word' id='word_1_29' title='bbox 965 594 1073 650; x_wconf 89' lang='lat' dir='ltr'><strong>Deo</strong></span> <span class='ocrx_word' id='word_1_30' title='bbox 1131 612 1241 650; x_wconf 90' lang='lat' dir='ltr'><strong>non</strong></span> <span class='ocrx_word' id='word_1_31' title='bbox 1295 612 1417 653; x_wconf 90' lang='lat' dir='ltr'><strong>esse</strong></span> <span class='ocrx_word' id='word_1_32' title='bbox 1450 613 1611 667; x_wconf 87' lang='lat' dir='ltr'><strong>quam</strong></span> <span class='ocrx_word' id='word_1_33' title='bbox 1651 615 1773 655; x_wconf 90' lang='lat' dir='ltr'><strong>esse</strong></span> <span class='ocrx_word' id='word_1_34' title='bbox 1836 612 2089 657; x_wconf 88' lang='lat' dir='ltr'><strong>astruunt</strong></span> 
     </span>
    </p>
   </div>
   <div class='ocr_carea' id='block_1_8' title="bbox 522 686 818 753">
    <p class='ocr_par' dir='ltr' id='par_1_8' title="bbox 522 686 818 753">
     <span class='ocr_line' id='line_1_8' title="bbox 522 686 818 753; baseline -0.007 -12"><span class='ocrx_word' id='word_1_35' title='bbox 522 686 818 753; x_wconf 72' lang='lat' dir='ltr'><strong>antiquius.</strong></span> 
     </span>
    </p>
   </div>
   <div class='ocr_carea' id='block_1_9' title="bbox 592 778 2084 854">
    <p class='ocr_par' dir='ltr' id='par_1_9' title="bbox 592 778 2084 854">
     <span class='ocr_line' id='line_1_9' title="bbox 592 778 2084 854; baseline 0.005 -24"><span class='ocrx_word' id='word_1_36' title='bbox 592 778 780 845; x_wconf 71' lang='lat' dir='ltr'><strong>Operae</strong></span> <span class='ocrx_word' id='word_1_37' title='bbox 799 780 1029 847; x_wconf 85' lang='lat' dir='ltr'><strong>pretium</strong></span> <span class='ocrx_word' id='word_1_38' title='bbox 1047 789 1227 834; x_wconf 91' lang='lat' dir='ltr'><strong>autem</strong></span> <span class='ocrx_word' id='word_1_39' title='bbox 1254 782 1384 836; x_wconf 87' lang='lat' dir='ltr'><strong>mihi</strong></span> <span class='ocrx_word' id='word_1_40' title='bbox 1421 784 1652 846; x_wconf 84' lang='lat' dir='ltr'><strong>videtur,</strong></span> <span class='ocrx_word' id='word_1_41' title='bbox 1677 786 1807 854; x_wconf 86' lang='lat' dir='ltr'><strong>quid</strong></span> <span class='ocrx_word' id='word_1_42' title='bbox 1849 801 2084 853; x_wconf 85' lang='lat' dir='ltr'><strong>genera-</strong></span> 
     </span>
    </p>
   </div>
   <div class='ocr_carea' id='block_1_10' title="bbox 523 868 2087 940">
    <p class='ocr_par' dir='ltr' id='par_1_10' title="bbox 523 868 2087 940">
     <span class='ocr_line' id='line_1_10' title="bbox 523 868 2087 940; baseline 0.008 -21"><span class='ocrx_word' id='word_1_43' title='bbox 523 868 690 921; x_wconf 82' lang='lat' dir='ltr'><strong>tionis</strong></span> <span class='ocrx_word' id='word_1_44' title='bbox 720 883 916 924; x_wconf 84' lang='lat' dir='ltr'><strong>nomen</strong></span> <span class='ocrx_word' id='word_1_45' title='bbox 948 871 1237 940; x_wconf 81' lang='lat' dir='ltr'><strong>signilicet,</strong></span> <span class='ocrx_word' id='word_1_46' title='bbox 1294 875 1571 929; x_wconf 81' lang='lat' dir='ltr'><strong>exactiore</strong></span> <span class='ocrx_word' id='word_1_47' title='bbox 1602 881 1850 933; x_wconf 78' lang='lat' dir='ltr'><strong>examine</strong></span> <span class='ocrx_word' id='word_1_48' title='bbox 1898 881 1951 932; x_wconf 90' lang='lat' dir='ltr'><strong>in</strong></span> <span class='ocrx_word' id='word_1_49' title='bbox 1987 880 2087 932; x_wconf 89' lang='lat' dir='ltr'><strong>hac</strong></span> 
     </span>
    </p>
   </div>
   <div class='ocr_carea' id='block_1_11' title="bbox 522 958 2085 1039">
    <p class='ocr_par' dir='ltr' id='par_1_11' title="bbox 522 958 2085 1039">
     <span class='ocr_line' id='line_1_11' title="bbox 522 958 2085 1039; baseline 0.008 -29"><span class='ocrx_word' id='word_1_50' title='bbox 522 958 892 1028; x_wconf 87' lang='lat' dir='ltr'><strong>disputatione</strong></span> <span class='ocrx_word' id='word_1_51' title='bbox 946 963 1299 1030; x_wconf 84' lang='lat' dir='ltr'><strong>perpendere.</strong></span> <span class='ocrx_word' id='word_1_52' title='bbox 1341 964 1499 1030; x_wconf 84' lang='lat' dir='ltr'><strong>Quod</strong></span> <span class='ocrx_word' id='word_1_53' title='bbox 1571 967 1736 1035; x_wconf 78' lang='lat' dir='ltr'><strong>igitur</strong></span> <span class='ocrx_word' id='word_1_54' title='bbox 1787 984 1853 1024; x_wconf 80' lang='lat' dir='ltr'><strong>ex</strong></span> <span class='ocrx_word' id='word_1_55' title='bbox 1904 970 2085 1039; x_wconf 89' lang='lat' dir='ltr'><strong>aliqua</strong></span> 
     </span>
    </p>
   </div>
   <div class='ocr_carea' id='block_1_12' title="bbox 522 1053 2079 1130">
    <p class='ocr_par' dir='ltr' id='par_1_12' title="bbox 522 1053 2079 1130">
     <span class='ocr_line' id='line_1_12' title="bbox 522 1053 2079 1130; baseline 0.008 -29"><span class='ocrx_word' id='word_1_56' title='bbox 522 1064 687 1105; x_wconf 89' lang='lat' dir='ltr'><strong>causa</strong></span> <span class='ocrx_word' id='word_1_57' title='bbox 718 1065 841 1106; x_wconf 86' lang='lat' dir='ltr'><strong>esse</strong></span> <span class='ocrx_word' id='word_1_58' title='bbox 866 1066 1059 1106; x_wconf 86' lang='lat' dir='ltr'><strong>nomen</strong></span> <span class='ocrx_word' id='word_1_59' title='bbox 1092 1053 1222 1108; x_wconf 86' lang='lat' dir='ltr'><strong>illud</strong></span> <span class='ocrx_word' id='word_1_60' title='bbox 1267 1066 1637 1125; x_wconf 73' lang='lat' dir='ltr'><strong>repraesentet,</strong></span> <span class='ocrx_word' id='word_1_61' title='bbox 1663 1061 1836 1114; x_wconf 86' lang='lat' dir='ltr'><strong>cuivis</strong></span> <span class='ocrx_word' id='word_1_62' title='bbox 1870 1063 2079 1130; x_wconf 89' lang='lat' dir='ltr'><strong>perspi-</strong></span> 
     </span>
    </p>
   </div>
   <div class='ocr_carea' id='block_1_13' title="bbox 522 1142 2081 1206">
    <p class='ocr_par' dir='ltr' id='par_1_13' title="bbox 522 1142 2081 1206">
     <span class='ocr_line' id='line_1_13' title="bbox 522 1142 2081 1206; baseline 0.008 -14"><span class='ocrx_word' id='word_1_63' title='bbox 522 1155 685 1193; x_wconf 91' lang='lat' dir='ltr'><strong>cuum</strong></span> <span class='ocrx_word' id='word_1_64' title='bbox 710 1148 814 1206; x_wconf 84' lang='lat' dir='ltr'><strong>est,</strong></span> <span class='ocrx_word' id='word_1_65' title='bbox 842 1157 942 1196; x_wconf 90' lang='lat' dir='ltr'><strong>nec</strong></span> <span class='ocrx_word' id='word_1_66' title='bbox 972 1142 1073 1197; x_wconf 87' lang='lat' dir='ltr'><strong>hac</strong></span> <span class='ocrx_word' id='word_1_67' title='bbox 1103 1142 1169 1199; x_wconf 88' lang='lat' dir='ltr'><strong>de</strong></span> <span class='ocrx_word' id='word_1_68' title='bbox 1192 1159 1248 1199; x_wconf 91' lang='lat' dir='ltr'><strong>re</strong></span> <span class='ocrx_word' id='word_1_69' title='bbox 1276 1145 1643 1202; x_wconf 88' lang='lat' dir='ltr'><strong>dimicandum</strong></span> <span class='ocrx_word' id='word_1_70' title='bbox 1679 1164 1801 1204; x_wconf 79' lang='lat' dir='ltr'><strong>esse</strong></span> <span class='ocrx_word' id='word_1_71' title='bbox 1828 1151 2081 1205; x_wconf 81' lang='lat' dir='ltr'><strong>arbitror.</strong></span> 
     </span>
    </p>
   </div>
   <div class='ocr_carea' id='block_1_14' title="bbox 523 1229 2084 1308">
    <p class='ocr_par' dir='ltr' id='par_1_14' title="bbox 523 1229 2084 1308">
     <span class='ocr_line' id='line_1_14' title="bbox 523 1229 2084 1308; baseline 0.008 -25"><span class='ocrx_word' id='word_1_72' title='bbox 523 1229 628 1284; x_wconf 87' lang='lat' dir='ltr'><strong>Sed</strong></span> <span class='ocrx_word' id='word_1_73' title='bbox 664 1233 919 1301; x_wconf 86' lang='lat' dir='ltr'><strong>quoniam</strong></span> <span class='ocrx_word' id='word_1_74' title='bbox 953 1249 1144 1288; x_wconf 89' lang='lat' dir='ltr'><strong>eorum</strong></span> <span class='ocrx_word' id='word_1_75' title='bbox 1181 1252 1300 1305; x_wconf 73' lang='lat' dir='ltr'><strong>qua:</strong></span> <span class='ocrx_word' id='word_1_76' title='bbox 1326 1253 1390 1292; x_wconf 78' lang='lat' dir='ltr'><strong>ex</strong></span> <span class='ocrx_word' id='word_1_77' title='bbox 1449 1239 1629 1308; x_wconf 88' lang='lat' dir='ltr'><strong>aliqua</strong></span> <span class='ocrx_word' id='word_1_78' title='bbox 1685 1255 1850 1295; x_wconf 91' lang='lat' dir='ltr'><strong>causa</strong></span> <span class='ocrx_word' id='word_1_79' title='bbox 1899 1241 2084 1296; x_wconf 87' lang='lat' dir='ltr'><strong>subsi-</strong></span> 
     </span>
    </p>
   </div>
   <div class='ocr_carea' id='block_1_15' title="bbox 521 1323 2081 1395">
    <p class='ocr_par' dir='ltr' id='par_1_15' title="bbox 521 1323 2081 1395">
     <span class='ocr_line' id='line_1_15' title="bbox 521 1323 2081 1395; baseline 0.008 -23"><span class='ocrx_word' id='word_1_80' title='bbox 521 1330 674 1375; x_wconf 89' lang='lat' dir='ltr'><strong>stunt</strong></span> <span class='ocrx_word' id='word_1_81' title='bbox 718 1323 974 1380; x_wconf 70' lang='lat' dir='ltr'><strong>differens</strong></span> <span class='ocrx_word' id='word_1_82' title='bbox 1004 1335 1086 1381; x_wconf 89' lang='lat' dir='ltr'><strong>est</strong></span> <span class='ocrx_word' id='word_1_83' title='bbox 1118 1329 1278 1390; x_wconf 87' lang='lat' dir='ltr'><strong>ratio,</strong></span> <span class='ocrx_word' id='word_1_84' title='bbox 1332 1328 1436 1383; x_wconf 90' lang='lat' dir='ltr'><strong>hoc</strong></span> <span class='ocrx_word' id='word_1_85' title='bbox 1467 1331 1723 1385; x_wconf 78' lang='lat' dir='ltr'><strong>existimo</strong></span> <span class='ocrx_word' id='word_1_86' title='bbox 1770 1332 2081 1395; x_wconf 76' lang='lat' dir='ltr'><strong>convenire,</strong></span> 
     </span>
    </p>
   </div>
   <div class='ocr_carea' id='block_1_16' title="bbox 520 1411 2079 1490">
    <p class='ocr_par' dir='ltr' id='par_1_16' title="bbox 520 1411 2079 1490">
     <span class='ocr_line' id='line_1_16' title="bbox 520 1411 2079 1490; baseline 0.007 -28"><span class='ocrx_word' id='word_1_87' title='bbox 520 1411 567 1463; x_wconf 92' lang='lat' dir='ltr'><strong>si</strong></span> <span class='ocrx_word' id='word_1_88' title='bbox 619 1412 915 1468; x_wconf 80' lang='lat' dir='ltr'><strong>artificiosa</strong></span> <span class='ocrx_word' id='word_1_89' title='bbox 953 1415 1132 1484; x_wconf 84' lang='lat' dir='ltr'><strong>aliqua</strong></span> <span class='ocrx_word' id='word_1_90' title='bbox 1178 1415 1445 1472; x_wconf 89' lang='lat' dir='ltr'><strong>divisione</strong></span> <span class='ocrx_word' id='word_1_91' title='bbox 1502 1420 1716 1489; x_wconf 80' lang='lat' dir='ltr'><strong>planius</strong></span> <span class='ocrx_word' id='word_1_92' title='bbox 1758 1421 2079 1490; x_wconf 69' lang='lat' dir='ltr'><strong>explicetur.</strong></span> 
     </span>
    </p>
   </div>
   <div class='ocr_carea' id='block_1_17' title="bbox 522 1504 2083 1577">
    <p class='ocr_par' dir='ltr' id='par_1_17' title="bbox 522 1504 2083 1577">
     <span class='ocr_line' id='line_1_17' title="bbox 522 1504 2083 1577; baseline 0.009 -26"><span class='ocrx_word' id='word_1_93' title='bbox 522 1504 717 1555; x_wconf 73' lang='lat' dir='ltr'><strong>horum</strong></span> <span class='ocrx_word' id='word_1_94' title='bbox 753 1504 919 1572; x_wconf 90' lang='lat' dir='ltr'><strong>igitur</strong></span> <span class='ocrx_word' id='word_1_95' title='bbox 947 1521 1067 1575; x_wconf 63' lang='lat' dir='ltr'><strong>qua!</strong></span> <span class='ocrx_word' id='word_1_96' title='bbox 1100 1506 1167 1559; x_wconf 90' lang='lat' dir='ltr'><strong>ab</strong></span> <span class='ocrx_word' id='word_1_97' title='bbox 1202 1508 1385 1577; x_wconf 81' lang='lat' dir='ltr'><strong>aliquo</strong></span> <span class='ocrx_word' id='word_1_98' title='bbox 1422 1509 1586 1573; x_wconf 79' lang='lat' dir='ltr'><strong>limit,</strong></span> <span class='ocrx_word' id='word_1_99' title='bbox 1618 1510 1717 1565; x_wconf 91' lang='lat' dir='ltr'><strong>has</strong></span> <span class='ocrx_word' id='word_1_100' title='bbox 1749 1510 2083 1565; x_wconf 81' lang='lat' dir='ltr'><strong>ditl‘erentias</strong></span> 
     </span>
    </p>
   </div>
   <div class='ocr_carea' id='block_1_18' title="bbox 520 1593 2083 1665">
    <p class='ocr_par' dir='ltr' id='par_1_18' title="bbox 520 1593 2083 1665">
     <span class='ocr_line' id='line_1_18' title="bbox 520 1593 2083 1665; baseline 0.006 -20"><span class='ocrx_word' id='word_1_101' title='bbox 520 1593 1057 1665; x_wconf 74' lang='lat' dir='ltr'><strong>comprehendimus.</strong></span> <span class='ocrx_word' id='word_1_102' title='bbox 1089 1595 1347 1662; x_wconf 48' lang='lat' dir='ltr'><strong>Quadam</strong></span> <span class='ocrx_word' id='word_1_103' title='bbox 1393 1600 1537 1653; x_wconf 90' lang='lat' dir='ltr'><strong>enim</strong></span> <span class='ocrx_word' id='word_1_104' title='bbox 1565 1616 1630 1655; x_wconf 75' lang='lat' dir='ltr'><strong>ex</strong></span> <span class='ocrx_word' id='word_1_105' title='bbox 1679 1603 1904 1655; x_wconf 79' lang='lat' dir='ltr'><strong>materia</strong></span> <span class='ocrx_word' id='word_1_106' title='bbox 1955 1610 2083 1656; x_wconf 92' lang='lat' dir='ltr'><strong>sunt</strong></span> 
     </span>
    </p>
   </div>
   <div class='ocr_carea' id='block_1_19' title="bbox 518 1685 2082 1761">
    <p class='ocr_par' dir='ltr' id='par_1_19' title="bbox 518 1685 2082 1761">
     <span class='ocr_line' id='line_1_19' title="bbox 518 1685 2082 1761; baseline 0.009 -28"><span class='ocrx_word' id='word_1_107' title='bbox 518 1694 569 1734; x_wconf 75' lang='lat' dir='ltr'><strong>et</strong></span> <span class='ocrx_word' id='word_1_108' title='bbox 600 1694 737 1750; x_wconf 87' lang='lat' dir='ltr'><strong>arte,</strong></span> <span class='ocrx_word' id='word_1_109' title='bbox 779 1692 837 1738; x_wconf 91' lang='lat' dir='ltr'><strong>ut</strong></span> <span class='ocrx_word' id='word_1_110' title='bbox 863 1685 1211 1741; x_wconf 66' lang='lat' dir='ltr'><strong>aedificiorum</strong></span> <span class='ocrx_word' id='word_1_111' title='bbox 1243 1697 1296 1742; x_wconf 91' lang='lat' dir='ltr'><strong>ct</strong></span> <span class='ocrx_word' id='word_1_112' title='bbox 1332 1689 1662 1759; x_wconf 87' lang='lat' dir='ltr'><strong>reliquorum</strong></span> <span class='ocrx_word' id='word_1_113' title='bbox 1713 1706 1937 1761; x_wconf 86' lang='lat' dir='ltr'><strong>operum</strong></span> <span class='ocrx_word' id='word_1_114' title='bbox 1987 1707 2082 1747; x_wconf 79' lang='lat' dir='ltr'><strong>ex-</strong></span> 
     </span>
    </p>
   </div>
   <div class='ocr_carea' id='block_1_20' title="bbox 2190 516 2809 588">
    <p class='ocr_par' dir='ltr' id='par_1_20' title="bbox 2190 516 2809 588">
     <span class='ocr_line' id='line_1_20' title="bbox 2190 516 2809 588; baseline 0 -19"><span class='ocrx_word' id='word_1_115' title='bbox 2190 518 2388 581; x_wconf 79' lang='grc' dir='ltr'>ζόντων</span> <span class='ocrx_word' id='word_1_116' title='bbox 2420 516 2809 588; x_wconf 78' lang='grc' dir='ltr'>πρεσϐύτερον.</span> 
     </span>
    </p>
   </div>
   <div class='ocr_carea' id='block_1_21' title="bbox 2257 771 3756 846">
    <p class='ocr_par' dir='ltr' id='par_1_21' title="bbox 2257 771 3756 846">
     <span class='ocr_line' id='line_1_21' title="bbox 2257 771 3756 846; baseline -0.004 -17"><span class='ocrx_word' id='word_1_117' title='bbox 2257 778 2413 829; x_wconf 65' lang='grc' dir='ltr'>Δοκεῖ</span> <span class='ocrx_word' id='word_1_118' title='bbox 2438 775 2493 828; x_wconf 80' lang='grc' dir='ltr'><strong>δέ</strong></span> <span class='ocrx_word' id='word_1_119' title='bbox 2526 793 2614 846; x_wconf 90' lang='grc' dir='ltr'><strong>μοι</strong></span> <span class='ocrx_word' id='word_1_120' title='bbox 2659 774 2837 838; x_wconf 80' lang='grc' dir='ltr'>καλῶς</span> <span class='ocrx_word' id='word_1_121' title='bbox 2883 774 3023 844; x_wconf 77' lang='grc' dir='ltr'>ἔχειν</span> <span class='ocrx_word' id='word_1_122' title='bbox 3052 774 3182 828; x_wconf 87' lang='grc' dir='ltr'>αὑτὸ</span> <span class='ocrx_word' id='word_1_123' title='bbox 3214 772 3315 841; x_wconf 77' lang='grc' dir='ltr'><strong>τῆς</strong></span> <span class='ocrx_word' id='word_1_124' title='bbox 3358 772 3666 842; x_wconf 75' lang='grc' dir='ltr'><strong>γεννήσεως</strong></span> <span class='ocrx_word' id='word_1_125' title='bbox 3695 771 3756 824; x_wconf 76' lang='grc' dir='ltr'>τὸ</span> 
     </span>
    </p>
   </div>
   <div class='ocr_carea' id='block_1_22' title="bbox 2190 863 3758 938">
    <p class='ocr_par' dir='ltr' id='par_1_22' title="bbox 2190 863 3758 938">
     <span class='ocr_line' id='line_1_22' title="bbox 2190 863 3758 938; baseline -0.004 -16"><span class='ocrx_word' id='word_1_126' title='bbox 2190 868 2608 938; x_wconf 83' lang='grc' dir='ltr'>σημαινόμενον,</span> <span class='ocrx_word' id='word_1_127' title='bbox 2664 868 2726 920; x_wconf 82' lang='grc' dir='ltr'>δι’</span> <span class='ocrx_word' id='word_1_128' title='bbox 2756 866 3180 937; x_wconf 76' lang='grc' dir='ltr'><strong>ἐπιμελεστέρας</strong></span> <span class='ocrx_word' id='word_1_129' title='bbox 3207 866 3506 932; x_wconf 76' lang='grc' dir='ltr'><strong>ἐξετάσεως</strong></span> <span class='ocrx_word' id='word_1_130' title='bbox 3537 863 3758 916; x_wconf 82' lang='grc' dir='ltr'>διασκο-</span> 
     </span>
    </p>
   </div>
   <div class='ocr_carea' id='block_1_23' title="bbox 2187 953 3756 1033">
    <p class='ocr_par' dir='ltr' id='par_1_23' title="bbox 2187 953 3756 1033">
     <span class='ocr_line' id='line_1_23' title="bbox 2187 953 3756 1033; baseline -0.003 -19"><span class='ocrx_word' id='word_1_131' title='bbox 2187 964 2356 1033; x_wconf 81' lang='grc' dir='ltr'>πῆσαι</span> <span class='ocrx_word' id='word_1_132' title='bbox 2375 961 2453 1031; x_wconf 82' lang='grc' dir='ltr'><strong>τῷ</strong></span> <span class='ocrx_word' id='word_1_133' title='bbox 2476 962 2634 1031; x_wconf 82' lang='grc' dir='ltr'>λόγῳ.</span> <span class='ocrx_word' id='word_1_134' title='bbox 2666 963 2785 1015; x_wconf 88' lang='grc' dir='ltr'>Ὅτι</span> <span class='ocrx_word' id='word_1_135' title='bbox 2814 962 2916 1032; x_wconf 82' lang='grc' dir='ltr'><strong>μὲν</strong></span> <span class='ocrx_word' id='word_1_136' title='bbox 2944 957 3036 1013; x_wconf 78' lang='grc' dir='ltr'><strong>οὖν</strong></span> <span class='ocrx_word' id='word_1_137' title='bbox 3068 959 3127 1012; x_wconf 77' lang='grc' dir='ltr'>τὸ</span> <span class='ocrx_word' id='word_1_138' title='bbox 3156 959 3214 1023; x_wconf 75' lang='grc' dir='ltr'><strong>ἐξ</strong></span> <span class='ocrx_word' id='word_1_139' title='bbox 3236 959 3413 1022; x_wconf 83' lang='grc' dir='ltr'><strong>αἰτίας</strong></span> <span class='ocrx_word' id='word_1_140' title='bbox 3447 953 3586 1010; x_wconf 80' lang='grc' dir='ltr'>εἶναί</span> <span class='ocrx_word' id='word_1_141' title='bbox 3610 974 3756 1020; x_wconf 87' lang='grc' dir='ltr'>τινος</span> 
     </span>
    </p>
   </div>
   <div class='ocr_carea' id='block_1_24' title="bbox 2186 1048 3755 1123">
    <p class='ocr_par' dir='ltr' id='par_1_24' title="bbox 2186 1048 3755 1123">
     <span class='ocr_line' id='line_1_24' title="bbox 2186 1048 3755 1123; baseline -0.004 -17"><span class='ocrx_word' id='word_1_142' title='bbox 2186 1055 2244 1106; x_wconf 72' lang='grc' dir='ltr'>τὸ</span> <span class='ocrx_word' id='word_1_143' title='bbox 2274 1054 2440 1123; x_wconf 74' lang='grc' dir='ltr'>ὄνομα</span> <span class='ocrx_word' id='word_1_144' title='bbox 2469 1053 2622 1106; x_wconf 77' lang='grc' dir='ltr'>τοῦτο</span> <span class='ocrx_word' id='word_1_145' title='bbox 2653 1052 2965 1123; x_wconf 74' lang='grc' dir='ltr'><strong>παρίστησι,</strong></span> <span class='ocrx_word' id='word_1_146' title='bbox 3001 1052 3159 1105; x_wconf 79' lang='grc' dir='ltr'>παντὶ</span> <span class='ocrx_word' id='word_1_147' title='bbox 3190 1050 3347 1120; x_wconf 73' lang='grc' dir='ltr'>δῆλὸν</span> <span class='ocrx_word' id='word_1_148' title='bbox 3374 1052 3508 1113; x_wconf 74' lang='grc' dir='ltr'>ἐστι,</span> <span class='ocrx_word' id='word_1_149' title='bbox 3543 1048 3636 1101; x_wconf 75' lang='grc' dir='ltr'><strong>καὶ</strong></span> <span class='ocrx_word' id='word_1_150' title='bbox 3664 1049 3755 1100; x_wconf 84' lang='grc' dir='ltr'>ού-</span> 
     </span>
    </p>
   </div>
   <div class='ocr_carea' id='block_1_25' title="bbox 2184 1141 3757 1215">
    <p class='ocr_par' dir='ltr' id='par_1_25' title="bbox 2184 1141 3757 1215">
     <span class='ocr_line' id='line_1_25' title="bbox 2184 1141 3757 1215; baseline -0.003 -18"><span class='ocrx_word' id='word_1_151' title='bbox 2184 1145 2269 1197; x_wconf 80' lang='grc' dir='ltr'><strong>δὲν</strong></span> <span class='ocrx_word' id='word_1_152' title='bbox 2298 1141 2449 1215; x_wconf 73' lang='grc' dir='ltr'>οἶμαι</span> <span class='ocrx_word' id='word_1_153' title='bbox 2487 1145 2682 1215; x_wconf 74' lang='grc' dir='ltr'>χρῆναι</span> <span class='ocrx_word' id='word_1_154' title='bbox 2716 1145 2841 1215; x_wconf 70' lang='grc' dir='ltr'>περὶ</span> <span class='ocrx_word' id='word_1_155' title='bbox 2887 1144 3074 1197; x_wconf 84' lang='grc' dir='ltr'>τούτου</span> <span class='ocrx_word' id='word_1_156' title='bbox 3119 1142 3546 1211; x_wconf 81' lang='grc' dir='ltr'>διαγωνίζεσθαι.</span> <span class='ocrx_word' id='word_1_157' title='bbox 3612 1141 3757 1193; x_wconf 79' lang='grc' dir='ltr'>Ἀλλ’</span> 
     </span>
    </p>
   </div>
   <div class='ocr_carea' id='block_1_26' title="bbox 2185 1231 3755 1305">
    <p class='ocr_par' dir='ltr' id='par_1_26' title="bbox 2185 1231 3755 1305">
     <span class='ocr_line' id='line_1_26' title="bbox 2185 1231 3755 1305; baseline -0.004 -17"><span class='ocrx_word' id='word_1_158' title='bbox 2185 1235 2370 1305; x_wconf 82' lang='grc' dir='ltr'>ἐπειδὴ</span> <span class='ocrx_word' id='word_1_159' title='bbox 2413 1235 2665 1305; x_wconf 77' lang='grc' dir='ltr'>διάφορος</span> <span class='ocrx_word' id='word_1_160' title='bbox 2693 1234 2799 1287; x_wconf 87' lang='grc' dir='ltr'><strong>τῶν</strong></span> <span class='ocrx_word' id='word_1_161' title='bbox 2827 1233 2886 1298; x_wconf 78' lang='grc' dir='ltr'>ἐξ</span> <span class='ocrx_word' id='word_1_162' title='bbox 2918 1234 3093 1296; x_wconf 81' lang='grc' dir='ltr'>αἰτίας</span> <span class='ocrx_word' id='word_1_163' title='bbox 3125 1232 3505 1302; x_wconf 75' lang='grc' dir='ltr'><strong>ὑφεστηκότων</strong></span> <span class='ocrx_word' id='word_1_164' title='bbox 3542 1231 3693 1283; x_wconf 72' lang='grc' dir='ltr'>ἐστὶν</span> <span class='ocrx_word' id='word_1_165' title='bbox 3724 1232 3755 1282; x_wconf 81' lang='grc' dir='ltr'><strong>δ</strong></span> 
     </span>
    </p>
   </div>
   <div class='ocr_carea' id='block_1_27' title="bbox 2184 1322 3753 1397">
    <p class='ocr_par' dir='ltr' id='par_1_27' title="bbox 2184 1322 3753 1397">
     <span class='ocr_line' id='line_1_27' title="bbox 2184 1322 3753 1397; baseline -0.004 -19"><span class='ocrx_word' id='word_1_166' title='bbox 2184 1326 2377 1394; x_wconf 80' lang='grc' dir='ltr'>λόγος,</span> <span class='ocrx_word' id='word_1_167' title='bbox 2421 1326 2565 1379; x_wconf 82' lang='grc' dir='ltr'>τοῦτ’</span> <span class='ocrx_word' id='word_1_168' title='bbox 2612 1322 2764 1397; x_wconf 79' lang='grc' dir='ltr'>οἶμαι</span> <span class='ocrx_word' id='word_1_169' title='bbox 2810 1326 3103 1396; x_wconf 71' lang='grc' dir='ltr'>προσήκειν</span> <span class='ocrx_word' id='word_1_170' title='bbox 3156 1324 3244 1377; x_wconf 87' lang='grc' dir='ltr'><strong>διά</strong></span> <span class='ocrx_word' id='word_1_171' title='bbox 3295 1340 3438 1386; x_wconf 86' lang='grc' dir='ltr'>τινος</span> <span class='ocrx_word' id='word_1_172' title='bbox 3496 1322 3753 1391; x_wconf 74' lang='grc' dir='ltr'><strong>τεχνικῆς</strong></span> 
     </span>
    </p>
   </div>
   <div class='ocr_carea' id='block_1_28' title="bbox 2182 1411 3754 1488">
    <p class='ocr_par' dir='ltr' id='par_1_28' title="bbox 2182 1411 3754 1488">
     <span class='ocr_line' id='line_1_28' title="bbox 2182 1411 3754 1488; baseline -0.005 -18"><span class='ocrx_word' id='word_1_173' title='bbox 2182 1417 2497 1487; x_wconf 76' lang='grc' dir='ltr'><strong>διαιρέσεως</strong></span> <span class='ocrx_word' id='word_1_174' title='bbox 2532 1416 2924 1488; x_wconf 76' lang='grc' dir='ltr'>σαφηνισθῆναι</span> <span class='ocrx_word' id='word_1_175' title='bbox 2968 1414 3045 1484; x_wconf 85' lang='grc' dir='ltr'>τῷ</span> <span class='ocrx_word' id='word_1_176' title='bbox 3088 1414 3250 1484; x_wconf 83' lang='grc' dir='ltr'>λόγῳ.</span> <span class='ocrx_word' id='word_1_177' title='bbox 3300 1413 3419 1465; x_wconf 87' lang='grc' dir='ltr'>Τῶν</span> <span class='ocrx_word' id='word_1_178' title='bbox 3461 1411 3638 1464; x_wconf 89' lang='grc' dir='ltr'>τοίνυν</span> <span class='ocrx_word' id='word_1_179' title='bbox 3691 1412 3754 1463; x_wconf 80' lang='grc' dir='ltr'>εκ</span> 
     </span>
    </p>
   </div>
   <div class='ocr_carea' id='block_1_29' title="bbox 2182 1503 3747 1580">
    <p class='ocr_par' dir='ltr' id='par_1_29' title="bbox 2182 1503 3747 1580">
     <span class='ocr_line' id='line_1_29' title="bbox 2182 1503 3747 1580; baseline -0.004 -19"><span class='ocrx_word' id='word_1_180' title='bbox 2182 1524 2324 1571; x_wconf 84' lang='grc' dir='ltr'>τινος</span> <span class='ocrx_word' id='word_1_181' title='bbox 2345 1510 2645 1580; x_wconf 80' lang='grc' dir='ltr'>γινομένων</span> <span class='ocrx_word' id='word_1_182' title='bbox 2686 1508 2885 1571; x_wconf 88' lang='grc' dir='ltr'>ταύτας</span> <span class='ocrx_word' id='word_1_183' title='bbox 2911 1506 3008 1569; x_wconf 76' lang='grc' dir='ltr'>τὰς</span> <span class='ocrx_word' id='word_1_184' title='bbox 3032 1504 3292 1576; x_wconf 77' lang='grc' dir='ltr'>διαφορὰς</span> <span class='ocrx_word' id='word_1_185' title='bbox 3317 1503 3747 1573; x_wconf 75' lang='grc' dir='ltr'>κατειλήφαμεν.</span> 
     </span>
    </p>
   </div>
   <div class='ocr_carea' id='block_1_30' title="bbox 2185 1593 3751 1671">
    <p class='ocr_par' dir='ltr' id='par_1_30' title="bbox 2185 1593 3751 1671">
     <span class='ocr_line' id='line_1_30' title="bbox 2185 1593 3751 1671; baseline -0.004 -19"><span class='ocrx_word' id='word_1_186' title='bbox 2185 1600 2265 1653; x_wconf 87' lang='grc' dir='ltr'><strong>Τά</strong></span> <span class='ocrx_word' id='word_1_187' title='bbox 2303 1602 2399 1670; x_wconf 75' lang='grc' dir='ltr'>μὲν</span> <span class='ocrx_word' id='word_1_188' title='bbox 2433 1601 2539 1671; x_wconf 85' lang='grc' dir='ltr'><strong>γὰρ</strong></span> <span class='ocrx_word' id='word_1_189' title='bbox 2570 1600 2629 1664; x_wconf 77' lang='grc' dir='ltr'>ἐξ</span> <span class='ocrx_word' id='word_1_190' title='bbox 2659 1600 2791 1670; x_wconf 74' lang='grc' dir='ltr'>ὑλης</span> <span class='ocrx_word' id='word_1_191' title='bbox 2819 1600 2933 1652; x_wconf 74' lang='grc' dir='ltr'>ἐστὶ</span> <span class='ocrx_word' id='word_1_192' title='bbox 2964 1599 3056 1651; x_wconf 76' lang='grc' dir='ltr'><strong>καὶ</strong></span> <span class='ocrx_word' id='word_1_193' title='bbox 3087 1598 3296 1667; x_wconf 82' lang='grc' dir='ltr'>τέχνης,</span> <span class='ocrx_word' id='word_1_194' title='bbox 3341 1595 3417 1657; x_wconf 81' lang='grc' dir='ltr'>ὡς</span> <span class='ocrx_word' id='word_1_195' title='bbox 3445 1596 3500 1648; x_wconf 81' lang='lat' dir='ltr'><strong>ai</strong></span> <span class='ocrx_word' id='word_1_196' title='bbox 3533 1593 3642 1646; x_wconf 86' lang='grc' dir='ltr'><strong>τῶν</strong></span> <span class='ocrx_word' id='word_1_197' title='bbox 3674 1596 3751 1645; x_wconf 83' lang='lat' dir='ltr'><strong>ol-</strong></span> 
     </span>
    </p>
   </div>
   <div class='ocr_carea' id='block_1_31' title="bbox 2185 1685 3751 1761">
    <p class='ocr_par' dir='ltr' id='par_1_31' title="bbox 2185 1685 3751 1761">
     <span class='ocr_line' id='line_1_31' title="bbox 2185 1685 3751 1761; baseline -0.003 -18"><span class='ocrx_word' id='word_1_198' title='bbox 2185 1691 2574 1761; x_wconf 84' lang='grc' dir='ltr'>κοδομημάτων</span> <span class='ocrx_word' id='word_1_199' title='bbox 2599 1690 2692 1745; x_wconf 70' lang='grc' dir='ltr'>καὶ</span> <span class='ocrx_word' id='word_1_200' title='bbox 2717 1689 2823 1742; x_wconf 84' lang='grc' dir='ltr'><strong>τῶν</strong></span> <span class='ocrx_word' id='word_1_201' title='bbox 2856 1689 3054 1742; x_wconf 82' lang='grc' dir='ltr'>λοιπῶν</span> <span class='ocrx_word' id='word_1_202' title='bbox 3082 1687 3257 1757; x_wconf 77' lang='grc' dir='ltr'>ἔργων</span> <span class='ocrx_word' id='word_1_203' title='bbox 3279 1685 3634 1746; x_wconf 73' lang='grc' dir='ltr'>κατασκευαὶ,</span> <span class='ocrx_word' id='word_1_204' title='bbox 3663 1685 3751 1738; x_wconf 73' lang='grc' dir='ltr'>διὰ</span> 
     </span>
    </p>
   </div>
   <div class='ocr_carea' id='block_1_32' title="bbox 517 1775 2086 1853">
    <p class='ocr_par' dir='ltr' id='par_1_32' title="bbox 517 1775 2080 1853">
     <span class='ocr_line' id='line_1_32' title="bbox 517 1775 2080 1853; baseline 0.009 -29"><span class='ocrx_word' id='word_1_205' title='bbox 517 1775 870 1838; x_wconf 86' lang='lat' dir='ltr'><strong>structiones,</strong></span> <span class='ocrx_word' id='word_1_206' title='bbox 902 1792 1023 1844; x_wconf 63' lang='lat' dir='ltr'><strong>quae</strong></span> <span class='ocrx_word' id='word_1_207' title='bbox 1049 1792 1118 1831; x_wconf 76' lang='lat' dir='ltr'><strong>ex</strong></span> <span class='ocrx_word' id='word_1_208' title='bbox 1143 1793 1384 1847; x_wconf 89' lang='lat' dir='ltr'><strong>congrua</strong></span> <span class='ocrx_word' id='word_1_209' title='bbox 1400 1781 1554 1840; x_wconf 79' lang='lat' dir='ltr'><strong>.liunt</strong></span> <span class='ocrx_word' id='word_1_210' title='bbox 1588 1783 1837 1846; x_wconf 86' lang='lat' dir='ltr'><strong>materia,</strong></span> <span class='ocrx_word' id='word_1_211' title='bbox 1880 1784 2080 1853; x_wconf 78' lang='lat' dir='ltr'><strong>quibus</strong></span> 
     </span>
    </p>
   </div>
   <div class='ocr_carea' id='block_1_33' title="bbox 2189 1775 3746 1853">
    <p class='ocr_par' dir='ltr' id='par_1_33' title="bbox 2189 1776 3746 1851">
     <span class='ocr_line' id='line_1_33' title="bbox 2189 1776 3746 1851; baseline -0.004 -18"><span class='ocrx_word' id='word_1_212' title='bbox 2189 1781 2280 1849; x_wconf 79' lang='grc' dir='ltr'>τῆς</span> <span class='ocrx_word' id='word_1_213' title='bbox 2301 1780 2629 1851; x_wconf 84' lang='grc' dir='ltr'>καταλλήλου</span> <span class='ocrx_word' id='word_1_214' title='bbox 2654 1780 2784 1850; x_wconf 72' lang='grc' dir='ltr'>ὕλης</span> <span class='ocrx_word' id='word_1_215' title='bbox 2805 1780 3082 1850; x_wconf 75' lang='grc' dir='ltr'>γινόμεναι</span> <span class='ocrx_word' id='word_1_216' title='bbox 3101 1795 3115 1809; x_wconf 73' lang='grc' dir='ltr'><strong>ο</strong></span> <span class='ocrx_word' id='word_1_217' title='bbox 3145 1776 3463 1848; x_wconf 81' lang='grc' dir='ltr'>καθηγεῖταί</span> <span class='ocrx_word' id='word_1_218' title='bbox 3482 1792 3565 1838; x_wconf 86' lang='grc' dir='ltr'><strong>τις</strong></span> <span class='ocrx_word' id='word_1_219' title='bbox 3586 1776 3746 1845; x_wconf 81' lang='grc' dir='ltr'>τέχνη</span> 
     </span>
    </p>
   </div>
   <div class='ocr_carea' id='block_1_34' title="bbox 519 1867 2086 1943">
    <p class='ocr_par' dir='ltr' id='par_1_34' title="bbox 519 1867 2086 1943">
     <span class='ocr_line' id='line_1_34' title="bbox 519 1867 2086 1943; baseline 0.008 -26"><span class='ocrx_word' id='word_1_220' title='bbox 519 1874 716 1933; x_wconf 63' lang='lat' dir='ltr'><strong>praeest</strong></span> <span class='ocrx_word' id='word_1_221' title='bbox 744 1882 833 1919; x_wconf 85' lang='lat' dir='ltr'><strong>ars</strong></span> <span class='ocrx_word' id='word_1_222' title='bbox 866 1867 1070 1936; x_wconf 84' lang='lat' dir='ltr'><strong>aliqua,</strong></span> <span class='ocrx_word' id='word_1_223' title='bbox 1101 1884 1221 1937; x_wconf 71' lang='lat' dir='ltr'><strong>qua:</strong></span> <span class='ocrx_word' id='word_1_224' title='bbox 1255 1870 1321 1923; x_wconf 90' lang='lat' dir='ltr'><strong>ad</strong></span> <span class='ocrx_word' id='word_1_225' title='bbox 1365 1872 1647 1941; x_wconf 85' lang='lat' dir='ltr'><strong>preprium</strong></span> <span class='ocrx_word' id='word_1_226' title='bbox 1688 1887 1914 1943; x_wconf 83' lang='lat' dir='ltr'><strong>scopum</strong></span> <span class='ocrx_word' id='word_1_227' title='bbox 1971 1875 2086 1931; x_wconf 84' lang='lat' dir='ltr'><strong>sive</strong></span> 
     </span>
    </p>
   </div>
   <div class='ocr_carea' id='block_1_35' title="bbox 519 1957 2082 2033">
    <p class='ocr_par' dir='ltr' id='par_1_35' title="bbox 519 1957 2082 2033">
     <span class='ocr_line' id='line_1_35' title="bbox 519 1957 2082 2033; baseline 0.008 -26"><span class='ocrx_word' id='word_1_228' title='bbox 519 1958 679 2011; x_wconf 87' lang='lat' dir='ltr'><strong>linem</strong></span> <span class='ocrx_word' id='word_1_229' title='bbox 712 1957 1048 2027; x_wconf 90' lang='lat' dir='ltr'><strong>propositum</strong></span> <span class='ocrx_word' id='word_1_230' title='bbox 1079 1960 1183 2015; x_wconf 87' lang='lat' dir='ltr'><strong>sibi</strong></span> <span class='ocrx_word' id='word_1_231' title='bbox 1212 1961 1542 2029; x_wconf 83' lang='lat' dir='ltr'><strong>subjectum,</strong></span> <span class='ocrx_word' id='word_1_232' title='bbox 1574 1963 1733 2019; x_wconf 79' lang='lat' dir='ltr'><strong>exiis</strong></span> <span class='ocrx_word' id='word_1_233' title='bbox 1753 1978 1874 2033; x_wconf 72' lang='lat' dir='ltr'><strong>qua:</strong></span> <span class='ocrx_word' id='word_1_234' title='bbox 1929 1964 2082 2031; x_wconf 86' lang='lat' dir='ltr'><strong>ﬁunt,</strong></span> 
     </span>
    </p>
   </div>
   <div class='ocr_carea' id='block_1_36' title="bbox 519 2045 2085 2118">
    <p class='ocr_par' dir='ltr' id='par_1_36' title="bbox 519 2045 2085 2118">
     <span class='ocr_line' id='line_1_36' title="bbox 519 2045 2085 2118; baseline 0.008 -22"><span class='ocrx_word' id='word_1_235' title='bbox 519 2045 768 2113; x_wconf 68' lang='lat' dir='ltr'><strong>perducit</strong></span> <span class='ocrx_word' id='word_1_236' title='bbox 806 2061 869 2100; x_wconf 87' lang='lat' dir='ltr'><strong>ac</strong></span> <span class='ocrx_word' id='word_1_237' title='bbox 916 2047 1184 2103; x_wconf 87' lang='lat' dir='ltr'><strong>absolvit:</strong></span> <span class='ocrx_word' id='word_1_238' title='bbox 1219 2050 1465 2118; x_wconf 64' lang='lat' dir='ltr'><strong>quaedam</strong></span> <span class='ocrx_word' id='word_1_239' title='bbox 1514 2066 1581 2104; x_wconf 79' lang='lat' dir='ltr'><strong>ex</strong></span> <span class='ocrx_word' id='word_1_240' title='bbox 1620 2054 1845 2107; x_wconf 86' lang='lat' dir='ltr'><strong>materia</strong></span> <span class='ocrx_word' id='word_1_241' title='bbox 1893 2064 1946 2109; x_wconf 91' lang='lat' dir='ltr'><strong>et</strong></span> <span class='ocrx_word' id='word_1_242' title='bbox 1989 2069 2085 2109; x_wconf 88' lang='lat' dir='ltr'><strong>na-</strong></span> 
     </span>
    </p>
   </div>
   <div class='ocr_carea' id='block_1_37' title="bbox 520 2139 2084 2215">
    <p class='ocr_par' dir='ltr' id='par_1_37' title="bbox 520 2139 2084 2215">
     <span class='ocr_line' id='line_1_37' title="bbox 520 2139 2084 2215; baseline 0.01 -27"><span class='ocrx_word' id='word_1_243' title='bbox 520 2145 685 2204; x_wconf 89' lang='lat' dir='ltr'><strong>tura;</strong></span> <span class='ocrx_word' id='word_1_244' title='bbox 745 2154 868 2192; x_wconf 89' lang='lat' dir='ltr'><strong>nam</strong></span> <span class='ocrx_word' id='word_1_245' title='bbox 903 2139 1275 2210; x_wconf 85' lang='lat' dir='ltr'><strong>_successivas</strong></span> <span class='ocrx_word' id='word_1_246' title='bbox 1325 2141 1638 2196; x_wconf 86' lang='lat' dir='ltr'><strong>animalium</strong></span> <span class='ocrx_word' id='word_1_247' title='bbox 1708 2146 2084 2215; x_wconf 80' lang='lat' dir='ltr'><strong>generationes</strong></span> 
     </span>
    </p>
   </div>
   <div class='ocr_carea' id='block_1_38' title="bbox 521 2225 2087 2303">
    <p class='ocr_par' dir='ltr' id='par_1_38' title="bbox 521 2225 2087 2303">
     <span class='ocr_line' id='line_1_38' title="bbox 521 2225 2087 2303; baseline 0.009 -25"><span class='ocrx_word' id='word_1_248' title='bbox 521 2236 714 2281; x_wconf 84' lang='lat' dir='ltr'><strong>natura</strong></span> <span class='ocrx_word' id='word_1_249' title='bbox 748 2230 1002 2293; x_wconf 82' lang='lat' dir='ltr'><strong>exstruit,</strong></span> <span class='ocrx_word' id='word_1_250' title='bbox 1034 2246 1097 2285; x_wconf 82' lang='lat' dir='ltr'><strong>ex</strong></span> <span class='ocrx_word' id='word_1_251' title='bbox 1137 2233 1401 2286; x_wconf 85' lang='lat' dir='ltr'><strong>materiali</strong></span> <span class='ocrx_word' id='word_1_252' title='bbox 1441 2248 1734 2303; x_wconf 88' lang='lat' dir='ltr'><strong>corporum</strong></span> <span class='ocrx_word' id='word_1_253' title='bbox 1791 2225 2087 2292; x_wconf 85' lang='lat' dir='ltr'><strong>subsisten-</strong></span> 
     </span>
    </p>
   </div>
   <div class='ocr_carea' id='block_1_39' title="bbox 522 2320 2079 2389">
    <p class='ocr_par' dir='ltr' id='par_1_39' title="bbox 522 2320 2079 2389">
     <span class='ocr_line' id='line_1_39' title="bbox 522 2320 2079 2389; baseline 0.009 -20"><span class='ocrx_word' id='word_1_254' title='bbox 522 2320 593 2370; x_wconf 81' lang='lat' dir='ltr'><strong>tia</strong></span> <span class='ocrx_word' id='word_1_255' title='bbox 619 2333 778 2373; x_wconf 86' lang='lat' dir='ltr'><strong>suum</strong></span> <span class='ocrx_word' id='word_1_256' title='bbox 817 2334 955 2389; x_wconf 88' lang='lat' dir='ltr'><strong>opus</strong></span> <span class='ocrx_word' id='word_1_257' title='bbox 985 2320 1260 2377; x_wconf 86' lang='lat' dir='ltr'><strong>clliciens:</strong></span> <span class='ocrx_word' id='word_1_258' title='bbox 1292 2324 1397 2378; x_wconf 90' lang='lat' dir='ltr'><strong>alia</strong></span> <span class='ocrx_word' id='word_1_259' title='bbox 1437 2340 1564 2380; x_wconf 82' lang='lat' dir='ltr'><strong>vero</strong></span> <span class='ocrx_word' id='word_1_260' title='bbox 1596 2341 1660 2381; x_wconf 76' lang='lat' dir='ltr'><strong>ex</strong></span> <span class='ocrx_word' id='word_1_261' title='bbox 1698 2328 1963 2382; x_wconf 87' lang='lat' dir='ltr'><strong>materiali</strong></span> <span class='ocrx_word' id='word_1_262' title='bbox 1991 2328 2079 2383; x_wconf 80' lang='lat' dir='ltr'><strong>de-</strong></span> 
     </span>
    </p>
   </div>
   <div class='ocr_carea' id='block_1_40' title="bbox 518 2407 2087 2486">
    <p class='ocr_par' dir='ltr' id='par_1_40' title="bbox 518 2407 2087 2486">
     <span class='ocr_line' id='line_1_40' title="bbox 518 2407 2087 2486; baseline 0.007 -25"><span class='ocrx_word' id='word_1_263' title='bbox 518 2407 689 2474; x_wconf 76' lang='lat' dir='ltr'><strong>ﬂuxu,</strong></span> <span class='ocrx_word' id='word_1_264' title='bbox 747 2410 802 2463; x_wconf 92' lang='lat' dir='ltr'><strong>in</strong></span> <span class='ocrx_word' id='word_1_265' title='bbox 852 2410 1051 2481; x_wconf 84' lang='lat' dir='ltr'><strong>quibus</strong></span> <span class='ocrx_word' id='word_1_266' title='bbox 1103 2423 1155 2468; x_wconf 90' lang='lat' dir='ltr'><strong>et</strong></span> <span class='ocrx_word' id='word_1_267' title='bbox 1193 2414 1493 2484; x_wconf 83' lang='lat' dir='ltr'><strong>principale</strong></span> <span class='ocrx_word' id='word_1_268' title='bbox 1543 2418 1847 2486; x_wconf 86' lang='lat' dir='ltr'><strong>subjectum</strong></span> <span class='ocrx_word' id='word_1_269' title='bbox 1902 2426 2087 2475; x_wconf 88' lang='lat' dir='ltr'><strong>manet</strong></span> 
     </span>
    </p>
   </div>
   <div class='ocr_carea' id='block_1_41' title="bbox 520 2501 2087 2580">
    <p class='ocr_par' dir='ltr' id='par_1_41' title="bbox 520 2501 2087 2580">
     <span class='ocr_line' id='line_1_41' title="bbox 520 2501 2087 2580; baseline 0.008 -27"><span class='ocrx_word' id='word_1_270' title='bbox 520 2501 680 2569; x_wconf 84' lang='lat' dir='ltr'><strong>quale</strong></span> <span class='ocrx_word' id='word_1_271' title='bbox 712 2508 813 2566; x_wconf 89' lang='lat' dir='ltr'><strong>est,</strong></span> <span class='ocrx_word' id='word_1_272' title='bbox 856 2511 908 2558; x_wconf 86' lang='lat' dir='ltr'><strong>et</strong></span> <span class='ocrx_word' id='word_1_273' title='bbox 946 2503 1091 2580; x_wconf 85' lang='lat' dir='ltr'><strong>quod</strong></span> <span class='ocrx_word' id='word_1_274' title='bbox 1122 2504 1190 2560; x_wconf 90' lang='lat' dir='ltr'><strong>ab</strong></span> <span class='ocrx_word' id='word_1_275' title='bbox 1234 2506 1327 2561; x_wconf 90' lang='lat' dir='ltr'><strong>illo</strong></span> <span class='ocrx_word' id='word_1_276' title='bbox 1356 2504 1473 2561; x_wconf 84' lang='lat' dir='ltr'><strong>ﬂuit</strong></span> <span class='ocrx_word' id='word_1_277' title='bbox 1516 2507 1569 2561; x_wconf 91' lang='lat' dir='ltr'><strong>in</strong></span> <span class='ocrx_word' id='word_1_278' title='bbox 1620 2510 1800 2579; x_wconf 89' lang='lat' dir='ltr'><strong>seipso</strong></span> <span class='ocrx_word' id='word_1_279' title='bbox 1834 2511 2087 2566; x_wconf 86' lang='lat' dir='ltr'><strong>conside-</strong></span> 
     </span>
    </p>
   </div>
   <div class='ocr_carea' id='block_1_42' title="bbox 522 2595 2078 2673">
    <p class='ocr_par' dir='ltr' id='par_1_42' title="bbox 522 2595 2078 2673">
     <span class='ocr_line' id='line_1_42' title="bbox 522 2595 2078 2673; baseline 0.009 -30"><span class='ocrx_word' id='word_1_280' title='bbox 522 2601 698 2658; x_wconf 88' lang='lat' dir='ltr'><strong>ratur,</strong></span> <span class='ocrx_word' id='word_1_281' title='bbox 725 2604 784 2648; x_wconf 91' lang='lat' dir='ltr'><strong>ut</strong></span> <span class='ocrx_word' id='word_1_282' title='bbox 814 2595 865 2649; x_wconf 93' lang='lat' dir='ltr'><strong>in</strong></span> <span class='ocrx_word' id='word_1_283' title='bbox 890 2596 1005 2650; x_wconf 90' lang='lat' dir='ltr'><strong>sole</strong></span> <span class='ocrx_word' id='word_1_284' title='bbox 1024 2606 1075 2651; x_wconf 92' lang='lat' dir='ltr'><strong>et</strong></span> <span class='ocrx_word' id='word_1_285' title='bbox 1107 2598 1283 2664; x_wconf 87' lang='lat' dir='ltr'><strong>radio,</strong></span> <span class='ocrx_word' id='word_1_286' title='bbox 1315 2599 1397 2653; x_wconf 85' lang='lat' dir='ltr'><strong>vel</strong></span> <span class='ocrx_word' id='word_1_287' title='bbox 1428 2600 1481 2654; x_wconf 94' lang='lat' dir='ltr'><strong>in</strong></span> <span class='ocrx_word' id='word_1_288' title='bbox 1514 2600 1733 2655; x_wconf 87' lang='lat' dir='ltr'><strong>lucerna</strong></span> <span class='ocrx_word' id='word_1_289' title='bbox 1763 2609 1816 2656; x_wconf 90' lang='lat' dir='ltr'><strong>et</strong></span> <span class='ocrx_word' id='word_1_290' title='bbox 1851 2602 2078 2673; x_wconf 82' lang='lat' dir='ltr'><strong>fulgore,</strong></span> 
     </span>
    </p>
   </div>
   <div class='ocr_carea' id='block_1_43' title="bbox 522 2683 2085 2761">
    <p class='ocr_par' dir='ltr' id='par_1_43' title="bbox 522 2683 2085 2761">
     <span class='ocr_line' id='line_1_43' title="bbox 522 2683 2085 2761; baseline 0.007 -25"><span class='ocrx_word' id='word_1_291' title='bbox 522 2683 604 2737; x_wconf 82' lang='lat' dir='ltr'><strong>vel</strong></span> <span class='ocrx_word' id='word_1_292' title='bbox 636 2683 688 2737; x_wconf 92' lang='lat' dir='ltr'><strong>in</strong></span> <span class='ocrx_word' id='word_1_293' title='bbox 717 2683 1091 2742; x_wconf 87' lang='lat' dir='ltr'><strong>odoramentis</strong></span> <span class='ocrx_word' id='word_1_294' title='bbox 1119 2695 1174 2742; x_wconf 90' lang='lat' dir='ltr'><strong>et</strong></span> <span class='ocrx_word' id='word_1_295' title='bbox 1207 2690 1521 2756; x_wconf 77' lang='lat' dir='ltr'><strong>unguentis,</strong></span> <span class='ocrx_word' id='word_1_296' title='bbox 1552 2698 1606 2745; x_wconf 80' lang='lat' dir='ltr'><strong>et</strong></span> <span class='ocrx_word' id='word_1_297' title='bbox 1633 2692 1757 2746; x_wconf 91' lang='lat' dir='ltr'><strong>inde</strong></span> <span class='ocrx_word' id='word_1_298' title='bbox 1795 2703 2085 2761; x_wconf 89' lang='lat' dir='ltr'><strong>evaporata</strong></span> 
     </span>
    </p>
   </div>
   <div class='ocr_carea' id='block_1_44' title="bbox 522 2773 2085 2848">
    <p class='ocr_par' dir='ltr' id='par_1_44' title="bbox 522 2773 2085 2848">
     <span class='ocr_line' id='line_1_44' title="bbox 522 2773 2085 2848; baseline 0.006 -22"><span class='ocrx_word' id='word_1_299' title='bbox 522 2773 787 2843; x_wconf 84' lang='lat' dir='ltr'><strong>qualitate</strong></span> <span class='ocrx_word' id='word_1_300' title='bbox 818 2793 829 2827; x_wconf 92' lang='lat'>:</span> <span class='ocrx_word' id='word_1_301' title='bbox 862 2776 974 2830; x_wconf 59' lang='lat' dir='ltr'><strong>haec</strong></span> <span class='ocrx_word' id='word_1_302' title='bbox 1009 2778 1151 2830; x_wconf 89' lang='lat' dir='ltr'><strong>enim</strong></span> <span class='ocrx_word' id='word_1_303' title='bbox 1188 2778 1316 2832; x_wconf 88' lang='lat' dir='ltr'><strong>licet</strong></span> <span class='ocrx_word' id='word_1_304' title='bbox 1351 2778 1404 2832; x_wconf 89' lang='lat' dir='ltr'><strong>in</strong></span> <span class='ocrx_word' id='word_1_305' title='bbox 1459 2779 1655 2848; x_wconf 79' lang='lat' dir='ltr'><strong>scipsis</strong></span> <span class='ocrx_word' id='word_1_306' title='bbox 1690 2795 1795 2835; x_wconf 90' lang='lat' dir='ltr'><strong>non</strong></span> <span class='ocrx_word' id='word_1_307' title='bbox 1820 2782 2085 2836; x_wconf 84' lang='lat' dir='ltr'><strong>diminuta</strong></span> 
     </span>
    </p>
   </div>
   <div class='ocr_carea' id='block_1_45' title="bbox 522 2866 2079 2938">
    <p class='ocr_par' dir='ltr' id='par_1_45' title="bbox 522 2866 2079 2938">
     <span class='ocr_line' id='line_1_45' title="bbox 522 2866 2079 2938; baseline 0.008 -22"><span class='ocrx_word' id='word_1_308' title='bbox 522 2872 795 2925; x_wconf 89' lang='lat' dir='ltr'><strong>maneant,</strong></span> <span class='ocrx_word' id='word_1_309' title='bbox 831 2866 1014 2919; x_wconf 88' lang='lat' dir='ltr'><strong>statim</strong></span> <span class='ocrx_word' id='word_1_310' title='bbox 1051 2867 1251 2922; x_wconf 87' lang='lat' dir='ltr'><strong>habent</strong></span> <span class='ocrx_word' id='word_1_311' title='bbox 1276 2869 1487 2938; x_wconf 81' lang='lat' dir='ltr'><strong>singula</strong></span> <span class='ocrx_word' id='word_1_312' title='bbox 1529 2873 1985 2927; x_wconf 79' lang='lat' dir='ltr'><strong>eoncornitantem</strong></span> <span class='ocrx_word' id='word_1_313' title='bbox 2015 2890 2079 2928; x_wconf 82' lang='lat' dir='ltr'><strong>ex</strong></span> 
     </span>
    </p>
   </div>
   <div class='ocr_carea' id='block_1_46' title="bbox 520 2956 2081 3030">
    <p class='ocr_par' dir='ltr' id='par_1_46' title="bbox 520 2956 2081 3030">
     <span class='ocr_line' id='line_1_46' title="bbox 520 2956 2081 3030; baseline 0.005 -19"><span class='ocrx_word' id='word_1_314' title='bbox 520 2956 715 3026; x_wconf 83' lang='lat' dir='ltr'><strong>seipsis</strong></span> <span class='ocrx_word' id='word_1_315' title='bbox 740 2964 1078 3012; x_wconf 89' lang='lat' dir='ltr'><strong>emanantem</strong></span> <span class='ocrx_word' id='word_1_316' title='bbox 1120 2959 1419 3014; x_wconf 85' lang='lat' dir='ltr'><strong>naturalem</strong></span> <span class='ocrx_word' id='word_1_317' title='bbox 1449 2961 1854 3030; x_wconf 88' lang='lat' dir='ltr'><strong>proprietatem,</strong></span> <span class='ocrx_word' id='word_1_318' title='bbox 1896 2972 1955 3017; x_wconf 92' lang='lat' dir='ltr'><strong>ut</strong></span> <span class='ocrx_word' id='word_1_319' title='bbox 2000 2966 2081 3019; x_wconf 89' lang='lat' dir='ltr'><strong>sol</strong></span> 
     </span>
    </p>
   </div>
   <div class='ocr_carea' id='block_1_47' title="bbox 522 3044 2082 3116">
    <p class='ocr_par' dir='ltr' id='par_1_47' title="bbox 522 3044 2082 3116">
     <span class='ocr_line' id='line_1_47' title="bbox 522 3044 2082 3116; baseline 0.006 -19"><span class='ocrx_word' id='word_1_320' title='bbox 522 3045 756 3109; x_wconf 86' lang='lat' dir='ltr'><strong>radium,</strong></span> <span class='ocrx_word' id='word_1_321' title='bbox 781 3045 999 3100; x_wconf 90' lang='lat' dir='ltr'><strong>lucerna</strong></span> <span class='ocrx_word' id='word_1_322' title='bbox 1031 3044 1317 3116; x_wconf 83' lang='lat' dir='ltr'><strong>fulgorem,</strong></span> <span class='ocrx_word' id='word_1_323' title='bbox 1340 3049 1691 3104; x_wconf 88' lang='lat' dir='ltr'><strong>odoramenta</strong></span> <span class='ocrx_word' id='word_1_324' title='bbox 1726 3051 1778 3105; x_wconf 92' lang='lat' dir='ltr'><strong>in</strong></span> <span class='ocrx_word' id='word_1_325' title='bbox 1803 3067 1929 3107; x_wconf 89' lang='lat' dir='ltr'><strong>aere</strong></span> <span class='ocrx_word' id='word_1_326' title='bbox 1960 3067 2082 3107; x_wconf 90' lang='lat' dir='ltr'><strong>sua-</strong></span> 
     </span>
    </p>
   </div>
   <div class='ocr_carea' id='block_1_48' title="bbox 522 3136 2084 3211">
    <p class='ocr_par' dir='ltr' id='par_1_48' title="bbox 522 3136 2084 3211">
     <span class='ocr_line' id='line_1_48' title="bbox 522 3136 2084 3211; baseline 0.008 -25"><span class='ocrx_word' id='word_1_327' title='bbox 522 3150 639 3190; x_wconf 90' lang='lat' dir='ltr'><strong>vem</strong></span> <span class='ocrx_word' id='word_1_328' title='bbox 690 3150 756 3190; x_wconf 81' lang='lat' dir='ltr'><strong>ex</strong></span> <span class='ocrx_word' id='word_1_329' title='bbox 791 3136 923 3206; x_wconf 86' lang='lat' dir='ltr'><strong>ipsis</strong></span> <span class='ocrx_word' id='word_1_330' title='bbox 979 3136 1179 3192; x_wconf 88' lang='lat' dir='ltr'><strong>editam</strong></span> <span class='ocrx_word' id='word_1_331' title='bbox 1250 3136 1624 3210; x_wconf 81' lang='lat' dir='ltr'><strong>fragrantiam.</strong></span> <span class='ocrx_word' id='word_1_332' title='bbox 1666 3139 1760 3196; x_wconf 87' lang='lat' dir='ltr'><strong>Est</strong></span> <span class='ocrx_word' id='word_1_333' title='bbox 1821 3151 2084 3211; x_wconf 76' lang='lat' dir='ltr'><strong>praeterea</strong></span> 
     </span>
    </p>
   </div>
   <div class='ocr_carea' id='block_1_49' title="bbox 521 3228 2085 3305">
    <p class='ocr_par' dir='ltr' id='par_1_49' title="bbox 521 3228 2085 3305">
     <span class='ocr_line' id='line_1_49' title="bbox 521 3228 2085 3305; baseline 0.006 -24"><span class='ocrx_word' id='word_1_334' title='bbox 521 3228 731 3296; x_wconf 82' lang='lat' dir='ltr'><strong>species</strong></span> <span class='ocrx_word' id='word_1_335' title='bbox 764 3230 869 3284; x_wconf 87' lang='lat' dir='ltr'><strong>alia</strong></span> <span class='ocrx_word' id='word_1_336' title='bbox 895 3231 1285 3301; x_wconf 86' lang='lat' dir='ltr'><strong>generationis,</strong></span> <span class='ocrx_word' id='word_1_337' title='bbox 1319 3232 1477 3303; x_wconf 81' lang='lat' dir='ltr'><strong>eujus</strong></span> <span class='ocrx_word' id='word_1_338' title='bbox 1507 3248 1674 3289; x_wconf 88' lang='lat' dir='ltr'><strong>causa</strong></span> <span class='ocrx_word' id='word_1_339' title='bbox 1707 3234 1927 3305; x_wconf 87' lang='lat' dir='ltr'><strong>quidem</strong></span> <span class='ocrx_word' id='word_1_340' title='bbox 1978 3236 2085 3290; x_wconf 91' lang='lat' dir='ltr'><strong>im-</strong></span> 
     </span>
    </p>
   </div>
   <div class='ocr_carea' id='block_1_50' title="bbox 521 3319 2087 3394">
    <p class='ocr_par' dir='ltr' id='par_1_50' title="bbox 521 3319 2087 3394">
     <span class='ocr_line' id='line_1_50' title="bbox 521 3319 2087 3394; baseline 0.006 -21"><span class='ocrx_word' id='word_1_341' title='bbox 521 3319 823 3376; x_wconf 88' lang='lat' dir='ltr'><strong>materialis</strong></span> <span class='ocrx_word' id='word_1_342' title='bbox 855 3332 940 3377; x_wconf 87' lang='lat' dir='ltr'><strong>est</strong></span> <span class='ocrx_word' id='word_1_343' title='bbox 977 3330 1030 3376; x_wconf 90' lang='lat' dir='ltr'><strong>et</strong></span> <span class='ocrx_word' id='word_1_344' title='bbox 1057 3324 1403 3393; x_wconf 89' lang='lat' dir='ltr'><strong>incorporea,</strong></span> <span class='ocrx_word' id='word_1_345' title='bbox 1454 3325 1732 3394; x_wconf 89' lang='lat' dir='ltr'><strong>generatio</strong></span> <span class='ocrx_word' id='word_1_346' title='bbox 1763 3341 1889 3381; x_wconf 89' lang='lat' dir='ltr'><strong>vero</strong></span> <span class='ocrx_word' id='word_1_347' title='bbox 1915 3329 2087 3385; x_wconf 85' lang='lat' dir='ltr'><strong>sensi-</strong></span> 
     </span>
    </p>
   </div>
   <div class='ocr_carea' id='block_1_51' title="bbox 520 3412 2088 3483">
    <p class='ocr_par' dir='ltr' id='par_1_51' title="bbox 520 3412 2088 3483">
     <span class='ocr_line' id='line_1_51' title="bbox 520 3412 2088 3483; baseline 0.006 -17"><span class='ocrx_word' id='word_1_348' title='bbox 520 3412 646 3469; x_wconf 87' lang='lat' dir='ltr'><strong>hilis</strong></span> <span class='ocrx_word' id='word_1_349' title='bbox 669 3419 723 3467; x_wconf 91' lang='lat' dir='ltr'><strong>et</strong></span> <span class='ocrx_word' id='word_1_350' title='bbox 752 3414 1088 3483; x_wconf 86' lang='lat' dir='ltr'><strong>corporalis:</strong></span> <span class='ocrx_word' id='word_1_351' title='bbox 1118 3414 1241 3469; x_wconf 89' lang='lat' dir='ltr'><strong>dico</strong></span> <span class='ocrx_word' id='word_1_352' title='bbox 1269 3423 1450 3470; x_wconf 82' lang='lat' dir='ltr'><strong>autent</strong></span> <span class='ocrx_word' id='word_1_353' title='bbox 1473 3432 1777 3473; x_wconf 54' lang='lat' dir='ltr'><strong>sermonem</strong></span> <span class='ocrx_word' id='word_1_354' title='bbox 1809 3434 1876 3473; x_wconf 79' lang='lat' dir='ltr'><strong>ex</strong></span> <span class='ocrx_word' id='word_1_355' title='bbox 1908 3425 2088 3475; x_wconf 87' lang='lat' dir='ltr'><strong>mente</strong></span> 
     </span>
    </p>
   </div>
   <div class='ocr_carea' id='block_1_52' title="bbox 519 3506 2088 3581">
    <p class='ocr_par' dir='ltr' id='par_1_52' title="bbox 519 3506 2088 3581">
     <span class='ocr_line' id='line_1_52' title="bbox 519 3506 2088 3581; baseline 0.003 -21"><span class='ocrx_word' id='word_1_356' title='bbox 519 3514 1030 3576; x_wconf 73' lang='lat' dir='ltr'><strong>generatunncum</strong></span> <span class='ocrx_word' id='word_1_357' title='bbox 1059 3506 1203 3561; x_wconf 89' lang='lat' dir='ltr'><strong>enim</strong></span> <span class='ocrx_word' id='word_1_358' title='bbox 1249 3507 1321 3562; x_wconf 85' lang='lat' dir='ltr'><strong>sit</strong></span> <span class='ocrx_word' id='word_1_359' title='bbox 1372 3507 1695 3577; x_wconf 84' lang='lat' dir='ltr'><strong>incorporea</strong></span> <span class='ocrx_word' id='word_1_360' title='bbox 1761 3525 1935 3576; x_wconf 89' lang='lat' dir='ltr'><strong>mens,</strong></span> <span class='ocrx_word' id='word_1_361' title='bbox 1990 3526 2088 3581; x_wconf 90' lang='lat' dir='ltr'><strong>per</strong></span> 
     </span>
    </p>
   </div>
   <div class='ocr_carea' id='block_1_53' title="bbox 521 3597 2085 3670">
    <p class='ocr_par' dir='ltr' id='par_1_53' title="bbox 521 3597 2085 3670">
     <span class='ocr_line' id='line_1_53' title="bbox 521 3597 2085 3670; baseline 0.004 -20"><span class='ocrx_word' id='word_1_362' title='bbox 521 3599 888 3654; x_wconf 86' lang='lat' dir='ltr'><strong>instrumenta</strong></span> <span class='ocrx_word' id='word_1_363' title='bbox 930 3597 1209 3652; x_wconf 90' lang='lat' dir='ltr'><strong>sensibilia</strong></span> <span class='ocrx_word' id='word_1_364' title='bbox 1262 3612 1570 3653; x_wconf 88' lang='lat' dir='ltr'><strong>sermonem</strong></span> <span class='ocrx_word' id='word_1_365' title='bbox 1620 3601 1779 3670; x_wconf 87' lang='lat' dir='ltr'><strong>parit.</strong></span> <span class='ocrx_word' id='word_1_366' title='bbox 1838 3599 2085 3656; x_wconf 89' lang='lat' dir='ltr'><strong>Totidem</strong></span> 
     </span>
    </p>
   </div>
   <div class='ocr_carea' id='block_1_54' title="bbox 519 3687 2084 3762">
    <p class='ocr_par' dir='ltr' id='par_1_54' title="bbox 519 3687 2084 3762">
     <span class='ocr_line' id='line_1_54' title="bbox 519 3687 2084 3762; baseline 0.001 -17"><span class='ocrx_word' id='word_1_367' title='bbox 519 3689 891 3761; x_wconf 87' lang='lat' dir='ltr'><strong>generationis</strong></span> <span class='ocrx_word' id='word_1_368' title='bbox 915 3687 1251 3744; x_wconf 69' lang='lat' dir='ltr'><strong>differentias</strong></span> <span class='ocrx_word' id='word_1_369' title='bbox 1304 3689 1451 3745; x_wconf 88' lang='lat' dir='ltr'><strong>velut</strong></span> <span class='ocrx_word' id='word_1_370' title='bbox 1494 3690 1546 3744; x_wconf 93' lang='lat' dir='ltr'><strong>in</strong></span> <span class='ocrx_word' id='word_1_371' title='bbox 1575 3691 1814 3760; x_wconf 89' lang='lat' dir='ltr'><strong>generali</strong></span> <span class='ocrx_word' id='word_1_372' title='bbox 1849 3692 2084 3762; x_wconf 89' lang='lat' dir='ltr'><strong>quadam</strong></span> 
     </span>
    </p>
   </div>
   <div class='ocr_carea' id='block_1_55' title="bbox 521 3778 2087 3852">
    <p class='ocr_par' dir='ltr' id='par_1_55' title="bbox 521 3778 2087 3852">
     <span class='ocr_line' id='line_1_55' title="bbox 521 3778 2087 3852; baseline 0 -17"><span class='ocrx_word' id='word_1_373' title='bbox 521 3779 896 3850; x_wconf 88' lang='lat' dir='ltr'><strong>speculatione</strong></span> <span class='ocrx_word' id='word_1_374' title='bbox 948 3779 1324 3849; x_wconf 89' lang='lat' dir='ltr'><strong>cognovimus.</strong></span> <span class='ocrx_word' id='word_1_375' title='bbox 1383 3778 1514 3833; x_wconf 84' lang='lat' dir='ltr'><strong>Nam</strong></span> <span class='ocrx_word' id='word_1_376' title='bbox 1562 3796 1899 3852; x_wconf 63' lang='lat' dir='ltr'><strong>qutecunque</strong></span> <span class='ocrx_word' id='word_1_377' title='bbox 1948 3782 2087 3836; x_wconf 89' lang='lat' dir='ltr'><strong>miro</strong></span> 
     </span>
    </p>
   </div>
   <div class='ocr_carea' id='block_1_56' title="bbox 520 3870 2086 3942">
    <p class='ocr_par' dir='ltr' id='par_1_56' title="bbox 520 3870 2086 3942">
     <span class='ocr_line' id='line_1_56' title="bbox 520 3870 2086 3942; baseline 0.001 -17"><span class='ocrx_word' id='word_1_378' title='bbox 520 3871 755 3942; x_wconf 86' lang='lat' dir='ltr'><strong>quodam</strong></span> <span class='ocrx_word' id='word_1_379' title='bbox 787 3878 843 3927; x_wconf 92' lang='lat' dir='ltr'><strong>et</strong></span> <span class='ocrx_word' id='word_1_380' title='bbox 893 3870 1208 3941; x_wconf 85' lang='lat' dir='ltr'><strong>prodigioso</strong></span> <span class='ocrx_word' id='word_1_381' title='bbox 1241 3870 1405 3923; x_wconf 89' lang='lat' dir='ltr'><strong>modo</strong></span> <span class='ocrx_word' id='word_1_382' title='bbox 1442 3885 1471 3924; x_wconf 89' lang='lat' dir='ltr'><strong>a</strong></span> <span class='ocrx_word' id='word_1_383' title='bbox 1529 3883 1720 3925; x_wconf 88' lang='lat' dir='ltr'><strong>natura</strong></span> <span class='ocrx_word' id='word_1_384' title='bbox 1767 3873 2086 3942; x_wconf 78' lang='lat' dir='ltr'><strong>gignuntur,</strong></span> 
     </span>
    </p>
   </div>
   <div class='ocr_carea' id='block_1_57' title="bbox 520 3962 2087 4032">
    <p class='ocr_par' dir='ltr' id='par_1_57' title="bbox 520 3962 2087 4032">
     <span class='ocr_line' id='line_1_57' title="bbox 520 3962 2087 4032; baseline -0.002 -11"><span class='ocrx_word' id='word_1_385' title='bbox 520 3979 619 4021; x_wconf 84' lang='lat' dir='ltr'><strong>seu</strong></span> <span class='ocrx_word' id='word_1_386' title='bbox 657 3978 781 4019; x_wconf 91' lang='lat' dir='ltr'><strong>cum</strong></span> <span class='ocrx_word' id='word_1_387' title='bbox 836 3977 1067 4032; x_wconf 82' lang='lat' dir='ltr'><strong>corpora</strong></span> <span class='ocrx_word' id='word_1_388' title='bbox 1108 3962 1467 4032; x_wconf 86' lang='lat' dir='ltr'><strong>quorumdam</strong></span> <span class='ocrx_word' id='word_1_389' title='bbox 1531 3964 1847 4017; x_wconf 89' lang='lat' dir='ltr'><strong>animalium</strong></span> <span class='ocrx_word' id='word_1_390' title='bbox 1883 3965 1936 4018; x_wconf 90' lang='lat' dir='ltr'><strong>in</strong></span> <span class='ocrx_word' id='word_1_391' title='bbox 1982 3964 2087 4018; x_wconf 89' lang='lat' dir='ltr'><strong>alia</strong></span> 
     </span>
    </p>
   </div>
   <div class='ocr_carea' id='block_1_58' title="bbox 522 4052 2087 4125">
    <p class='ocr_par' dir='ltr' id='par_1_58' title="bbox 522 4052 2087 4125">
     <span class='ocr_line' id='line_1_58' title="bbox 522 4052 2087 4125; baseline -0.001 -16"><span class='ocrx_word' id='word_1_392' title='bbox 522 4052 769 4124; x_wconf 64' lang='lat' dir='ltr'><strong>quadam</strong></span> <span class='ocrx_word' id='word_1_393' title='bbox 802 4054 1032 4109; x_wconf 70' lang='lat' dir='ltr'><strong>diversa:</strong></span> <span class='ocrx_word' id='word_1_394' title='bbox 1055 4054 1254 4122; x_wconf 89' lang='lat' dir='ltr'><strong>speciei</strong></span> <span class='ocrx_word' id='word_1_395' title='bbox 1292 4060 1484 4117; x_wconf 87' lang='lat' dir='ltr'><strong>mutat,</strong></span> <span class='ocrx_word' id='word_1_396' title='bbox 1519 4068 1614 4108; x_wconf 89' lang='lat' dir='ltr'><strong>seu</strong></span> <span class='ocrx_word' id='word_1_397' title='bbox 1658 4068 1782 4107; x_wconf 90' lang='lat' dir='ltr'><strong>cum</strong></span> <span class='ocrx_word' id='word_1_398' title='bbox 1813 4054 1880 4108; x_wconf 87' lang='lat' dir='ltr'><strong>ab</strong></span> <span class='ocrx_word' id='word_1_399' title='bbox 1910 4055 2087 4125; x_wconf 88' lang='lat' dir='ltr'><strong>aliqua</strong></span> 
     </span>
    </p>
   </div>
   <div class='ocr_carea' id='block_1_59' title="bbox 522 4146 2085 4215">
    <p class='ocr_par' dir='ltr' id='par_1_59' title="bbox 522 4146 2085 4215">
     <span class='ocr_line' id='line_1_59' title="bbox 522 4146 2085 4215; baseline 0 -13"><span class='ocrx_word' id='word_1_400' title='bbox 522 4146 873 4202; x_wconf 86' lang='lat' dir='ltr'><strong>humidorum</strong></span> <span class='ocrx_word' id='word_1_401' title='bbox 905 4146 1251 4207; x_wconf 79' lang='lat' dir='ltr'><strong>alteratione.</strong></span> <span class='ocrx_word' id='word_1_402' title='bbox 1282 4146 1363 4201; x_wconf 86' lang='lat' dir='ltr'><strong>vel</strong></span> <span class='ocrx_word' id='word_1_403' title='bbox 1395 4146 1666 4202; x_wconf 88' lang='lat' dir='ltr'><strong>seminum</strong></span> <span class='ocrx_word' id='word_1_404' title='bbox 1715 4148 2085 4215; x_wconf 91' lang='lat' dir='ltr'><strong>corruptione,</strong></span> 
     </span>
    </p>
   </div>
   <div class='ocr_carea' id='block_1_60' title="bbox 521 4237 2086 4310">
    <p class='ocr_par' dir='ltr' id='par_1_60' title="bbox 521 4237 2086 4310">
     <span class='ocr_line' id='line_1_60' title="bbox 521 4237 2086 4310; baseline -0.001 -17"><span class='ocrx_word' id='word_1_405' title='bbox 521 4239 607 4293; x_wconf 86' lang='lat' dir='ltr'><strong>vel</strong></span> <span class='ocrx_word' id='word_1_406' title='bbox 636 4239 906 4310; x_wconf 91' lang='lat' dir='ltr'><strong>lignorum</strong></span> <span class='ocrx_word' id='word_1_407' title='bbox 935 4238 1225 4308; x_wconf 88' lang='lat' dir='ltr'><strong>putredine</strong></span> <span class='ocrx_word' id='word_1_408' title='bbox 1248 4237 1509 4292; x_wconf 86' lang='lat' dir='ltr'><strong>animalia</strong></span> <span class='ocrx_word' id='word_1_409' title='bbox 1529 4237 1773 4308; x_wconf 62' lang='lat' dir='ltr'><strong>quaedam</strong></span> <span class='ocrx_word' id='word_1_410' title='bbox 1796 4238 2046 4308; x_wconf 90' lang='lat' dir='ltr'><strong>producit</strong></span> <span class='ocrx_word' id='word_1_411' title='bbox 2072 4256 2086 4304; x_wconf 90' lang='lat'><strong>;</strong></span> 
     </span>
    </p>
   </div>
   <div class='ocr_carea' id='block_1_61' title="bbox 524 4330 2091 4403">
    <p class='ocr_par' dir='ltr' id='par_1_61' title="bbox 524 4330 2091 4403">
     <span class='ocr_line' id='line_1_61' title="bbox 524 4330 2091 4403; baseline -0.001 -17"><span class='ocrx_word' id='word_1_412' title='bbox 524 4333 609 4386; x_wconf 83' lang='lat' dir='ltr'><strong>vel</strong></span> <span class='ocrx_word' id='word_1_413' title='bbox 637 4346 762 4386; x_wconf 91' lang='lat' dir='ltr'><strong>cum</strong></span> <span class='ocrx_word' id='word_1_414' title='bbox 800 4347 864 4386; x_wconf 82' lang='lat' dir='ltr'><strong>ex</strong></span> <span class='ocrx_word' id='word_1_415' title='bbox 899 4331 1041 4403; x_wconf 88' lang='lat' dir='ltr'><strong>ignis</strong></span> <span class='ocrx_word' id='word_1_416' title='bbox 1073 4331 1502 4387; x_wconf 87' lang='lat' dir='ltr'><strong>condensatione</strong></span> <span class='ocrx_word' id='word_1_417' title='bbox 1566 4330 1849 4385; x_wconf 89' lang='lat' dir='ltr'><strong>humidum</strong></span> <span class='ocrx_word' id='word_1_418' title='bbox 1887 4346 1955 4386; x_wconf 77' lang='lat' dir='ltr'><strong>ex</strong></span> <span class='ocrx_word' id='word_1_419' title='bbox 1986 4340 2091 4386; x_wconf 85' lang='lat' dir='ltr'><strong>tor-</strong></span> 
     </span>
    </p>
   </div>
   <div class='ocr_carea' id='block_1_62' title="bbox 2187 1866 3747 1942">
    <p class='ocr_par' dir='ltr' id='par_1_62' title="bbox 2187 1866 3747 1942">
     <span class='ocr_line' id='line_1_62' title="bbox 2187 1866 3747 1942; baseline -0.004 -17"><span class='ocrx_word' id='word_1_420' title='bbox 2187 1872 2324 1942; x_wconf 76' lang='grc' dir='ltr'>πρὸς</span> <span class='ocrx_word' id='word_1_421' title='bbox 2369 1871 2460 1924; x_wconf 81' lang='grc' dir='ltr'><strong>τὸν</strong></span> <span class='ocrx_word' id='word_1_422' title='bbox 2505 1871 2635 1925; x_wconf 90' lang='grc' dir='ltr'>ῖδιον</span> <span class='ocrx_word' id='word_1_423' title='bbox 2684 1872 2882 1925; x_wconf 80' lang='grc' dir='ltr'>σκοπὸν</span> <span class='ocrx_word' id='word_1_424' title='bbox 2922 1870 3029 1923; x_wconf 87' lang='grc' dir='ltr'><strong>τῶν</strong></span> <span class='ocrx_word' id='word_1_425' title='bbox 3078 1869 3371 1938; x_wconf 82' lang='grc' dir='ltr'>γινομένων</span> <span class='ocrx_word' id='word_1_426' title='bbox 3401 1866 3463 1921; x_wconf 77' lang='grc' dir='ltr'>τὸ</span> <span class='ocrx_word' id='word_1_427' title='bbox 3491 1866 3747 1936; x_wconf 79' lang='grc' dir='ltr'>προτεθὲν</span> 
     </span>
    </p>
   </div>
   <div class='ocr_carea' id='block_1_63' title="bbox 2188 1958 3745 2037">
    <p class='ocr_par' dir='ltr' id='par_1_63' title="bbox 2188 1958 3745 2037">
     <span class='ocr_line' id='line_1_63' title="bbox 2188 1958 3745 2037; baseline -0.003 -20"><span class='ocrx_word' id='word_1_428' title='bbox 2188 1964 2649 2037; x_wconf 82' lang='grc' dir='ltr'>συμπεραίνουσα·</span> <span class='ocrx_word' id='word_1_429' title='bbox 2680 1964 2749 2017; x_wconf 79' lang='grc' dir='ltr'>τὰ</span> <span class='ocrx_word' id='word_1_430' title='bbox 2775 1964 2829 2017; x_wconf 75' lang='grc' dir='ltr'><strong>δὲ</strong></span> <span class='ocrx_word' id='word_1_431' title='bbox 2858 1963 2916 2028; x_wconf 77' lang='grc' dir='ltr'><strong>ἐξ</strong></span> <span class='ocrx_word' id='word_1_432' title='bbox 2946 1962 3076 2032; x_wconf 73' lang='grc' dir='ltr'>ὕλης</span> <span class='ocrx_word' id='word_1_433' title='bbox 3109 1963 3202 2015; x_wconf 68' lang='grc' dir='ltr'><strong>καὶ</strong></span> <span class='ocrx_word' id='word_1_434' title='bbox 3233 1960 3446 2030; x_wconf 80' lang='grc' dir='ltr'>φύσεως</span> <span class='ocrx_word' id='word_1_435' title='bbox 3471 1976 3483 1991; x_wconf 93' lang='grc'><strong>·</strong></span> <span class='ocrx_word' id='word_1_436' title='bbox 3515 1959 3616 2021; x_wconf 75' lang='grc' dir='ltr'><strong>τὰς</strong></span> <span class='ocrx_word' id='word_1_437' title='bbox 3643 1958 3745 2028; x_wconf 77' lang='grc' dir='ltr'><strong>γὰρ</strong></span> 
     </span>
    </p>
   </div>
   <div class='ocr_carea' id='block_1_64' title="bbox 2186 2050 3747 2124">
    <p class='ocr_par' dir='ltr' id='par_1_64' title="bbox 2186 2050 3747 2124">
     <span class='ocr_line' id='line_1_64' title="bbox 2186 2050 3747 2124; baseline -0.003 -17"><span class='ocrx_word' id='word_1_438' title='bbox 2186 2055 2243 2121; x_wconf 79' lang='grc' dir='ltr'><strong>ἐξ</strong></span> <span class='ocrx_word' id='word_1_439' title='bbox 2263 2054 2503 2124; x_wconf 78' lang='grc' dir='ltr'>ἀλλήλων</span> <span class='ocrx_word' id='word_1_440' title='bbox 2530 2054 2768 2123; x_wconf 79' lang='grc' dir='ltr'>γενέσεις</span> <span class='ocrx_word' id='word_1_441' title='bbox 2791 2053 2898 2107; x_wconf 87' lang='grc' dir='ltr'><strong>τῶν</strong></span> <span class='ocrx_word' id='word_1_442' title='bbox 2927 2054 3130 2124; x_wconf 78' lang='grc' dir='ltr'>ζώωνή</span> <span class='ocrx_word' id='word_1_443' title='bbox 3160 2054 3320 2122; x_wconf 85' lang='grc' dir='ltr'>φύσις</span> <span class='ocrx_word' id='word_1_444' title='bbox 3348 2052 3639 2122; x_wconf 86' lang='grc' dir='ltr'>οἰκοδομεῖ,</span> <span class='ocrx_word' id='word_1_445' title='bbox 3663 2050 3747 2103; x_wconf 67' lang='grc' dir='ltr'>διὰ</span> 
     </span>
    </p>
   </div>
   <div class='ocr_carea' id='block_1_65' title="bbox 2183 2142 3745 2217">
    <p class='ocr_par' dir='ltr' id='par_1_65' title="bbox 2183 2142 3745 2217">
     <span class='ocr_line' id='line_1_65' title="bbox 2183 2142 3745 2217; baseline -0.003 -19"><span class='ocrx_word' id='word_1_446' title='bbox 2183 2147 2283 2216; x_wconf 78' lang='grc' dir='ltr'><strong>τῆς</strong></span> <span class='ocrx_word' id='word_1_447' title='bbox 2314 2148 2370 2200; x_wconf 85' lang='grc' dir='ltr'>ὲν</span> <span class='ocrx_word' id='word_1_448' title='bbox 2402 2149 2515 2209; x_wconf 85' lang='grc' dir='ltr'>τοῖς</span> <span class='ocrx_word' id='word_1_449' title='bbox 2545 2145 2790 2217; x_wconf 88' lang='grc' dir='ltr'>σώμασιν</span> <span class='ocrx_word' id='word_1_450' title='bbox 2822 2146 3009 2215; x_wconf 77' lang='grc' dir='ltr'>ὑλικῆς</span> <span class='ocrx_word' id='word_1_451' title='bbox 3056 2144 3401 2207; x_wconf 70' lang='grc' dir='ltr'>ὑποστάσεως</span> <span class='ocrx_word' id='word_1_452' title='bbox 3449 2144 3512 2196; x_wconf 76' lang='grc' dir='ltr'><strong>τὸ</strong></span> <span class='ocrx_word' id='word_1_453' title='bbox 3550 2142 3745 2211; x_wconf 76' lang='grc' dir='ltr'>ἑαυτῆς</span> 
     </span>
    </p>
   </div>
   <div class='ocr_carea' id='block_1_66' title="bbox 2186 2226 3748 2307">
    <p class='ocr_par' dir='ltr' id='par_1_66' title="bbox 2186 2226 3748 2307">
     <span class='ocr_line' id='line_1_66' title="bbox 2186 2226 3748 2307; baseline -0.003 -20"><span class='ocrx_word' id='word_1_454' title='bbox 2186 2234 2480 2305; x_wconf 79' lang='grc' dir='ltr'>ένεργοῦσα</span> <span class='ocrx_word' id='word_1_455' title='bbox 2505 2251 2518 2264; x_wconf 88' lang='grc'><strong>·</strong></span> <span class='ocrx_word' id='word_1_456' title='bbox 2549 2234 2617 2288; x_wconf 82' lang='grc' dir='ltr'><strong>τὰ</strong></span> <span class='ocrx_word' id='word_1_457' title='bbox 2643 2235 2699 2289; x_wconf 81' lang='grc' dir='ltr'>δὲ</span> <span class='ocrx_word' id='word_1_458' title='bbox 2720 2233 2984 2304; x_wconf 76' lang='grc' dir='ltr'>ὲξὺλικῆς</span> <span class='ocrx_word' id='word_1_459' title='bbox 3011 2234 3324 2307; x_wconf 79' lang='grc' dir='ltr'>ἀπορροίας,</span> <span class='ocrx_word' id='word_1_460' title='bbox 3364 2233 3448 2303; x_wconf 76' lang='grc' dir='ltr'><strong>ἐφ’</strong></span> <span class='ocrx_word' id='word_1_461' title='bbox 3472 2226 3550 2286; x_wconf 84' lang='grc' dir='ltr'><strong>ὧν</strong></span> <span class='ocrx_word' id='word_1_462' title='bbox 3571 2232 3664 2286; x_wconf 70' lang='grc' dir='ltr'><strong>καὶ</strong></span> <span class='ocrx_word' id='word_1_463' title='bbox 3688 2232 3748 2283; x_wconf 68' lang='grc' dir='ltr'><strong>τὸ</strong></span> 
     </span>
    </p>
   </div>
   <div class='ocr_carea' id='block_1_67' title="bbox 2186 2320 3743 2397">
    <p class='ocr_par' dir='ltr' id='par_1_67' title="bbox 2186 2320 3743 2397">
     <span class='ocr_line' id='line_1_67' title="bbox 2186 2320 3743 2397; baseline -0.002 -20"><span class='ocrx_word' id='word_1_464' title='bbox 2186 2325 2593 2397; x_wconf 85' lang='grc' dir='ltr'>προηγούμενον</span> <span class='ocrx_word' id='word_1_465' title='bbox 2633 2326 2781 2395; x_wconf 87' lang='grc' dir='ltr'>μένει</span> <span class='ocrx_word' id='word_1_466' title='bbox 2824 2320 2933 2381; x_wconf 74' lang='grc' dir='ltr'>οἷόν</span> <span class='ocrx_word' id='word_1_467' title='bbox 2972 2327 3107 2391; x_wconf 76' lang='grc' dir='ltr'>ἐστι,</span> <span class='ocrx_word' id='word_1_468' title='bbox 3152 2327 3248 2378; x_wconf 67' lang='grc' dir='ltr'>καὶ</span> <span class='ocrx_word' id='word_1_469' title='bbox 3295 2324 3356 2376; x_wconf 78' lang='grc' dir='ltr'><strong>τὸ</strong></span> <span class='ocrx_word' id='word_1_470' title='bbox 3396 2324 3490 2376; x_wconf 82' lang='grc' dir='ltr'>ἀπ’</span> <span class='ocrx_word' id='word_1_471' title='bbox 3539 2322 3743 2375; x_wconf 77' lang='grc' dir='ltr'>ἐκείνου</span> 
     </span>
    </p>
   </div>
   <div class='ocr_carea' id='block_1_68' title="bbox 2188 2410 3742 2487">
    <p class='ocr_par' dir='ltr' id='par_1_68' title="bbox 2188 2410 3742 2487">
     <span class='ocr_line' id='line_1_68' title="bbox 2188 2410 3742 2487; baseline -0.004 -18"><span class='ocrx_word' id='word_1_472' title='bbox 2188 2416 2312 2487; x_wconf 74' lang='grc' dir='ltr'>ῥέον</span> <span class='ocrx_word' id='word_1_473' title='bbox 2353 2416 2439 2486; x_wconf 78' lang='grc' dir='ltr'><strong>ἐφ’</strong></span> <span class='ocrx_word' id='word_1_474' title='bbox 2473 2416 2668 2469; x_wconf 78' lang='grc' dir='ltr'>ἑαυτοῦ</span> <span class='ocrx_word' id='word_1_475' title='bbox 2722 2419 2938 2479; x_wconf 82' lang='grc' dir='ltr'>νοεῖται,</span> <span class='ocrx_word' id='word_1_476' title='bbox 2964 2416 3039 2478; x_wconf 81' lang='grc' dir='ltr'>ὡς</span> <span class='ocrx_word' id='word_1_477' title='bbox 3078 2415 3170 2468; x_wconf 70' lang='grc' dir='ltr'><strong>ἐπὶ</strong></span> <span class='ocrx_word' id='word_1_478' title='bbox 3211 2413 3305 2467; x_wconf 78' lang='grc' dir='ltr'><strong>τοῦ</strong></span> <span class='ocrx_word' id='word_1_479' title='bbox 3347 2414 3498 2483; x_wconf 86' lang='grc' dir='ltr'>ήλίου</span> <span class='ocrx_word' id='word_1_480' title='bbox 3531 2412 3624 2466; x_wconf 82' lang='grc' dir='ltr'><strong>καὶ</strong></span> <span class='ocrx_word' id='word_1_481' title='bbox 3648 2410 3742 2480; x_wconf 82' lang='grc' dir='ltr'>τῆς</span> 
     </span>
    </p>
   </div>
   <div class='ocr_carea' id='block_1_69' title="bbox 2186 2502 3744 2579">
    <p class='ocr_par' dir='ltr' id='par_1_69' title="bbox 2186 2502 3744 2579">
     <span class='ocr_line' id='line_1_69' title="bbox 2186 2502 3744 2579; baseline -0.004 -19"><span class='ocrx_word' id='word_1_482' title='bbox 2186 2508 2419 2570; x_wconf 83' lang='grc' dir='ltr'>ἀκτῖνος,</span> <span class='ocrx_word' id='word_1_483' title='bbox 2450 2506 2483 2579; x_wconf 77' lang='grc' dir='ltr'>ἢ</span> <span class='ocrx_word' id='word_1_484' title='bbox 2514 2506 2607 2559; x_wconf 76' lang='grc' dir='ltr'><strong>ἐπὶ</strong></span> <span class='ocrx_word' id='word_1_485' title='bbox 2639 2507 2735 2577; x_wconf 77' lang='grc' dir='ltr'>τῆς</span> <span class='ocrx_word' id='word_1_486' title='bbox 2768 2505 3046 2577; x_wconf 80' lang='grc' dir='ltr'>λαμπάδος</span> <span class='ocrx_word' id='word_1_487' title='bbox 3076 2506 3170 2559; x_wconf 71' lang='grc' dir='ltr'>καὶ</span> <span class='ocrx_word' id='word_1_488' title='bbox 3212 2505 3312 2574; x_wconf 78' lang='grc' dir='ltr'>τῆς</span> <span class='ocrx_word' id='word_1_489' title='bbox 3345 2503 3540 2573; x_wconf 77' lang='grc' dir='ltr'>αὑγῆς,</span> <span class='ocrx_word' id='word_1_490' title='bbox 3581 2502 3615 2571; x_wconf 68' lang='grc' dir='ltr'>ἢ</span> <span class='ocrx_word' id='word_1_491' title='bbox 3654 2503 3744 2555; x_wconf 72' lang='grc' dir='ltr'>ἐπὶ</span> 
     </span>
    </p>
   </div>
   <div class='ocr_carea' id='block_1_70' title="bbox 2185 2592 3747 2668">
    <p class='ocr_par' dir='ltr' id='par_1_70' title="bbox 2185 2592 3747 2668">
     <span class='ocr_line' id='line_1_70' title="bbox 2185 2592 3747 2668; baseline -0.003 -18"><span class='ocrx_word' id='word_1_492' title='bbox 2185 2597 2293 2652; x_wconf 91' lang='grc' dir='ltr'><strong>τῶν</strong></span> <span class='ocrx_word' id='word_1_493' title='bbox 2316 2598 2620 2668; x_wconf 83' lang='grc' dir='ltr'>ἀρωμάτων</span> <span class='ocrx_word' id='word_1_494' title='bbox 2653 2615 2711 2651; x_wconf 86' lang='grc' dir='ltr'><strong>τε</strong></span> <span class='ocrx_word' id='word_1_495' title='bbox 2745 2598 2839 2651; x_wconf 79' lang='grc' dir='ltr'><strong>καὶ</strong></span> <span class='ocrx_word' id='word_1_496' title='bbox 2882 2596 3088 2668; x_wconf 88' lang='grc' dir='ltr'>μύρων,</span> <span class='ocrx_word' id='word_1_497' title='bbox 3136 2596 3229 2649; x_wconf 78' lang='grc' dir='ltr'><strong>καὶ</strong></span> <span class='ocrx_word' id='word_1_498' title='bbox 3256 2595 3354 2664; x_wconf 78' lang='grc' dir='ltr'>τῆς</span> <span class='ocrx_word' id='word_1_499' title='bbox 3378 2593 3587 2648; x_wconf 74' lang='grc' dir='ltr'>ἐκεῖθεν</span> <span class='ocrx_word' id='word_1_500' title='bbox 3612 2592 3747 2646; x_wconf 82' lang='grc' dir='ltr'><strong>ὲνδι⁶</strong></span> 
     </span>
    </p>
   </div>
   <div class='ocr_carea' id='block_1_71' title="bbox 2184 2687 3745 2760">
    <p class='ocr_par' dir='ltr' id='par_1_71' title="bbox 2184 2687 3745 2760">
     <span class='ocr_line' id='line_1_71' title="bbox 2184 2687 3745 2760; baseline -0.003 -18"><span class='ocrx_word' id='word_1_501' title='bbox 2184 2689 2411 2759; x_wconf 71' lang='grc' dir='ltr'>δομένης</span> <span class='ocrx_word' id='word_1_502' title='bbox 2452 2690 2734 2760; x_wconf 84' lang='grc' dir='ltr'>ποιότητος</span> <span class='ocrx_word' id='word_1_503' title='bbox 2765 2706 2779 2721; x_wconf 73' lang='grc'><strong><em>⁸</em></strong></span> <span class='ocrx_word' id='word_1_504' title='bbox 2820 2689 2989 2743; x_wconf 71' lang='grc' dir='ltr'>ταῦτα</span> <span class='ocrx_word' id='word_1_505' title='bbox 3021 2688 3130 2760; x_wconf 89' lang='grc' dir='ltr'><strong>γάρ</strong></span> <span class='ocrx_word' id='word_1_506' title='bbox 3154 2690 3238 2758; x_wconf 79' lang='grc' dir='ltr'><strong>ἐφ’</strong></span> <span class='ocrx_word' id='word_1_507' title='bbox 3271 2688 3478 2741; x_wconf 79' lang='grc' dir='ltr'>ἑαυτῶν</span> <span class='ocrx_word' id='word_1_508' title='bbox 3504 2687 3745 2757; x_wconf 85' lang='grc' dir='ltr'>ἀμείωτα</span> 
     </span>
    </p>
   </div>
   <div class='ocr_carea' id='block_1_72' title="bbox 2189 2778 3749 2851">
    <p class='ocr_par' dir='ltr' id='par_1_72' title="bbox 2189 2778 3749 2851">
     <span class='ocr_line' id='line_1_72' title="bbox 2189 2778 3749 2851; baseline -0.003 -20"><span class='ocrx_word' id='word_1_509' title='bbox 2189 2778 2437 2849; x_wconf 85' lang='grc' dir='ltr'>μένοντα,</span> <span class='ocrx_word' id='word_1_510' title='bbox 2471 2779 2633 2842; x_wconf 81' lang='grc' dir='ltr'>εὐθὺς</span> <span class='ocrx_word' id='word_1_511' title='bbox 2672 2780 2784 2850; x_wconf 81' lang='grc' dir='ltr'>ἔχει</span> <span class='ocrx_word' id='word_1_512' title='bbox 2817 2778 3385 2851; x_wconf 78' lang='grc' dir='ltr'>συμπαρομαρτοῦσαν</span> <span class='ocrx_word' id='word_1_513' title='bbox 3411 2778 3624 2845; x_wconf 78' lang='grc' dir='ltr'>ἑκάστῳ</span> <span class='ocrx_word' id='word_1_514' title='bbox 3649 2779 3749 2847; x_wconf 73' lang='grc' dir='ltr'>τὴν</span> 
     </span>
    </p>
   </div>
   <div class='ocr_carea' id='block_1_73' title="bbox 2185 2863 3747 2942">
    <p class='ocr_par' dir='ltr' id='par_1_73' title="bbox 2185 2863 3747 2942">
     <span class='ocr_line' id='line_1_73' title="bbox 2185 2863 3747 2942; baseline -0.002 -20"><span class='ocrx_word' id='word_1_515' title='bbox 2185 2870 2278 2923; x_wconf 78' lang='grc' dir='ltr'>ἀπ’</span> <span class='ocrx_word' id='word_1_516' title='bbox 2310 2869 2487 2924; x_wconf 85' lang='grc' dir='ltr'>αὑτῶν</span> <span class='ocrx_word' id='word_1_517' title='bbox 2523 2869 2870 2942; x_wconf 80' lang='grc' dir='ltr'>έκδιδομένην</span> <span class='ocrx_word' id='word_1_518' title='bbox 2895 2869 3126 2941; x_wconf 82' lang='grc' dir='ltr'>φυσικὴν</span> <span class='ocrx_word' id='word_1_519' title='bbox 3155 2870 3389 2940; x_wconf 72' lang='grc' dir='ltr'>ἰδιότητα</span> <span class='ocrx_word' id='word_1_520' title='bbox 3413 2885 3427 2900; x_wconf 89' lang='grc'><strong>·</strong></span> <span class='ocrx_word' id='word_1_521' title='bbox 3469 2863 3580 2922; x_wconf 76' lang='grc' dir='ltr'>οἷον</span> <span class='ocrx_word' id='word_1_522' title='bbox 3599 2871 3629 2921; x_wconf 76' lang='grc' dir='ltr'><strong><em>ὁ</em></strong></span> <span class='ocrx_word' id='word_1_523' title='bbox 3649 2869 3747 2939; x_wconf 73' lang='grc' dir='ltr'>μὲν</span> 
     </span>
    </p>
   </div>
   <div class='ocr_carea' id='block_1_74' title="bbox 2185 2958 3749 3033">
    <p class='ocr_par' dir='ltr' id='par_1_74' title="bbox 2185 2958 3749 3033">
     <span class='ocr_line' id='line_1_74' title="bbox 2185 2958 3749 3033; baseline -0.001 -18"><span class='ocrx_word' id='word_1_524' title='bbox 2185 2963 2334 3033; x_wconf 74' lang='grc' dir='ltr'>ἥλιος</span> <span class='ocrx_word' id='word_1_525' title='bbox 2354 2964 2454 3033; x_wconf 83' lang='grc' dir='ltr'><strong>τὴν</strong></span> <span class='ocrx_word' id='word_1_526' title='bbox 2478 2963 2689 3026; x_wconf 83' lang='grc' dir='ltr'>ἀκτῖνα,</span> <span class='ocrx_word' id='word_1_527' title='bbox 2715 2964 2748 3033; x_wconf 86' lang='grc' dir='ltr'><strong>ή</strong></span> <span class='ocrx_word' id='word_1_528' title='bbox 2779 2964 2836 3016; x_wconf 76' lang='grc' dir='ltr'><strong>δὲ</strong></span> <span class='ocrx_word' id='word_1_529' title='bbox 2862 2962 3081 3031; x_wconf 83' lang='grc' dir='ltr'>λαμπὰς</span> <span class='ocrx_word' id='word_1_530' title='bbox 3103 2963 3199 3033; x_wconf 80' lang='grc' dir='ltr'>τὴν</span> <span class='ocrx_word' id='word_1_531' title='bbox 3225 2962 3417 3031; x_wconf 85' lang='grc' dir='ltr'>αύγὴν,</span> <span class='ocrx_word' id='word_1_532' title='bbox 3442 2960 3510 3014; x_wconf 86' lang='grc' dir='ltr'><strong>τά</strong></span> <span class='ocrx_word' id='word_1_533' title='bbox 3528 2961 3583 3014; x_wconf 81' lang='grc' dir='ltr'>δὲ</span> <span class='ocrx_word' id='word_1_534' title='bbox 3602 2958 3749 3031; x_wconf 85' lang='grc' dir='ltr'>ἀρώ-</span> 
     </span>
    </p>
   </div>
   <div class='ocr_carea' id='block_1_75' title="bbox 2191 3053 3737 3126">
    <p class='ocr_par' dir='ltr' id='par_1_75' title="bbox 2191 3053 3737 3126">
     <span class='ocr_line' id='line_1_75' title="bbox 2191 3053 3737 3126; baseline -0.001 -19"><span class='ocrx_word' id='word_1_535' title='bbox 2191 3071 2333 3124; x_wconf 88' lang='grc' dir='ltr'>ματα</span> <span class='ocrx_word' id='word_1_536' title='bbox 2365 3054 2462 3125; x_wconf 79' lang='grc' dir='ltr'><strong>τὴν</strong></span> <span class='ocrx_word' id='word_1_537' title='bbox 2487 3053 2565 3125; x_wconf 82' lang='grc' dir='ltr'>τῷ</span> <span class='ocrx_word' id='word_1_538' title='bbox 2590 3055 2758 3126; x_wconf 83' lang='grc' dir='ltr'>ἀερίῳ</span> <span class='ocrx_word' id='word_1_539' title='bbox 2786 3054 2846 3119; x_wconf 75' lang='grc' dir='ltr'>ἐξ</span> <span class='ocrx_word' id='word_1_540' title='bbox 2871 3053 3045 3107; x_wconf 85' lang='grc' dir='ltr'>αὑτῶν</span> <span class='ocrx_word' id='word_1_541' title='bbox 3081 3054 3463 3123; x_wconf 80' lang='grc' dir='ltr'>ὲντικτομένην</span> <span class='ocrx_word' id='word_1_542' title='bbox 3489 3053 3737 3107; x_wconf 81' lang='grc' dir='ltr'>εὐωδίαν.</span> 
     </span>
    </p>
   </div>
   <div class='ocr_carea' id='block_1_76' title="bbox 2192 3137 3749 3216">
    <p class='ocr_par' dir='ltr' id='par_1_76' title="bbox 2192 3137 3749 3216">
     <span class='ocr_line' id='line_1_76' title="bbox 2192 3137 3749 3216; baseline -0.002 -17"><span class='ocrx_word' id='word_1_543' title='bbox 2192 3146 2345 3199; x_wconf 84' lang='grc' dir='ltr'>Ἔστι</span> <span class='ocrx_word' id='word_1_544' title='bbox 2380 3146 2473 3199; x_wconf 73' lang='grc' dir='ltr'><strong>καὶ</strong></span> <span class='ocrx_word' id='word_1_545' title='bbox 2515 3146 2697 3216; x_wconf 76' lang='grc' dir='ltr'>ἕτερον</span> <span class='ocrx_word' id='word_1_546' title='bbox 2726 3142 2861 3209; x_wconf 80' lang='grc' dir='ltr'>εἶδος</span> <span class='ocrx_word' id='word_1_547' title='bbox 2895 3144 3047 3216; x_wconf 85' lang='grc' dir='ltr'><strong>παρά</strong></span> <span class='ocrx_word' id='word_1_548' title='bbox 3073 3144 3242 3199; x_wconf 82' lang='grc' dir='ltr'>ταῦτα</span> <span class='ocrx_word' id='word_1_549' title='bbox 3265 3146 3589 3215; x_wconf 83' lang='grc' dir='ltr'>γεννήσεως,</span> <span class='ocrx_word' id='word_1_550' title='bbox 3624 3137 3687 3197; x_wconf 74' lang='grc' dir='ltr'>οὗ</span> <span class='ocrx_word' id='word_1_551' title='bbox 3715 3147 3749 3213; x_wconf 82' lang='grc' dir='ltr'><strong>ή</strong></span> 
     </span>
    </p>
   </div>
   <div class='ocr_carea' id='block_1_77' title="bbox 2190 3236 3750 3308">
    <p class='ocr_par' dir='ltr' id='par_1_77' title="bbox 2190 3236 3750 3308">
     <span class='ocr_line' id='line_1_77' title="bbox 2190 3236 3750 3308; baseline -0.001 -18"><span class='ocrx_word' id='word_1_552' title='bbox 2190 3236 2287 3307; x_wconf 80' lang='grc' dir='ltr'>μὲν</span> <span class='ocrx_word' id='word_1_553' title='bbox 2314 3238 2459 3290; x_wconf 81' lang='grc' dir='ltr'>αἰτία</span> <span class='ocrx_word' id='word_1_554' title='bbox 2497 3237 2659 3301; x_wconf 82' lang='grc' dir='ltr'>ἀῦλός</span> <span class='ocrx_word' id='word_1_555' title='bbox 2684 3238 2801 3290; x_wconf 78' lang='grc' dir='ltr'>ἐστι</span> <span class='ocrx_word' id='word_1_556' title='bbox 2840 3239 2932 3291; x_wconf 81' lang='grc' dir='ltr'><strong>καὶ</strong></span> <span class='ocrx_word' id='word_1_557' title='bbox 2964 3236 3251 3308; x_wconf 86' lang='grc' dir='ltr'>ἀσώματος</span> <span class='ocrx_word' id='word_1_558' title='bbox 3274 3277 3289 3299; x_wconf 94' lang='grc'><strong>,</strong></span> <span class='ocrx_word' id='word_1_559' title='bbox 3332 3238 3365 3306; x_wconf 84' lang='grc' dir='ltr'><strong>ή</strong></span> <span class='ocrx_word' id='word_1_560' title='bbox 3413 3237 3469 3290; x_wconf 82' lang='grc' dir='ltr'>δὲ</span> <span class='ocrx_word' id='word_1_561' title='bbox 3501 3238 3750 3306; x_wconf 79' lang='grc' dir='ltr'>γέννησις</span> 
     </span>
    </p>
   </div>
   <div class='ocr_carea' id='block_1_78' title="bbox 2187 3327 3750 3400">
    <p class='ocr_par' dir='ltr' id='par_1_78' title="bbox 2187 3327 3750 3400">
     <span class='ocr_line' id='line_1_78' title="bbox 2187 3327 3750 3400; baseline -0.001 -20"><span class='ocrx_word' id='word_1_562' title='bbox 2187 3329 2414 3400; x_wconf 72' lang='grc' dir='ltr'>αἰσθητή</span> <span class='ocrx_word' id='word_1_563' title='bbox 2438 3347 2496 3383; x_wconf 85' lang='grc' dir='ltr'><strong>τε</strong></span> <span class='ocrx_word' id='word_1_564' title='bbox 2519 3329 2611 3383; x_wconf 77' lang='grc' dir='ltr'>καὶ</span> <span class='ocrx_word' id='word_1_565' title='bbox 2644 3328 2731 3381; x_wconf 77' lang='grc' dir='ltr'>διὰ</span> <span class='ocrx_word' id='word_1_566' title='bbox 2770 3327 3045 3399; x_wconf 79' lang='grc' dir='ltr'>σώματος’</span> <span class='ocrx_word' id='word_1_567' title='bbox 3079 3328 3221 3397; x_wconf 83' lang='grc' dir='ltr'>λέγω</span> <span class='ocrx_word' id='word_1_568' title='bbox 3241 3328 3297 3381; x_wconf 88' lang='grc' dir='ltr'>δὲ</span> <span class='ocrx_word' id='word_1_569' title='bbox 3325 3328 3418 3381; x_wconf 87' lang='grc' dir='ltr'><strong>τὸν</strong></span> <span class='ocrx_word' id='word_1_570' title='bbox 3450 3330 3513 3380; x_wconf 73' lang='grc' dir='ltr'><strong>ἐκ</strong></span> <span class='ocrx_word' id='word_1_571' title='bbox 3534 3327 3627 3379; x_wconf 85' lang='grc' dir='ltr'><strong>τοὺ</strong></span> <span class='ocrx_word' id='word_1_572' title='bbox 3659 3327 3750 3379; x_wconf 74' lang='grc' dir='ltr'>νοῦ</span> 
     </span>
    </p>
   </div>
   <div class='ocr_carea' id='block_1_79' title="bbox 2185 3421 3750 3495">
    <p class='ocr_par' dir='ltr' id='par_1_79' title="bbox 2185 3421 3750 3495">
     <span class='ocr_line' id='line_1_79' title="bbox 2185 3421 3750 3495; baseline -0.001 -22"><span class='ocrx_word' id='word_1_573' title='bbox 2185 3421 2518 3492; x_wconf 81' lang='grc' dir='ltr'>γεννώμενον</span> <span class='ocrx_word' id='word_1_574' title='bbox 2545 3422 2701 3491; x_wconf 84' lang='grc' dir='ltr'>λόγον</span> <span class='ocrx_word' id='word_1_575' title='bbox 2720 3440 2734 3455; x_wconf 89' lang='grc'><strong>·</strong></span> <span class='ocrx_word' id='word_1_576' title='bbox 2779 3423 3067 3495; x_wconf 84' lang='grc' dir='ltr'>ἀσώματος</span> <span class='ocrx_word' id='word_1_577' title='bbox 3099 3424 3207 3495; x_wconf 86' lang='grc' dir='ltr'>γὰρ</span> <span class='ocrx_word' id='word_1_578' title='bbox 3233 3423 3308 3476; x_wconf 83' lang='grc' dir='ltr'><strong>ὢν</strong></span> <span class='ocrx_word' id='word_1_579' title='bbox 3353 3422 3473 3477; x_wconf 81' lang='grc' dir='ltr'>καθ’</span> <span class='ocrx_word' id='word_1_580' title='bbox 3510 3421 3699 3475; x_wconf 69' lang='grc' dir='ltr'>ἑαυτὸν</span> <span class='ocrx_word' id='word_1_581' title='bbox 3723 3424 3750 3473; x_wconf 84' lang='grc' dir='ltr'>ὁ</span> 
     </span>
    </p>
   </div>
   <div class='ocr_carea' id='block_1_80' title="bbox 2187 3510 3747 3585">
    <p class='ocr_par' dir='ltr' id='par_1_80' title="bbox 2187 3510 3747 3585">
     <span class='ocr_line' id='line_1_80' title="bbox 2187 3510 3747 3585; baseline 0.003 -22"><span class='ocrx_word' id='word_1_582' title='bbox 2187 3510 2329 3575; x_wconf 82' lang='grc' dir='ltr'>νοῦς,</span> <span class='ocrx_word' id='word_1_583' title='bbox 2359 3511 2447 3565; x_wconf 91' lang='grc' dir='ltr'><strong>διά</strong></span> <span class='ocrx_word' id='word_1_584' title='bbox 2487 3512 2595 3566; x_wconf 89' lang='grc' dir='ltr'><strong>τῶν</strong></span> <span class='ocrx_word' id='word_1_585' title='bbox 2637 3513 2909 3584; x_wconf 79' lang='grc' dir='ltr'>αἰσθητῶν</span> <span class='ocrx_word' id='word_1_586' title='bbox 2954 3515 3199 3585; x_wconf 84' lang='grc' dir='ltr'>ὀργάνων</span> <span class='ocrx_word' id='word_1_587' title='bbox 3231 3513 3403 3567; x_wconf 83' lang='grc' dir='ltr'>τίκτει</span> <span class='ocrx_word' id='word_1_588' title='bbox 3447 3514 3540 3566; x_wconf 81' lang='grc' dir='ltr'><strong>τὸν</strong></span> <span class='ocrx_word' id='word_1_589' title='bbox 3572 3513 3747 3581; x_wconf 83' lang='grc' dir='ltr'>λόγον.</span> 
     </span>
    </p>
   </div>
   <div class='ocr_carea' id='block_1_81' title="bbox 2186 3602 3747 3678">
    <p class='ocr_par' dir='ltr' id='par_1_81' title="bbox 2186 3602 3747 3678">
     <span class='ocr_line' id='line_1_81' title="bbox 2186 3602 3747 3678; baseline 0.002 -24"><span class='ocrx_word' id='word_1_590' title='bbox 2186 3602 2465 3667; x_wconf 88' lang='grc' dir='ltr'>Τοσαύτας</span> <span class='ocrx_word' id='word_1_591' title='bbox 2508 3606 2811 3675; x_wconf 86' lang='grc' dir='ltr'>γεννήσεως</span> <span class='ocrx_word' id='word_1_592' title='bbox 2855 3605 3114 3678; x_wconf 73' lang='grc' dir='ltr'>διαφορὰς</span> <span class='ocrx_word' id='word_1_593' title='bbox 3169 3604 3277 3659; x_wconf 77' lang='grc' dir='ltr'>οἷον</span> <span class='ocrx_word' id='word_1_594' title='bbox 3326 3608 3383 3660; x_wconf 82' lang='grc' dir='ltr'>ὲν</span> <span class='ocrx_word' id='word_1_595' title='bbox 3430 3609 3617 3677; x_wconf 74' lang='grc' dir='ltr'>γενικῇ</span> <span class='ocrx_word' id='word_1_596' title='bbox 3648 3623 3747 3658; x_wconf 81' lang='grc' dir='ltr'>τινι</span> 
     </span>
    </p>
   </div>
   <div class='ocr_carea' id='block_1_82' title="bbox 2188 3688 3743 3766">
    <p class='ocr_par' dir='ltr' id='par_1_82' title="bbox 2188 3688 3743 3766">
     <span class='ocr_line' id='line_1_82' title="bbox 2188 3688 3743 3766; baseline 0.003 -24"><span class='ocrx_word' id='word_1_597' title='bbox 2188 3688 2389 3762; x_wconf 80' lang='grc' dir='ltr'>θεωρίᾳ</span> <span class='ocrx_word' id='word_1_598' title='bbox 2419 3694 2842 3763; x_wconf 85' lang='grc' dir='ltr'>κατενοήσαμεν.</span> <span class='ocrx_word' id='word_1_599' title='bbox 2890 3694 2971 3748; x_wconf 86' lang='grc' dir='ltr'><strong>Τά</strong></span> <span class='ocrx_word' id='word_1_600' title='bbox 3002 3694 3109 3763; x_wconf 86' lang='grc' dir='ltr'><strong>γάρ</strong></span> <span class='ocrx_word' id='word_1_601' title='bbox 3136 3695 3235 3755; x_wconf 80' lang='grc' dir='ltr'><strong>ὅσα</strong></span> <span class='ocrx_word' id='word_1_602' title='bbox 3262 3693 3743 3766; x_wconf 83' lang='grc' dir='ltr'>θαυματουργεῖται</span> 
     </span>
    </p>
   </div>
   <div class='ocr_carea' id='block_1_83' title="bbox 2190 3781 3742 3855">
    <p class='ocr_par' dir='ltr' id='par_1_83' title="bbox 2190 3781 3742 3855">
     <span class='ocr_line' id='line_1_83' title="bbox 2190 3781 3742 3855; baseline 0.003 -22"><span class='ocrx_word' id='word_1_603' title='bbox 2190 3781 2339 3851; x_wconf 87' lang='grc' dir='ltr'><strong>παρά</strong></span> <span class='ocrx_word' id='word_1_604' title='bbox 2363 3784 2463 3853; x_wconf 75' lang='grc' dir='ltr'>τῆς</span> <span class='ocrx_word' id='word_1_605' title='bbox 2489 3782 2723 3850; x_wconf 78' lang='grc' dir='ltr'>φύσεως,</span> <span class='ocrx_word' id='word_1_606' title='bbox 2748 3785 2847 3855; x_wconf 82' lang='grc' dir='ltr'>τῆς</span> <span class='ocrx_word' id='word_1_607' title='bbox 2877 3783 3100 3854; x_wconf 88' lang='grc' dir='ltr'>σώματα</span> <span class='ocrx_word' id='word_1_608' title='bbox 3123 3785 3275 3849; x_wconf 77' lang='grc' dir='ltr'>ζώων</span> <span class='ocrx_word' id='word_1_609' title='bbox 3294 3787 3453 3839; x_wconf 90' lang='grc' dir='ltr'>τινῶν</span> <span class='ocrx_word' id='word_1_610' title='bbox 3475 3788 3554 3849; x_wconf 88' lang='grc' dir='ltr'><strong>είς</strong></span> <span class='ocrx_word' id='word_1_611' title='bbox 3579 3789 3742 3855; x_wconf 74' lang='grc' dir='ltr'>ἑτερο-</span> 
     </span>
    </p>
   </div>
   <div class='ocr_carea' id='block_1_84' title="bbox 2189 3871 3736 3947">
    <p class='ocr_par' dir='ltr' id='par_1_84' title="bbox 2189 3871 3736 3947">
     <span class='ocr_line' id='line_1_84' title="bbox 2189 3871 3736 3947; baseline 0.001 -22"><span class='ocrx_word' id='word_1_612' title='bbox 2189 3871 2295 3940; x_wconf 82' lang='grc' dir='ltr'>φυῆ</span> <span class='ocrx_word' id='word_1_613' title='bbox 2344 3888 2464 3927; x_wconf 90' lang='grc' dir='ltr'>τινα</span> <span class='ocrx_word' id='word_1_614' title='bbox 2500 3872 2953 3945; x_wconf 78' lang='grc' dir='ltr'>μεταϐαλλούσης,</span> <span class='ocrx_word' id='word_1_615' title='bbox 3023 3876 3055 3946; x_wconf 85' lang='grc' dir='ltr'>ἢ</span> <span class='ocrx_word' id='word_1_616' title='bbox 3095 3876 3201 3929; x_wconf 78' lang='grc' dir='ltr'>ἀπό</span> <span class='ocrx_word' id='word_1_617' title='bbox 3246 3894 3386 3941; x_wconf 89' lang='grc' dir='ltr'>τινος</span> <span class='ocrx_word' id='word_1_618' title='bbox 3431 3877 3540 3929; x_wconf 86' lang='grc' dir='ltr'><strong>τῶν</strong></span> <span class='ocrx_word' id='word_1_619' title='bbox 3571 3877 3736 3947; x_wconf 84' lang='grc' dir='ltr'>ὑγρῶν</span> 
     </span>
    </p>
   </div>
   <div class='ocr_carea' id='block_1_85' title="bbox 2190 3966 3730 4039">
    <p class='ocr_par' dir='ltr' id='par_1_85' title="bbox 2190 3966 3730 4039">
     <span class='ocr_line' id='line_1_85' title="bbox 2190 3966 3730 4039; baseline -0.001 -18"><span class='ocrx_word' id='word_1_620' title='bbox 2190 3966 2543 4030; x_wconf 83' lang='grc' dir='ltr'>ἀλλοιώσεως,</span> <span class='ocrx_word' id='word_1_621' title='bbox 2581 3966 2614 4037; x_wconf 80' lang='grc' dir='ltr'>ἢ</span> <span class='ocrx_word' id='word_1_622' title='bbox 2651 3966 2978 4037; x_wconf 81' lang='grc' dir='ltr'>σπερμάτων</span> <span class='ocrx_word' id='word_1_623' title='bbox 3017 3967 3241 4038; x_wconf 83' lang='grc' dir='ltr'>φθορᾶς,</span> <span class='ocrx_word' id='word_1_624' title='bbox 3286 3969 3320 4039; x_wconf 82' lang='grc' dir='ltr'><strong>ἢ</strong></span> <span class='ocrx_word' id='word_1_625' title='bbox 3371 3967 3540 4033; x_wconf 79' lang='grc' dir='ltr'>ξύλων</span> <span class='ocrx_word' id='word_1_626' title='bbox 3584 3984 3730 4037; x_wconf 78' lang='grc' dir='ltr'>σηπε-</span> 
     </span>
    </p>
   </div>
   <div class='ocr_carea' id='block_1_86' title="bbox 2189 4056 3727 4128">
    <p class='ocr_par' dir='ltr' id='par_1_86' title="bbox 2189 4056 3727 4128">
     <span class='ocr_line' id='line_1_86' title="bbox 2189 4056 3727 4128; baseline -0.001 -18"><span class='ocrx_word' id='word_1_627' title='bbox 2189 4057 2336 4120; x_wconf 85' lang='grc' dir='ltr'>δόνος</span> <span class='ocrx_word' id='word_1_628' title='bbox 2365 4056 2480 4121; x_wconf 79' lang='grc' dir='ltr'>ζῶά</span> <span class='ocrx_word' id='word_1_629' title='bbox 2510 4073 2631 4110; x_wconf 88' lang='grc' dir='ltr'>τινα</span> <span class='ocrx_word' id='word_1_630' title='bbox 2660 4056 3113 4127; x_wconf 73' lang='grc' dir='ltr'>δημιουργούσης,</span> <span class='ocrx_word' id='word_1_631' title='bbox 3151 4058 3181 4128; x_wconf 75' lang='grc' dir='ltr'>ἢ</span> <span class='ocrx_word' id='word_1_632' title='bbox 3223 4059 3286 4111; x_wconf 79' lang='grc' dir='ltr'>ἐκ</span> <span class='ocrx_word' id='word_1_633' title='bbox 3326 4059 3426 4128; x_wconf 83' lang='grc' dir='ltr'>τῆς</span> <span class='ocrx_word' id='word_1_634' title='bbox 3451 4059 3544 4112; x_wconf 84' lang='grc' dir='ltr'><strong>τοὺ</strong></span> <span class='ocrx_word' id='word_1_635' title='bbox 3582 4059 3727 4127; x_wconf 59' lang='grc' dir='ltr'>πυρὸς</span> 
     </span>
    </p>
   </div>
   <div class='ocr_carea' id='block_1_87' title="bbox 2197 4147 3726 4221">
    <p class='ocr_par' dir='ltr' id='par_1_87' title="bbox 2197 4147 3726 4221">
     <span class='ocr_line' id='line_1_87' title="bbox 2197 4147 3726 4221; baseline -0.002 -19"><span class='ocrx_word' id='word_1_636' title='bbox 2197 4148 2580 4219; x_wconf 82' lang='grc' dir='ltr'>συμπιλήσεως</span> <span class='ocrx_word' id='word_1_637' title='bbox 2631 4147 2722 4201; x_wconf 70' lang='grc' dir='ltr'>τὸν</span> <span class='ocrx_word' id='word_1_638' title='bbox 2771 4148 2977 4219; x_wconf 79' lang='grc' dir='ltr'>ψυχρὸν</span> <span class='ocrx_word' id='word_1_639' title='bbox 3027 4150 3092 4201; x_wconf 81' lang='grc' dir='ltr'>ὲκ</span> <span class='ocrx_word' id='word_1_640' title='bbox 3132 4149 3240 4201; x_wconf 90' lang='grc' dir='ltr'><strong>τῶν</strong></span> <span class='ocrx_word' id='word_1_641' title='bbox 3268 4148 3444 4202; x_wconf 85' lang='grc' dir='ltr'>δαλῶν</span> <span class='ocrx_word' id='word_1_642' title='bbox 3471 4149 3633 4221; x_wconf 75' lang='grc' dir='ltr'>ἀτμὸν</span> <span class='ocrx_word' id='word_1_643' title='bbox 3654 4150 3726 4200; x_wconf 73' lang='grc' dir='ltr'><strong>ἐν·</strong></span> 
     </span>
    </p>
   </div>
   <div class='ocr_carea' id='block_1_88' title="bbox 2190 4237 3725 4310">
    <p class='ocr_par' dir='ltr' id='par_1_88' title="bbox 2190 4237 3725 4310">
     <span class='ocr_line' id='line_1_88' title="bbox 2190 4237 3725 4310; baseline -0.001 -17"><span class='ocrx_word' id='word_1_644' title='bbox 2190 4238 2570 4310; x_wconf 78' lang='grc' dir='ltr'>αποληφθέντα</span> <span class='ocrx_word' id='word_1_645' title='bbox 2633 4237 2712 4308; x_wconf 83' lang='grc' dir='ltr'><strong>τῷ</strong></span> <span class='ocrx_word' id='word_1_646' title='bbox 2764 4237 2915 4307; x_wconf 84' lang='grc' dir='ltr'>βάθει</span> <span class='ocrx_word' id='word_1_647' title='bbox 2965 4239 3098 4310; x_wconf 82' lang='grc' dir='ltr'>πρὸς</span> <span class='ocrx_word' id='word_1_648' title='bbox 3144 4239 3282 4304; x_wconf 81' lang='grc' dir='ltr'>ζώου</span> <span class='ocrx_word' id='word_1_649' title='bbox 3328 4240 3537 4306; x_wconf 87' lang='grc' dir='ltr'>γένεσιν</span> <span class='ocrx_word' id='word_1_650' title='bbox 3587 4256 3725 4310; x_wconf 81' lang='grc' dir='ltr'>μετα-</span> 
     </span>
    </p>
   </div>
   <div class='ocr_carea' id='block_1_89' title="bbox 2191 4329 3727 4403">
    <p class='ocr_par' dir='ltr' id='par_1_89' title="bbox 2191 4329 3727 4403">
     <span class='ocr_line' id='line_1_89' title="bbox 2191 4329 3727 4403; baseline -0.001 -19"><span class='ocrx_word' id='word_1_651' title='bbox 2191 4330 2468 4401; x_wconf 88' lang='grc' dir='ltr'>ποιούσης,</span> <span class='ocrx_word' id='word_1_652' title='bbox 2486 4331 2514 4383; x_wconf 81' lang='grc' dir='ltr'><strong><em>ὃ</em></strong></span> <span class='ocrx_word' id='word_1_653' title='bbox 2536 4329 2916 4401; x_wconf 82' lang='grc' dir='ltr'>σαλαμάνδραν</span> <span class='ocrx_word' id='word_1_654' title='bbox 2948 4331 3443 4403; x_wconf 85' lang='grc' dir='ltr'>προσαγορεύουσιν</span> <span class='ocrx_word' id='word_1_655' title='bbox 3465 4375 3479 4395; x_wconf 93' lang='grc'><strong>,</strong></span> <span class='ocrx_word' id='word_1_656' title='bbox 3526 4333 3622 4387; x_wconf 72' lang='grc' dir='ltr'><strong>κᾶν</strong></span> <span class='ocrx_word' id='word_1_657' title='bbox 3639 4332 3727 4396; x_wconf 73' lang='grc' dir='ltr'><strong>ἔξω</strong></span> 
     </span>
    </p>
   </div>
   <div class='ocr_carea' id='block_1_90' title="bbox 524 4416 2086 4495">
    <p class='ocr_par' dir='ltr' id='par_1_90' title="bbox 524 4420 2082 4491">
     <span class='ocr_line' id='line_1_90' title="bbox 524 4420 2082 4491; baseline 0 -14"><span class='ocrx_word' id='word_1_658' title='bbox 524 4423 680 4479; x_wconf 83' lang='lat' dir='ltr'><strong>ribus</strong></span> <span class='ocrx_word' id='word_1_659' title='bbox 711 4422 939 4477; x_wconf 83' lang='lat' dir='ltr'><strong>halitum</strong></span> <span class='ocrx_word' id='word_1_660' title='bbox 970 4424 1024 4476; x_wconf 93' lang='lat' dir='ltr'><strong>in</strong></span> <span class='ocrx_word' id='word_1_661' title='bbox 1060 4421 1229 4477; x_wconf 80' lang='lat' dir='ltr'><strong>fundo</strong></span> <span class='ocrx_word' id='word_1_662' title='bbox 1265 4422 1533 4482; x_wconf 86' lang='lat' dir='ltr'><strong>relictum.</strong></span> <span class='ocrx_word' id='word_1_663' title='bbox 1558 4420 1625 4474; x_wconf 89' lang='lat' dir='ltr'><strong>ad</strong></span> <span class='ocrx_word' id='word_1_664' title='bbox 1651 4421 1903 4477; x_wconf 83' lang='lat' dir='ltr'><strong>animalis</strong></span> <span class='ocrx_word' id='word_1_665' title='bbox 1928 4436 2082 4491; x_wconf 88' lang='lat' dir='ltr'><strong>gene-</strong></span> 
     </span>
    </p>
   </div>
   <div class='ocr_carea' id='block_1_91' title="bbox 2189 4416 3727 4495">
    <p class='ocr_par' dir='ltr' id='par_1_91' title="bbox 2190 4416 3727 4495">
     <span class='ocr_line' id='line_1_91' title="bbox 2190 4416 3727 4495; baseline -0.001 -20"><span class='ocrx_word' id='word_1_666' title='bbox 2190 4422 2298 4475; x_wconf 86' lang='grc' dir='ltr'><strong>τῶν</strong></span> <span class='ocrx_word' id='word_1_667' title='bbox 2334 4418 2705 4491; x_wconf 81' lang='grc' dir='ltr'>διορισθέντων</span> <span class='ocrx_word' id='word_1_668' title='bbox 2736 4416 2873 4474; x_wconf 78' lang='grc' dir='ltr'>εῖναι</span> <span class='ocrx_word' id='word_1_669' title='bbox 2904 4422 3056 4492; x_wconf 80' lang='grc' dir='ltr'>δοκῇ,</span> <span class='ocrx_word' id='word_1_670' title='bbox 3088 4421 3240 4476; x_wconf 76' lang='grc' dir='ltr'>οὐδὲν</span> <span class='ocrx_word' id='word_1_671' title='bbox 3266 4418 3429 4495; x_wconf 84' lang='grc' dir='ltr'>ἦττον</span> <span class='ocrx_word' id='word_1_672' title='bbox 3459 4426 3516 4477; x_wconf 82' lang='grc' dir='ltr'>ὲν</span> <span class='ocrx_word' id='word_1_673' title='bbox 3544 4425 3642 4486; x_wconf 76' lang='grc' dir='ltr'>τοῖς</span> <span class='ocrx_word' id='word_1_674' title='bbox 3666 4423 3727 4473; x_wconf 83' lang='grc' dir='ltr'>εί-</span> 
     </span>
    </p>
   </div>
   <div class='ocr_carea' id='block_1_92' title="bbox 527 4512 2089 4583">
    <p class='ocr_par' dir='ltr' id='par_1_92' title="bbox 527 4512 2089 4583">
     <span class='ocr_line' id='line_1_92' title="bbox 527 4512 2089 4583; baseline -0.001 -15"><span class='ocrx_word' id='word_1_675' title='bbox 527 4513 789 4569; x_wconf 72' lang='lat' dir='ltr'><strong>rationem</strong></span> <span class='ocrx_word' id='word_1_676' title='bbox 828 4521 1180 4580; x_wconf 87' lang='lat' dir='ltr'><strong>transmutat,</strong></span> <span class='ocrx_word' id='word_1_677' title='bbox 1222 4512 1402 4583; x_wconf 86' lang='lat' dir='ltr'><strong>’quod&#39;</strong></span> <span class='ocrx_word' id='word_1_678' title='bbox 1455 4512 1856 4567; x_wconf 86' lang='lat' dir='ltr'><strong>salamandram</strong></span> <span class='ocrx_word' id='word_1_679' title='bbox 1907 4513 2089 4582; x_wconf 53' lang='lat' dir='ltr'><strong>appel-</strong></span> 
     </span>
    </p>
   </div>
   <div class='ocr_carea' id='block_1_93' title="bbox 526 4602 2090 4674">
    <p class='ocr_par' dir='ltr' id='par_1_93' title="bbox 526 4602 2090 4674">
     <span class='ocr_line' id='line_1_93' title="bbox 526 4602 2090 4674; baseline 0.003 -18"><span class='ocrx_word' id='word_1_680' title='bbox 526 4603 673 4669; x_wconf 85' lang='lat' dir='ltr'><strong>lant,</strong></span> <span class='ocrx_word' id='word_1_681' title='bbox 703 4604 913 4660; x_wconf 85' lang='lat' dir='ltr'><strong>etiamsi</strong></span> <span class='ocrx_word' id='word_1_682' title='bbox 946 4613 1098 4660; x_wconf 82' lang='lat' dir='ltr'><strong>extra</strong></span> <span class='ocrx_word' id='word_1_683' title='bbox 1129 4619 1222 4660; x_wconf 89' lang='lat' dir='ltr'><strong>eas</strong></span> <span class='ocrx_word' id='word_1_684' title='bbox 1251 4602 1663 4674; x_wconf 64' lang='lat' dir='ltr'><strong>generatiormm</strong></span> <span class='ocrx_word' id='word_1_685' title='bbox 1699 4605 1908 4673; x_wconf 85' lang='lat' dir='ltr'><strong>species</strong></span> <span class='ocrx_word' id='word_1_686' title='bbox 1952 4621 2090 4674; x_wconf 86' lang='lat' dir='ltr'><strong>quas</strong></span> 
     </span>
    </p>
   </div>
   <div class='ocr_carea' id='block_1_94' title="bbox 525 4692 2093 4765">
    <p class='ocr_par' dir='ltr' id='par_1_94' title="bbox 525 4692 2093 4765">
     <span class='ocr_line' id='line_1_94' title="bbox 525 4692 2093 4765; baseline 0.001 -16"><span class='ocrx_word' id='word_1_687' title='bbox 525 4710 691 4765; x_wconf 87' lang='lat' dir='ltr'><strong>supra</strong></span> <span class='ocrx_word' id='word_1_688' title='bbox 721 4695 1091 4758; x_wconf 82' lang='lat' dir='ltr'><strong>deﬁnivimus,</strong></span> <span class='ocrx_word' id='word_1_689' title='bbox 1128 4710 1249 4750; x_wconf 80' lang='lat' dir='ltr'><strong>esse</strong></span> <span class='ocrx_word' id='word_1_690' title='bbox 1280 4692 1585 4754; x_wconf 88' lang='lat' dir='ltr'><strong>videantur,</strong></span> <span class='ocrx_word' id='word_1_691' title='bbox 1626 4694 1981 4750; x_wconf 87' lang='lat' dir='ltr'><strong>nihilominus</strong></span> <span class='ocrx_word' id='word_1_692' title='bbox 2008 4704 2093 4751; x_wconf 85' lang='lat' dir='ltr'><strong>ta-</strong></span> 
     </span>
    </p>
   </div>
   <div class='ocr_carea' id='block_1_95' title="bbox 527 4784 2076 4855">
    <p class='ocr_par' dir='ltr' id='par_1_95' title="bbox 527 4784 2076 4855">
     <span class='ocr_line' id='line_1_95' title="bbox 527 4784 2076 4855; baseline 0.002 -16"><span class='ocrx_word' id='word_1_693' title='bbox 527 4802 648 4841; x_wconf 89' lang='lat' dir='ltr'><strong>men</strong></span> <span class='ocrx_word' id='word_1_694' title='bbox 681 4787 734 4839; x_wconf 90' lang='lat' dir='ltr'><strong>in</strong></span> <span class='ocrx_word' id='word_1_695' title='bbox 765 4786 899 4855; x_wconf 85' lang='lat' dir='ltr'><strong>ipsis</strong></span> <span class='ocrx_word' id='word_1_696' title='bbox 931 4793 1157 4854; x_wconf 88' lang='lat' dir='ltr'><strong>possunt</strong></span> <span class='ocrx_word' id='word_1_697' title='bbox 1213 4784 1618 4853; x_wconf 77' lang='lat' dir='ltr'><strong>comprehendi.</strong></span> <span class='ocrx_word' id='word_1_698' title='bbox 1672 4784 1874 4840; x_wconf 80' lang='lat' dir='ltr'><strong>Natura</strong></span> <span class='ocrx_word' id='word_1_699' title='bbox 1929 4787 2076 4842; x_wconf 90' lang='lat' dir='ltr'><strong>enim</strong></span> 
     </span>
    </p>
   </div>
   <div class='ocr_carea' id='block_1_96' title="bbox 527 4876 2082 4947">
    <p class='ocr_par' dir='ltr' id='par_1_96' title="bbox 527 4876 2082 4947">
     <span class='ocr_line' id='line_1_96' title="bbox 527 4876 2082 4947; baseline 0.002 -17"><span class='ocrx_word' id='word_1_700' title='bbox 527 4891 621 4944; x_wconf 88' lang='lat' dir='ltr'><strong>per</strong></span> <span class='ocrx_word' id='word_1_701' title='bbox 653 4890 884 4945; x_wconf 80' lang='lat' dir='ltr'><strong>corpora</strong></span> <span class='ocrx_word' id='word_1_702' title='bbox 918 4878 1064 4930; x_wconf 90' lang='lat' dir='ltr'><strong>varia</strong></span> <span class='ocrx_word' id='word_1_703' title='bbox 1095 4878 1207 4930; x_wconf 60' lang='lat' dir='ltr'><strong>haec</strong></span> <span class='ocrx_word' id='word_1_704' title='bbox 1235 4876 1549 4929; x_wconf 85' lang='lat' dir='ltr'><strong>animalium</strong></span> <span class='ocrx_word' id='word_1_705' title='bbox 1580 4891 1776 4945; x_wconf 87' lang='lat' dir='ltr'><strong>genera</strong></span> <span class='ocrx_word' id='word_1_706' title='bbox 1811 4878 2082 4947; x_wconf 90' lang='lat' dir='ltr'><strong>producit;</strong></span> 
     </span>
    </p>
   </div>
   <div class='ocr_carea' id='block_1_97' title="bbox 524 4967 2091 5036">
    <p class='ocr_par' dir='ltr' id='par_1_97' title="bbox 524 4967 2091 5036">
     <span class='ocr_line' id='line_1_97' title="bbox 524 4967 2091 5036; baseline 0.003 -15"><span class='ocrx_word' id='word_1_707' title='bbox 524 4969 705 5036; x_wconf 77' lang='lat' dir='ltr'><strong>qualis</strong></span> <span class='ocrx_word' id='word_1_708' title='bbox 738 4968 884 5023; x_wconf 85' lang='lat' dir='ltr'><strong>enim</strong></span> <span class='ocrx_word' id='word_1_709' title='bbox 915 4969 1164 5036; x_wconf 89' lang='lat' dir='ltr'><strong>corporis</strong></span> <span class='ocrx_word' id='word_1_710' title='bbox 1196 4970 1373 5023; x_wconf 88' lang='lat' dir='ltr'><strong>versio</strong></span> <span class='ocrx_word' id='word_1_711' title='bbox 1410 4967 1591 5033; x_wconf 82' lang='lat' dir='ltr'><strong>fuerit,</strong></span> <span class='ocrx_word' id='word_1_712' title='bbox 1621 4969 1801 5022; x_wconf 75' lang='lat' dir='ltr'><strong>taliter</strong></span> <span class='ocrx_word' id='word_1_713' title='bbox 1835 4984 1864 5022; x_wconf 90' lang='lat' dir='ltr'><strong>a</strong></span> <span class='ocrx_word' id='word_1_714' title='bbox 1899 4979 2091 5025; x_wconf 90' lang='lat' dir='ltr'><strong>natura</strong></span> 
     </span>
    </p>
   </div>
   <div class='ocr_carea' id='block_1_98' title="bbox 527 5058 2093 5128">
    <p class='ocr_par' dir='ltr' id='par_1_98' title="bbox 527 5058 2093 5128">
     <span class='ocr_line' id='line_1_98' title="bbox 527 5058 2093 5128; baseline 0.003 -17"><span class='ocrx_word' id='word_1_715' title='bbox 527 5058 717 5114; x_wconf 70' lang='lat' dir='ltr'><strong>electa</strong></span> <span class='ocrx_word' id='word_1_716' title='bbox 761 5058 887 5114; x_wconf 86' lang='lat' dir='ltr'><strong>sive</strong></span> <span class='ocrx_word' id='word_1_717' title='bbox 940 5058 1240 5128; x_wconf 85' lang='lat' dir='ltr'><strong>disposita,</strong></span> <span class='ocrx_word' id='word_1_718' title='bbox 1279 5059 1439 5112; x_wconf 78' lang='lat' dir='ltr'><strong>talem</strong></span> <span class='ocrx_word' id='word_1_719' title='bbox 1489 5060 1781 5128; x_wconf 65' lang='lat' dir='ltr'><strong>qu&#39;mdam</strong></span> <span class='ocrx_word' id='word_1_720' title='bbox 1839 5061 2093 5118; x_wconf 88' lang='lat' dir='ltr'><strong>animalis</strong></span> 
     </span>
    </p>
   </div>
   <div class='ocr_carea' id='block_1_99' title="bbox 529 5150 2094 5223">
    <p class='ocr_par' dir='ltr' id='par_1_99' title="bbox 529 5150 2094 5223">
     <span class='ocr_line' id='line_1_99' title="bbox 529 5150 2094 5223; baseline 0.003 -18"><span class='ocrx_word' id='word_1_721' title='bbox 529 5150 766 5221; x_wconf 87' lang='lat' dir='ltr'><strong>speciem</strong></span> <span class='ocrx_word' id='word_1_722' title='bbox 795 5150 973 5207; x_wconf 78' lang='lat' dir='ltr'><strong>ell‘ecit</strong></span> <span class='ocrx_word' id='word_1_723' title='bbox 1001 5170 1014 5205; x_wconf 89' lang='lat'><strong>:</strong></span> <span class='ocrx_word' id='word_1_724' title='bbox 1042 5166 1167 5221; x_wconf 68' lang='lat' dir='ltr'><strong>quae</strong></span> <span class='ocrx_word' id='word_1_725' title='bbox 1199 5151 1420 5221; x_wconf 83' lang='lat' dir='ltr'><strong>quidem</strong></span> <span class='ocrx_word' id='word_1_726' title='bbox 1458 5168 1566 5206; x_wconf 91' lang='lat' dir='ltr'><strong>non</strong></span> <span class='ocrx_word' id='word_1_727' title='bbox 1614 5153 1716 5205; x_wconf 85' lang='lat' dir='ltr'><strong>alia</strong></span> <span class='ocrx_word' id='word_1_728' title='bbox 1763 5164 1846 5207; x_wconf 89' lang='lat' dir='ltr'><strong>est</strong></span> <span class='ocrx_word' id='word_1_729' title='bbox 1871 5168 2094 5223; x_wconf 85' lang='lat' dir='ltr'><strong>genera-</strong></span> 
     </span>
    </p>
   </div>
   <div class='ocr_carea' id='block_1_100' title="bbox 527 5244 2094 5315">
    <p class='ocr_par' dir='ltr' id='par_1_100' title="bbox 527 5244 2094 5315">
     <span class='ocr_line' id='line_1_100' title="bbox 527 5244 2094 5315; baseline 0.001 -18"><span class='ocrx_word' id='word_1_730' title='bbox 527 5244 697 5300; x_wconf 86' lang='lat' dir='ltr'><strong>tionis</strong></span> <span class='ocrx_word' id='word_1_731' title='bbox 728 5247 961 5315; x_wconf 86' lang='lat' dir='ltr'><strong>species,</strong></span> <span class='ocrx_word' id='word_1_732' title='bbox 996 5252 1191 5315; x_wconf 66' lang='lat' dir='ltr'><strong>prazter</strong></span> <span class='ocrx_word' id='word_1_733' title='bbox 1225 5260 1343 5300; x_wconf 91' lang='lat' dir='ltr'><strong>eam</strong></span> <span class='ocrx_word' id='word_1_734' title='bbox 1378 5261 1498 5314; x_wconf 67' lang='lat' dir='ltr'><strong>qua:</strong></span> <span class='ocrx_word' id='word_1_735' title='bbox 1525 5262 1592 5300; x_wconf 75' lang='lat' dir='ltr'><strong>ex</strong></span> <span class='ocrx_word' id='word_1_736' title='bbox 1639 5254 1832 5300; x_wconf 87' lang='lat' dir='ltr'><strong>natura</strong></span> <span class='ocrx_word' id='word_1_737' title='bbox 1872 5255 1923 5300; x_wconf 91' lang='lat' dir='ltr'><strong>et</strong></span> <span class='ocrx_word' id='word_1_738' title='bbox 1976 5263 2094 5300; x_wconf 84' lang='lat' dir='ltr'><strong>ina-</strong></span> 
     </span>
    </p>
   </div>
   <div class='ocr_carea' id='block_1_101' title="bbox 530 5336 2097 5407">
    <p class='ocr_par' dir='ltr' id='par_1_101' title="bbox 530 5336 2097 5407">
     <span class='ocr_line' id='line_1_101' title="bbox 530 5336 2097 5407; baseline 0.003 -20"><span class='ocrx_word' id='word_1_739' title='bbox 530 5336 665 5390; x_wconf 87' lang='lat' dir='ltr'><strong>teria</strong></span> <span class='ocrx_word' id='word_1_740' title='bbox 701 5336 1022 5392; x_wconf 87' lang='lat' dir='ltr'><strong>absolvitur.</strong></span> <span class='ocrx_word' id='word_1_741' title='bbox 1058 5336 1194 5391; x_wconf 88' lang='lat' dir='ltr'><strong>Cum</strong></span> <span class='ocrx_word' id='word_1_742' title='bbox 1232 5336 1396 5407; x_wconf 91' lang='lat' dir='ltr'><strong>igitur</strong></span> <span class='ocrx_word' id='word_1_743' title='bbox 1437 5337 1489 5390; x_wconf 94' lang='lat' dir='ltr'><strong>hi</strong></span> <span class='ocrx_word' id='word_1_744' title='bbox 1522 5338 1665 5392; x_wconf 88' lang='lat' dir='ltr'><strong>modi</strong></span> <span class='ocrx_word' id='word_1_745' title='bbox 1730 5338 2097 5407; x_wconf 85' lang='lat' dir='ltr'><strong>generationis</strong></span> 
     </span>
    </p>
   </div>
   <div class='ocr_carea' id='block_1_102' title="bbox 533 5428 2095 5500">
    <p class='ocr_par' dir='ltr' id='par_1_102' title="bbox 533 5428 2095 5500">
     <span class='ocr_line' id='line_1_102' title="bbox 533 5428 2095 5500; baseline 0.002 -19"><span class='ocrx_word' id='word_1_746' title='bbox 533 5428 848 5484; x_wconf 87' lang='lat' dir='ltr'><strong>hominibus</strong></span> <span class='ocrx_word' id='word_1_747' title='bbox 886 5438 1071 5485; x_wconf 89' lang='lat' dir='ltr'><strong>essent</strong></span> <span class='ocrx_word' id='word_1_748' title='bbox 1101 5430 1326 5500; x_wconf 87' lang='lat' dir='ltr'><strong>cogniti,</strong></span> <span class='ocrx_word' id='word_1_749' title='bbox 1369 5429 1647 5483; x_wconf 89' lang='lat' dir='ltr'><strong>hominum</strong></span> <span class='ocrx_word' id='word_1_750' title='bbox 1700 5431 1880 5498; x_wconf 87' lang='lat' dir='ltr'><strong>generi</strong></span> <span class='ocrx_word' id='word_1_751' title='bbox 1938 5431 2095 5484; x_wconf 86' lang='lat' dir='ltr'><strong>benc-</strong></span> 
     </span>
    </p>
   </div>
   <div class='ocr_carea' id='block_1_103' title="bbox 525 5518 2098 5591">
    <p class='ocr_par' dir='ltr' id='par_1_103' title="bbox 525 5518 2098 5591">
     <span class='ocr_line' id='line_1_103' title="bbox 525 5518 2098 5591; baseline 0.002 -21"><span class='ocrx_word' id='word_1_752' title='bbox 525 5520 655 5573; x_wconf 74' lang='lat' dir='ltr'><strong>vola</strong></span> <span class='ocrx_word' id='word_1_753' title='bbox 684 5520 860 5573; x_wconf 86' lang='lat' dir='ltr'><strong>sancti</strong></span> <span class='ocrx_word' id='word_1_754' title='bbox 886 5518 1130 5590; x_wconf 73' lang='lat' dir='ltr'><strong>Spiritus</strong></span> <span class='ocrx_word' id='word_1_755' title='bbox 1160 5521 1496 5591; x_wconf 83' lang='lat' dir='ltr'><strong>dispensatio</strong></span> <span class='ocrx_word' id='word_1_756' title='bbox 1530 5520 1689 5575; x_wconf 58' lang='lat' dir='ltr'><strong>nelias</strong></span> <span class='ocrx_word' id='word_1_757' title='bbox 1716 5520 1935 5574; x_wconf 83' lang='lat' dir='ltr'><strong>tradens</strong></span> <span class='ocrx_word' id='word_1_758' title='bbox 1961 5520 2098 5573; x_wconf 79' lang='lat' dir='ltr'><strong>divi-</strong></span> 
     </span>
    </p>
   </div>
   <div class='ocr_carea' id='block_1_104' title="bbox 536 5612 2099 5683">
    <p class='ocr_par' dir='ltr' id='par_1_104' title="bbox 536 5612 2099 5683">
     <span class='ocr_line' id='line_1_104' title="bbox 536 5612 2099 5683; baseline 0.003 -18"><span class='ocrx_word' id='word_1_759' title='bbox 536 5625 603 5665; x_wconf 87' lang='lat' dir='ltr'><strong>na</strong></span> <span class='ocrx_word' id='word_1_760' title='bbox 639 5612 917 5682; x_wconf 87' lang='lat' dir='ltr'><strong>mysteria,</strong></span> <span class='ocrx_word' id='word_1_761' title='bbox 942 5628 1038 5681; x_wconf 89' lang='lat' dir='ltr'><strong>per</strong></span> <span class='ocrx_word' id='word_1_762' title='bbox 1066 5628 1127 5667; x_wconf 87' lang='lat' dir='ltr'><strong>ea</strong></span> <span class='ocrx_word' id='word_1_763' title='bbox 1163 5629 1282 5683; x_wconf 67' lang='lat' dir='ltr'><strong>qum</strong></span> <span class='ocrx_word' id='word_1_764' title='bbox 1314 5628 1344 5667; x_wconf 89' lang='lat' dir='ltr'><strong>a</strong></span> <span class='ocrx_word' id='word_1_765' title='bbox 1375 5613 1531 5668; x_wconf 89' lang='lat' dir='ltr'><strong>nobis</strong></span> <span class='ocrx_word' id='word_1_766' title='bbox 1557 5612 1937 5682; x_wconf 82' lang='lat' dir='ltr'><strong>comprehendi</strong></span> <span class='ocrx_word' id='word_1_767' title='bbox 1974 5626 2099 5681; x_wconf 88' lang='lat' dir='ltr'><strong>pos-</strong></span> 
     </span>
    </p>
   </div>
   <div class='ocr_carea' id='block_1_105' title="bbox 537 5699 2094 5772">
    <p class='ocr_par' dir='ltr' id='par_1_105' title="bbox 537 5699 2094 5772">
     <span class='ocr_line' id='line_1_105' title="bbox 537 5699 2094 5772; baseline 0.005 -20"><span class='ocrx_word' id='word_1_768' title='bbox 537 5710 686 5767; x_wconf 67' lang='lat' dir='ltr'><strong>sunt,</strong></span> <span class='ocrx_word' id='word_1_769' title='bbox 743 5699 1049 5755; x_wconf 85' lang='lat' dir='ltr'><strong>doctrinam</strong></span> <span class='ocrx_word' id='word_1_770' title='bbox 1086 5700 1217 5758; x_wconf 83' lang='lat' dir='ltr'><strong>facit</strong></span> <span class='ocrx_word' id='word_1_771' title='bbox 1242 5717 1429 5758; x_wconf 90' lang='lat' dir='ltr'><strong>eorum</strong></span> <span class='ocrx_word' id='word_1_772' title='bbox 1466 5717 1587 5772; x_wconf 76' lang='lat' dir='ltr'><strong>qua-</strong></span> <span class='ocrx_word' id='word_1_773' title='bbox 1615 5716 1834 5759; x_wconf 88' lang='lat' dir='ltr'><strong>omnem</strong></span> <span class='ocrx_word' id='word_1_774' title='bbox 1885 5718 2094 5761; x_wconf 84' lang='lat' dir='ltr'><strong>sermo-</strong></span> 
     </span>
    </p>
   </div>
   <div class='ocr_carea' id='block_1_106' title="bbox 2195 4509 3728 4583">
    <p class='ocr_par' dir='ltr' id='par_1_106' title="bbox 2195 4509 3728 4583">
     <span class='ocr_line' id='line_1_106' title="bbox 2195 4509 3728 4583; baseline -0.001 -19"><span class='ocrx_word' id='word_1_775' title='bbox 2195 4511 2446 4583; x_wconf 87' lang='grc' dir='ltr'>ρημένοις</span> <span class='ocrx_word' id='word_1_776' title='bbox 2480 4511 2616 4564; x_wconf 84' lang='grc' dir='ltr'>ὲστί.</span> <span class='ocrx_word' id='word_1_777' title='bbox 2647 4509 2744 4564; x_wconf 88' lang='grc' dir='ltr'>Διά</span> <span class='ocrx_word' id='word_1_778' title='bbox 2771 4510 2879 4582; x_wconf 90' lang='grc' dir='ltr'><strong>γάρ</strong></span> <span class='ocrx_word' id='word_1_779' title='bbox 2909 4512 3173 4581; x_wconf 88' lang='grc' dir='ltr'>σωμάτων</span> <span class='ocrx_word' id='word_1_780' title='bbox 3206 4513 3239 4582; x_wconf 80' lang='grc' dir='ltr'><strong>ἡ</strong></span> <span class='ocrx_word' id='word_1_781' title='bbox 3264 4512 3426 4579; x_wconf 82' lang='grc' dir='ltr'>φύσις</span> <span class='ocrx_word' id='word_1_782' title='bbox 3456 4515 3521 4566; x_wconf 88' lang='grc' dir='ltr'><strong>τά</strong></span> <span class='ocrx_word' id='word_1_783' title='bbox 3541 4511 3728 4566; x_wconf 77' lang='grc' dir='ltr'>ποικίλα</span> 
     </span>
    </p>
   </div>
   <div class='ocr_carea' id='block_1_107' title="bbox 2189 4600 3728 4677">
    <p class='ocr_par' dir='ltr' id='par_1_107' title="bbox 2189 4600 3728 4677">
     <span class='ocr_line' id='line_1_107' title="bbox 2189 4600 3728 4677; baseline -0.001 -22"><span class='ocrx_word' id='word_1_784' title='bbox 2189 4601 2361 4656; x_wconf 83' lang='grc' dir='ltr'>ταῦτα</span> <span class='ocrx_word' id='word_1_785' title='bbox 2405 4601 2513 4655; x_wconf 88' lang='grc' dir='ltr'><strong>τῶν</strong></span> <span class='ocrx_word' id='word_1_786' title='bbox 2564 4601 2716 4665; x_wconf 82' lang='grc' dir='ltr'>ζώων</span> <span class='ocrx_word' id='word_1_787' title='bbox 2747 4602 2862 4672; x_wconf 82' lang='grc' dir='ltr'>εἴδη</span> <span class='ocrx_word' id='word_1_788' title='bbox 2907 4600 3225 4671; x_wconf 69' lang='grc' dir='ltr'>τεχνάζεται</span> <span class='ocrx_word' id='word_1_789' title='bbox 3250 4620 3264 4633; x_wconf 89' lang='grc'><strong>·</strong></span> <span class='ocrx_word' id='word_1_790' title='bbox 3305 4604 3337 4673; x_wconf 79' lang='grc' dir='ltr'>ἡ</span> <span class='ocrx_word' id='word_1_791' title='bbox 3371 4603 3480 4677; x_wconf 85' lang='grc' dir='ltr'>γὰρ</span> <span class='ocrx_word' id='word_1_792' title='bbox 3510 4604 3630 4657; x_wconf 85' lang='grc' dir='ltr'><strong>ποιά</strong></span> <span class='ocrx_word' id='word_1_793' title='bbox 3651 4601 3728 4656; x_wconf 60' lang='grc' dir='ltr'>τοῦ</span> 
     </span>
    </p>
   </div>
   <div class='ocr_carea' id='block_1_108' title="bbox 2193 4690 3729 4763">
    <p class='ocr_par' dir='ltr' id='par_1_108' title="bbox 2193 4690 3729 4763">
     <span class='ocr_line' id='line_1_108' title="bbox 2193 4690 3729 4763; baseline -0.001 -18"><span class='ocrx_word' id='word_1_794' title='bbox 2193 4692 2438 4763; x_wconf 86' lang='grc' dir='ltr'>σώματος</span> <span class='ocrx_word' id='word_1_795' title='bbox 2482 4691 2681 4763; x_wconf 80' lang='grc' dir='ltr'>τροπὴ,</span> <span class='ocrx_word' id='word_1_796' title='bbox 2726 4690 2945 4744; x_wconf 86' lang='grc' dir='ltr'>τοιῶσδε</span> <span class='ocrx_word' id='word_1_797' title='bbox 2994 4691 3139 4762; x_wconf 85' lang='grc' dir='ltr'><strong>παρά</strong></span> <span class='ocrx_word' id='word_1_798' title='bbox 3189 4694 3287 4763; x_wconf 79' lang='grc' dir='ltr'>τῆς</span> <span class='ocrx_word' id='word_1_799' title='bbox 3332 4693 3542 4762; x_wconf 75' lang='grc' dir='ltr'>φύσεως</span> <span class='ocrx_word' id='word_1_800' title='bbox 3579 4693 3729 4747; x_wconf 81' lang='grc' dir='ltr'>διατε-</span> 
     </span>
    </p>
   </div>
   <div class='ocr_carea' id='block_1_109' title="bbox 2192 4779 3727 4857">
    <p class='ocr_par' dir='ltr' id='par_1_109' title="bbox 2192 4779 3727 4857">
     <span class='ocr_line' id='line_1_109' title="bbox 2192 4779 3727 4857; baseline -0.001 -20"><span class='ocrx_word' id='word_1_801' title='bbox 2192 4784 2365 4846; x_wconf 86' lang='grc' dir='ltr'>θεῖσα,</span> <span class='ocrx_word' id='word_1_802' title='bbox 2413 4783 2475 4837; x_wconf 75' lang='grc' dir='ltr'>τὸ</span> <span class='ocrx_word' id='word_1_803' title='bbox 2510 4783 2568 4835; x_wconf 89' lang='grc' dir='ltr'><strong>δέ</strong></span> <span class='ocrx_word' id='word_1_804' title='bbox 2610 4800 2661 4835; x_wconf 88' lang='grc' dir='ltr'><strong>τι</strong></span> <span class='ocrx_word' id='word_1_805' title='bbox 2705 4781 2797 4835; x_wconf 81' lang='grc' dir='ltr'>τοῦ</span> <span class='ocrx_word' id='word_1_806' title='bbox 2828 4782 2967 4847; x_wconf 82' lang='grc' dir='ltr'>ζώου</span> <span class='ocrx_word' id='word_1_807' title='bbox 3014 4782 3074 4835; x_wconf 80' lang='grc' dir='ltr'>τὸ</span> <span class='ocrx_word' id='word_1_808' title='bbox 3119 4779 3254 4847; x_wconf 78' lang='grc' dir='ltr'>εἶδος</span> <span class='ocrx_word' id='word_1_809' title='bbox 3294 4785 3727 4857; x_wconf 71' lang='grc' dir='ltr'><strong>ἐδημιούργησεν⁸</strong></span> 
     </span>
    </p>
   </div>
   <div class='ocr_carea' id='block_1_110' title="bbox 2192 4869 3731 4947">
    <p class='ocr_par' dir='ltr' id='par_1_110' title="bbox 2192 4869 3731 4947">
     <span class='ocr_line' id='line_1_110' title="bbox 2192 4869 3731 4947; baseline -0.002 -19"><span class='ocrx_word' id='word_1_810' title='bbox 2192 4876 2328 4943; x_wconf 84' lang='grc' dir='ltr'>ὅπερ</span> <span class='ocrx_word' id='word_1_811' title='bbox 2355 4875 2454 4928; x_wconf 92' lang='grc' dir='ltr'><strong>οὑκ</strong></span> <span class='ocrx_word' id='word_1_812' title='bbox 2492 4873 2620 4928; x_wconf 82' lang='grc' dir='ltr'>ἄλλο</span> <span class='ocrx_word' id='word_1_813' title='bbox 2643 4874 2695 4926; x_wconf 88' lang='grc' dir='ltr'><strong>τί</strong></span> <span class='ocrx_word' id='word_1_814' title='bbox 2731 4874 2876 4926; x_wconf 77' lang='grc' dir='ltr'>ἐστιν</span> <span class='ocrx_word' id='word_1_815' title='bbox 2902 4869 3040 4936; x_wconf 79' lang='grc' dir='ltr'>εἶδος</span> <span class='ocrx_word' id='word_1_816' title='bbox 3074 4876 3397 4945; x_wconf 78' lang='grc' dir='ltr'>γεννήσεως,</span> <span class='ocrx_word' id='word_1_817' title='bbox 3432 4876 3577 4947; x_wconf 84' lang='grc' dir='ltr'><strong>παρά</strong></span> <span class='ocrx_word' id='word_1_818' title='bbox 3601 4877 3653 4928; x_wconf 69' lang='grc' dir='ltr'>τὸ</span> <span class='ocrx_word' id='word_1_819' title='bbox 3678 4877 3731 4925; x_wconf 83' lang='grc' dir='ltr'>ἐκ</span> 
     </span>
    </p>
   </div>
   <div class='ocr_carea' id='block_1_111' title="bbox 2195 4964 3732 5036">
    <p class='ocr_par' dir='ltr' id='par_1_111' title="bbox 2195 4964 3732 5036">
     <span class='ocr_line' id='line_1_111' title="bbox 2195 4964 3732 5036; baseline -0.003 -16"><span class='ocrx_word' id='word_1_820' title='bbox 2195 4966 2405 5036; x_wconf 76' lang='grc' dir='ltr'>φύσεως</span> <span class='ocrx_word' id='word_1_821' title='bbox 2431 4968 2525 5019; x_wconf 72' lang='grc' dir='ltr'><strong>καὶ</strong></span> <span class='ocrx_word' id='word_1_822' title='bbox 2570 4964 2700 5035; x_wconf 83' lang='grc' dir='ltr'>ὑλης</span> <span class='ocrx_word' id='word_1_823' title='bbox 2726 4966 3174 5036; x_wconf 84' lang='grc' dir='ltr'>ἀποτελούμενον.</span> <span class='ocrx_word' id='word_1_824' title='bbox 3208 4968 3421 5023; x_wconf 85' lang='grc' dir='ltr'>Τούτων</span> <span class='ocrx_word' id='word_1_825' title='bbox 3451 4970 3618 5023; x_wconf 87' lang='grc' dir='ltr'>τοίνυν</span> <span class='ocrx_word' id='word_1_826' title='bbox 3639 4965 3732 5019; x_wconf 79' lang='grc' dir='ltr'><strong>τῶν</strong></span> 
     </span>
    </p>
   </div>
   <div class='ocr_carea' id='block_1_112' title="bbox 2193 5059 3733 5133">
    <p class='ocr_par' dir='ltr' id='par_1_112' title="bbox 2193 5059 3733 5133">
     <span class='ocr_line' id='line_1_112' title="bbox 2193 5059 3733 5133; baseline 0 -22"><span class='ocrx_word' id='word_1_827' title='bbox 2193 5059 2291 5129; x_wconf 86' lang='grc' dir='ltr'><strong>τῆς</strong></span> <span class='ocrx_word' id='word_1_828' title='bbox 2325 5060 2626 5129; x_wconf 82' lang='grc' dir='ltr'>γεννήσεως</span> <span class='ocrx_word' id='word_1_829' title='bbox 2652 5060 2863 5130; x_wconf 85' lang='grc' dir='ltr'>τρόπων</span> <span class='ocrx_word' id='word_1_830' title='bbox 2895 5061 3144 5131; x_wconf 81' lang='grc' dir='ltr'>φανερῶν</span> <span class='ocrx_word' id='word_1_831' title='bbox 3179 5064 3290 5123; x_wconf 85' lang='grc' dir='ltr'>τοῖς</span> <span class='ocrx_word' id='word_1_832' title='bbox 3332 5062 3627 5133; x_wconf 81' lang='grc' dir='ltr'>ἀνθρώποις</span> <span class='ocrx_word' id='word_1_833' title='bbox 3658 5060 3733 5112; x_wconf 76' lang='grc' dir='ltr'><strong>ὕν-</strong></span> 
     </span>
    </p>
   </div>
   <div class='ocr_carea' id='block_1_113' title="bbox 2194 5149 3732 5222">
    <p class='ocr_par' dir='ltr' id='par_1_113' title="bbox 2194 5149 3732 5222">
     <span class='ocr_line' id='line_1_113' title="bbox 2194 5149 3732 5222; baseline 0 -20"><span class='ocrx_word' id='word_1_834' title='bbox 2194 5166 2322 5213; x_wconf 90' lang='grc' dir='ltr'>των,</span> <span class='ocrx_word' id='word_1_835' title='bbox 2357 5152 2389 5219; x_wconf 84' lang='grc' dir='ltr'><strong>ή</strong></span> <span class='ocrx_word' id='word_1_836' title='bbox 2425 5149 2800 5219; x_wconf 83' lang='grc' dir='ltr'>φιλάνθρωπος</span> <span class='ocrx_word' id='word_1_837' title='bbox 2827 5151 2921 5203; x_wconf 80' lang='grc' dir='ltr'>τοῦ</span> <span class='ocrx_word' id='word_1_838' title='bbox 2952 5151 3107 5218; x_wconf 87' lang='grc' dir='ltr'>ἁγίου</span> <span class='ocrx_word' id='word_1_839' title='bbox 3141 5152 3454 5222; x_wconf 85' lang='grc' dir='ltr'>Πνεύματος</span> <span class='ocrx_word' id='word_1_840' title='bbox 3481 5149 3732 5220; x_wconf 69' lang='grc' dir='ltr'>οἰκονομία</span> 
     </span>
    </p>
   </div>
   <div class='ocr_carea' id='block_1_114' title="bbox 2194 5238 3731 5315">
    <p class='ocr_par' dir='ltr' id='par_1_114' title="bbox 2194 5238 3731 5315">
     <span class='ocr_line' id='line_1_114' title="bbox 2194 5238 3731 5315; baseline 0.001 -23"><span class='ocrx_word' id='word_1_841' title='bbox 2194 5239 2561 5309; x_wconf 79' lang='grc' dir='ltr'>παραδιδοῦσα</span> <span class='ocrx_word' id='word_1_842' title='bbox 2605 5242 2734 5310; x_wconf 81' lang='grc' dir='ltr'>ἡμῖν</span> <span class='ocrx_word' id='word_1_843' title='bbox 2777 5240 2846 5293; x_wconf 86' lang='grc' dir='ltr'><strong>τά</strong></span> <span class='ocrx_word' id='word_1_844' title='bbox 2877 5240 2998 5295; x_wconf 86' lang='grc' dir='ltr'>θεῖα</span> <span class='ocrx_word' id='word_1_845' title='bbox 3043 5246 3334 5315; x_wconf 86' lang='grc' dir='ltr'>μυστήρια,</span> <span class='ocrx_word' id='word_1_846' title='bbox 3380 5242 3467 5297; x_wconf 83' lang='grc' dir='ltr'><strong>διά</strong></span> <span class='ocrx_word' id='word_1_847' title='bbox 3494 5243 3595 5295; x_wconf 87' lang='grc' dir='ltr'><strong>τῶν</strong></span> <span class='ocrx_word' id='word_1_848' title='bbox 3618 5238 3731 5308; x_wconf 75' lang='grc' dir='ltr'>ἡμῖν</span> 
     </span>
    </p>
   </div>
   <div class='ocr_carea' id='block_1_115' title="bbox 2194 5332 3728 5406">
    <p class='ocr_par' dir='ltr' id='par_1_115' title="bbox 2194 5332 3728 5406">
     <span class='ocr_line' id='line_1_115' title="bbox 2194 5332 3728 5406; baseline 0.003 -23"><span class='ocrx_word' id='word_1_849' title='bbox 2194 5333 2456 5403; x_wconf 86' lang='grc' dir='ltr'>χωρητῶν</span> <span class='ocrx_word' id='word_1_850' title='bbox 2510 5332 2605 5401; x_wconf 84' lang='grc' dir='ltr'><strong>τὴν</strong></span> <span class='ocrx_word' id='word_1_851' title='bbox 2639 5333 2984 5387; x_wconf 81' lang='grc' dir='ltr'>διδασκαλίαν</span> <span class='ocrx_word' id='word_1_852' title='bbox 3013 5338 3243 5389; x_wconf 88' lang='grc' dir='ltr'>ποιεῖται</span> <span class='ocrx_word' id='word_1_853' title='bbox 3275 5336 3385 5389; x_wconf 91' lang='grc' dir='ltr'><strong>τῶν</strong></span> <span class='ocrx_word' id='word_1_854' title='bbox 3417 5336 3548 5406; x_wconf 84' lang='grc' dir='ltr'>ὑπὲρ</span> <span class='ocrx_word' id='word_1_855' title='bbox 3573 5334 3728 5399; x_wconf 76' lang='grc' dir='ltr'>λόγον.</span> 
     </span>
    </p>
   </div>
   <div class='ocr_carea' id='block_1_116' title="bbox 2194 5424 3729 5493">
    <p class='ocr_par' dir='ltr' id='par_1_116' title="bbox 2194 5424 3729 5493">
     <span class='ocr_line' id='line_1_116' title="bbox 2194 5424 3729 5493; baseline -0.001 -18"><span class='ocrx_word' id='word_1_856' title='bbox 2194 5425 2267 5486; x_wconf 82' lang='grc' dir='ltr'>ὡς</span> <span class='ocrx_word' id='word_1_857' title='bbox 2301 5426 2393 5477; x_wconf 78' lang='grc' dir='ltr'><strong>καὶ</strong></span> <span class='ocrx_word' id='word_1_858' title='bbox 2421 5426 2477 5476; x_wconf 84' lang='grc' dir='ltr'><strong>ἐν</strong></span> <span class='ocrx_word' id='word_1_859' title='bbox 2508 5427 2619 5486; x_wconf 75' lang='grc' dir='ltr'>τοῖς</span> <span class='ocrx_word' id='word_1_860' title='bbox 2658 5424 2835 5489; x_wconf 78' lang='grc' dir='ltr'>ἄλλοις</span> <span class='ocrx_word' id='word_1_861' title='bbox 2867 5427 3034 5478; x_wconf 85' lang='grc' dir='ltr'>ἆπασι</span> <span class='ocrx_word' id='word_1_862' title='bbox 3064 5426 3217 5479; x_wconf 81' lang='grc' dir='ltr'>τοῦτο</span> <span class='ocrx_word' id='word_1_863' title='bbox 3240 5430 3401 5490; x_wconf 86' lang='grc' dir='ltr'>ποιεῖ,</span> <span class='ocrx_word' id='word_1_864' title='bbox 3430 5429 3550 5480; x_wconf 82' lang='grc' dir='ltr'>ὅταν</span> <span class='ocrx_word' id='word_1_865' title='bbox 3565 5440 3729 5493; x_wconf 83' lang='grc' dir='ltr'>σωμα-</span> 
     </span>
    </p>
   </div>
   <div class='ocr_carea' id='block_1_117' title="bbox 2196 5515 3731 5586">
    <p class='ocr_par' dir='ltr' id='par_1_117' title="bbox 2196 5515 3731 5586">
     <span class='ocr_line' id='line_1_117' title="bbox 2196 5515 3731 5586; baseline 0.002 -18"><span class='ocrx_word' id='word_1_866' title='bbox 2196 5515 2360 5578; x_wconf 83' lang='grc' dir='ltr'>τικῶς</span> <span class='ocrx_word' id='word_1_867' title='bbox 2388 5515 2664 5586; x_wconf 76' lang='grc' dir='ltr'>διαγράφῃ</span> <span class='ocrx_word' id='word_1_868' title='bbox 2712 5515 2773 5567; x_wconf 82' lang='grc' dir='ltr'><strong>τὸ</strong></span> <span class='ocrx_word' id='word_1_869' title='bbox 2817 5515 2988 5578; x_wconf 86' lang='grc' dir='ltr'>Θεῖον,</span> <span class='ocrx_word' id='word_1_870' title='bbox 3020 5515 3314 5586; x_wconf 55' lang='grc' dir='ltr'>ὀφθαλμὸν,</span> <span class='ocrx_word' id='word_1_871' title='bbox 3360 5520 3453 5570; x_wconf 80' lang='grc' dir='ltr'><strong>καὶ</strong></span> <span class='ocrx_word' id='word_1_872' title='bbox 3495 5515 3731 5585; x_wconf 64' lang='grc' dir='ltr'>βλέφαρα.</span> 
     </span>
    </p>
   </div>
   <div class='ocr_carea' id='block_1_118' title="bbox 2198 5600 3737 5678">
    <p class='ocr_par' dir='ltr' id='par_1_118' title="bbox 2198 5600 3737 5678">
     <span class='ocr_line' id='line_1_118' title="bbox 2198 5600 3737 5678; baseline -0.003 -18"><span class='ocrx_word' id='word_1_873' title='bbox 2198 5607 2290 5660; x_wconf 67' lang='grc' dir='ltr'>καὶ</span> <span class='ocrx_word' id='word_1_874' title='bbox 2334 5602 2448 5670; x_wconf 81' lang='grc' dir='ltr'>οὖς,</span> <span class='ocrx_word' id='word_1_875' title='bbox 2480 5607 2575 5660; x_wconf 70' lang='grc' dir='ltr'>καὶ</span> <span class='ocrx_word' id='word_1_876' title='bbox 2612 5606 2924 5671; x_wconf 87' lang='grc' dir='ltr'>δακτύλους,</span> <span class='ocrx_word' id='word_1_877' title='bbox 2956 5609 3045 5660; x_wconf 65' lang='grc' dir='ltr'><strong>καὶ</strong></span> <span class='ocrx_word' id='word_1_878' title='bbox 3080 5610 3255 5678; x_wconf 86' lang='grc' dir='ltr'>χεῖρα,</span> <span class='ocrx_word' id='word_1_879' title='bbox 3300 5611 3395 5662; x_wconf 70' lang='grc' dir='ltr'><strong>καὶ</strong></span> <span class='ocrx_word' id='word_1_880' title='bbox 3436 5608 3620 5673; x_wconf 78' lang='grc' dir='ltr'>δεξιὰν.</span> <span class='ocrx_word' id='word_1_881' title='bbox 3650 5600 3737 5655; x_wconf 68' lang='grc' dir='ltr'>καὶ</span> 
     </span>
    </p>
   </div>
   <div class='ocr_carea' id='block_1_119' title="bbox 2201 5692 3739 5773">
    <p class='ocr_par' dir='ltr' id='par_1_119' title="bbox 2201 5692 3739 5773">
     <span class='ocr_line' id='line_1_119' title="bbox 2201 5692 3739 5773; baseline -0.006 -18"><span class='ocrx_word' id='word_1_882' title='bbox 2201 5697 2474 5772; x_wconf 80' lang='grc' dir='ltr'>βραχίονα,</span> <span class='ocrx_word' id='word_1_883' title='bbox 2519 5700 2611 5754; x_wconf 78' lang='grc' dir='ltr'><strong>καὶ</strong></span> <span class='ocrx_word' id='word_1_884' title='bbox 2637 5699 2789 5765; x_wconf 80' lang='grc' dir='ltr'>πόδα,</span> <span class='ocrx_word' id='word_1_885' title='bbox 2827 5699 2922 5753; x_wconf 71' lang='grc' dir='ltr'>καὶ</span> <span class='ocrx_word' id='word_1_886' title='bbox 2961 5700 3301 5773; x_wconf 79' lang='grc' dir='ltr'>ὑποδήματα,</span> <span class='ocrx_word' id='word_1_887' title='bbox 3332 5701 3424 5769; x_wconf 61' lang='grc' dir='ltr'>καὶ</span> <span class='ocrx_word' id='word_1_888' title='bbox 3448 5702 3512 5754; x_wconf 69' lang='grc' dir='ltr'><strong>τὰ</strong></span> <span class='ocrx_word' id='word_1_889' title='bbox 3536 5692 3739 5754; x_wconf 78' lang='grc' dir='ltr'>τοιαῦτα</span> 
     </span>
    </p>
   </div>
  </div>
