4002 6218
276 314 389 371 -781

1392 320 1669 377 CONTRA
1708 320 2099 392 EUNOMIUM,
2145 323 2275 379 LIB.
2319 326 2455 381 γιιι.

3453 339 3561 397 782

293 433 424 502 περὶ
473 417 609 487 Θεξῦ
638 434 929 499 διεξιοῦσα,
971 434 1045 492 ὧν
1089 437 1247 501 οἰδὲν,
1283 439 1423 492 κατὰ
1456 441 1555 511 τὴν
1595 441 1887 513 πρόχειρον

1994 458 2114 498 nem
2144 451 2198 497 et
2226 444 2493 497 rationem
2531 455 2808 513 superant,
2841 448 2984 504 sicut
3026 449 3091 513 in
3131 450 3254 506 aliis
3304 456 3559 510 omnibus

293 522 528 587 ἔννοιαν,
558 526 617 577 ἐν
657 528 721 596 τῇ
750 526 868 596 θεία
901 528 1373 598 καταλαμϐάνεται
1407 530 1584 597 φύσει.

1993 537 2099 591 hoc
2130 516 2280 601 facit,
2302 553 2422 591 cum
2449 540 2809 607 corporaliter
2835 540 3003 596 Deum
3030 542 3310 610 describit,
3340 548 3558 601 oculum

299 619 354 666 et
387 611 706 681 palpebras,
730 628 892 669 aures
920 623 973 669 et
1001 615 1205 685 digitos
1233 624 1288 671 et
1312 633 1530 671 manum
1561 621 1721 673 etiam
1753 624 2054 686 dexteram,
2086 632 2139 679 et
2204 624 2507 689 brachium,
2573 635 2627 679 et
2691 629 2905 696 pedem,
2958 638 3014 685 et
3072 633 3438 689 ealceamenta
3509 648 3563 690 ct

296 720 418 774 quae
452 712 583 760 sunt
614 705 885 775 ejusmodi
916 707 984 764 de
1005 708 1115 765 Deo
1144 725 1434 780 enarrans,
1501 729 1734 784 quorum
1785 717 1917 771 nihil
1959 718 2259 774 secundum
2292 729 2608 777 consuetam
2643 722 3056 794 intelligentiam
3104 728 3159 781 in
3231 728 3412 784 divina
3467 731 3562 787 de-

296 797 659 865 prehenditur
689 810 904 854 natura.

391 886 556 944 Ἀλλὰ
611 890 749 961 πρὸς
785 892 845 947 τὸ
893 894 1023 965 ἡμῖν
1072 894 1399 952 εὐσύνοπτον
1419 898 1519 969 τὴν
1540 898 1883 953 διδασκαλίαν

295 983 533 1050 ἄγουσα,
583 983 702 1045 ταῖς
738 982 1124 1053 τετριμμέναις
1160 988 1219 1040 ὲν
1249 989 1314 1058 τῇ
1358 989 1615 1061 συνηθείᾳ
1646 991 1754 1044 τῶν
1795 994 1885 1045 ἁν-

299 1077 536 1148 θρώπων
586 1080 793 1146 φωναῖς
848 1079 916 1133 τὰ
990 1081 1126 1152 ὑπὲρ
1187 1086 1369 1139 πᾶσαν
1421 1088 1694 1157 σημασίαν
1744 1091 1885 1162 πρά-

296 1185 484 1239 γματα
524 1167 768 1239 διορίζει,
821 1170 1157 1241 ἀναλογικῶς
1190 1177 1366 1247 ἡμῶν,
1413 1178 1480 1231 δι’
1515 1181 1745 1234 ἑκάστου
1777 1182 1884 1235 τῶν

297 1262 427 1329 περὶ
450 1261 585 1314 Θεοῦ
615 1263 943 1337 λεγομένων,
982 1269 1119 1340 πρός
1149 1285 1271 1321 τινα
1308 1270 1660 1340 ἀναγομένων
1686 1272 1884 1343 ὑψηλο-

296 1351 468 1421 τέραν
510 1354 763 1408 ὑπόνοιαν
788 1398 801 1410 .
833 1359 1023 1422 Οὕτως
1066 1356 1161 1412 οὖν
1200 1359 1294 1412 καὶ
1337 1359 1405 1412 τὰ
1442 1361 1612 1415 πολλὰ
1641 1364 1738 1434 τῆς
1764 1381 1885 1432 γεν-

295 1443 509 1512 νήσεως
549 1446 664 1517 εἴδη
701 1449 852 1519 παρὰ
879 1453 978 1521 τῆς
1027 1436 1388 1506 θεοπνεύστου
1429 1454 1777 1520 διδασκαλίας
1805 1459 1886 1521 είς

295 1535 646 1606 παράστασιν
664 1542 764 1609 τῆς
785 1544 1026 1612 ἀρρήτου
1050 1542 1145 1597 τοῦ
1173 1544 1516 1613 Μονογενοῦς
1538 1546 1886 1612 ὑποστάσεως

293 1637 368 1673 πα
376 1622 739 1693 ραλαμὸά-δει,
755 1628 1007 1683 τοσοῦτον
1025 1632 1115 1699 ἀφ’
1132 1632 1362 1685 ἑκάστου
1376 1632 1441 1685 λα
1449 1632 1650 1703 μϐάνου
1658 1652 1745 1699 σα,
1763 1638 1885 1690 ὅσον

289 1712 490 1779 εὐαγές
514 1717 659 1769 ἐστιν
678 1720 756 1781 είς
770 1720 867 1784 τὰς
898 1739 962 1774 πε
972 1724 1023 1793 pi.
1039 1723 1174 1777 Θεοῦ
1204 1724 1497 1795 ὑπολήψεις
1528 1725 1888 1799 παραληφθῆ-

288 1821 402 1858 ναι.
422 1806 512 1869 Ὡς
528 1808 638 1877 γὰρ
649 1810 680 1879 ἡ
693 1810 800 1863 τῶν
815 1812 1091 1868 δακτύλων
1110 1818 1294 1888 μνήμη
1308 1820 1502 1873 ὲπὶτοῦ
1517 1819 1672 1880 Θεοῦ,
1686 1820 1892 1890 καὶτῆς

287 1898 477 1967 χειρὸς
492 1901 587 1954 καὶ
596 1900 690 1954 τοῦ
712 1902 1010 1974 βραχίονος,
1025 1909 1085 1962 οὐ
1102 1908 1198 1978 τὴν
1215 1910 1272 1975 ἐξ
1286 1911 1458 1965 ὀστῶν
1474 1913 1567 1965 καὶ
1578 1911 1782 1983 νεύρων
1799 1915 1892 1967 καὶ

289 1988 520 2054 σαρκῶν
532 1991 624 2043 καὶ
637 1994 946 2065 συνδέσμων
962 1996 1054 2051 τοῦ
1076 1997 1270 2068 μέλους
1285 2003 1630 2073 κατασκευὴν
1649 2003 1893 2074 ὑπογρά-

291 2097 386 2149 φει
422 2081 502 2152 τῷ
522 2083 694 2155 λόγῳ,
734 2086 869 2141 ἀλλὰ
889 2088 986 2159 τὴν
1011 2093 1323 2163 πρακτικὴν
1357 2093 1522 2148 αὑτοῦ
1544 2096 1637 2148 καὶ
1662 2098 1889 2168 ἐνεργη-

289 2176 453 2246 τικὴν
474 2176 702 2247 δύναμιν
728 2179 805 2249 τῷ
824 2181 1048 2253 τοιούτῳ
1069 2184 1414 2255 διασημαίνει
1437 2188 1680 2258 ὀνόματι,
1704 2190 1796 2243 καὶ
1807 2189 1875 2243 δι’

292 2266 531 2320 ἑκάστου
583 2268 690 2322 τῶν
721 2270 895 2325 ἄλλων
965 2274 1035 2329 τὰ
1071 2276 1380 2348 κατάλληλα
1421 2278 1530 2331 τῶν
1580 2281 1707 2345 περί⁵
1740 2280 1879 2334 Θεοῦ

293 2358 605 2428 νοουμένων
630 2361 979 2429 ἐνδείκνυται,
1003 2367 1064 2419 οὑ
1093 2369 1641 2441 συμπαραδεχομένη⁶
1666 2371 1767 2442 τῆς
1792 2390 1892 2426 σω·

300 2450 540 2520 μτικῆς
566 2450 672 2505 τῶν
695 2452 975 2518 ὀνομάτων
996 2458 1285 2527 ὲμφάσεως
1303 2474 1316 2487 ·
1368 2460 1541 2524 οὕτως
1566 2463 1661 2517 καὶ
1686 2463 1755 2517 τὰ
1783 2464 1890 2518 τῶν

298 2541 574 2607 γενέσεων
612 2542 818 2597 τούτων
851 2547 965 2615 εἴδη
1004 2546 1152 2617 λέγει
1194 2551 1293 2622 μὲν
1326 2552 1419 2605 ἐπὶ
1459 2556 1560 2624 τῆς
1594 2553 1745 2618 Θείας
1788 2556 1890 2623 φύ-

303 2648 462 2696 σεως,
494 2634 554 2686 οὐ
586 2634 692 2705 μὴν
718 2635 860 2691 οὕτω
892 2638 1062 2707 λέγει,
1088 2640 1163 2704 ὼς
1188 2644 1328 2696 νοεῖν
1361 2639 1500 2699 οἶδεν
1529 2646 1561 2716 ἡ
1593 2646 1714 2700 καθ’
1740 2650 1889 2718 ἡμᾶς

303 2723 580 2792 συνήθεια.
617 2726 721 2779 Tr?
753 2728 851 2798 μὲν
903 2731 1012 2801 γὰρ
1055 2733 1183 2803 περὶ
1228 2733 1329 2804 τῆς
1378 2740 1888 2811 κατασκευαστικῆς

303 2812 436 2886 λέγῃ
479 2815 783 2886 δυνάμεως,
811 2819 1065 2891 γέννησιν
1105 2824 1202 2892 μὲν
1229 2825 1487 2896 ὀνομάζει
1514 2819 1611 2900 τὴν
1634 2831 1887 2901 τοιαύτην

305 2904 606 2976 ἐνέργειαν,
638 2907 726 2962 διὰ
755 2909 818 2962 τὸ
859 2911 968 2964 δεῖν
1017 2913 1154 2984 πρὸς
1201 2914 1260 2967 τὸ
1308 2917 1558 2971 ταπεινὸν
1604 2920 1700 2989 τῆς
1739 2921 1889 2984 θείας

302 2993 587 3067 δυνάμεως
628 2998 930 3068 καταϐῆναι
959 3001 1049 3055 τὸν
1075 3002 1231 3072 λόγον
1259 3020 1273 3034 ·
1314 3006 1376 3059 οὑ
1409 3008 1514 3078 μὴν
1555 3009 1885 3065 ἐνδείκνυται

301 3084 374 3139 τὰ
413 3087 518 3141 ὅσα
547 3091 678 3160 παρ’
712 3091 840 3160 ἡμῖν
877 3094 943 3163 τῇ
985 3101 1457 3169 κατασκευαστικῇ
1499 3100 1709 3168 γενέσει
1758 3120 1885 3158 συν-
1914 3118 1956 3175 c

308 3176 618 3248 θεωρεῖται,
648 3180 710 3232 οὑ
746 3181 929 3244 τόπον,
978 3185 1038 3236 οὑ
1075 3186 1287 3256 χρόνον,
1334 3189 1433 3259 οὑχ
1459 3191 1487 3242 ό
1516 3190 1670 3260 λόγος
1713 3212 1887 3265 παρα-

301 3268 528 3338 σκευὴν,
571 3270 671 3323 οὐκ
701 3271 948 3339 ὀργάνων
978 3276 1290 3344 συνεργίαν,
1335 3279 1394 3331 οὑ
1422 3279 1513 3333 τὸν
1541 3281 1636 3334 ἐπὶ
1661 3285 1778 3347 τοῖς
1804 3302 1887 3353 γι-

299 3360 555 3429 νομένοις
600 3360 847 3433 θόρυϐον,
896 3364 1032 3419 ἀλλά
1064 3365 1236 3421 ταῦτα
1286 3370 1417 3440 ἡμῖν
1461 3373 1883 3440 καταλείπουσα,

302 3452 668 3523 μεγαλοφυῶς
709 3458 803 3508 καὶ
831 3455 1049 3527 ὑψηλῶς
1086 3457 1163 3530 τῷ
1188 3459 1308 3531 Θεῷ
1334 3468 1746 3537 προσμαρτυρεῖ
1774 3465 1879 3520 τῶν

295 3541 476 3596 ὄντων
538 3542 637 3612 τὴν
697 3544 985 3615 γέννησιν
1036 3547 1113 3611 ὡς
1167 3549 1294 3604 ὅταν
1345 3550 1515 3620 λέγει,
1561 3554 1642 3607 ὅτι
1698 3557 1887 3622 Αὐτὸς

296 3627 478 3686 εἶπεν
498 3632 595 3690 καὶ
614 3634 1010 3704 ἐγενήθησαν,
1041 3638 1226 3705 αὐτὸς
1249 3640 1585 3697 ἐνετείλατο
1603 3646 1702 3699 καὶ
1730 3646 1886 3699 ἐκτί-

297 3728 572 3792 σθησαν.
621 3727 787 3782 Πάλιν
832 3728 960 3782 ὅταν
1008 3730 1104 3801 τὴν
1158 3732 1472 3805 ἀπόρρητόν
1509 3752 1567 3790 τε
1613 3737 1706 3789 καὶ⁵
1747 3738 1887 3809 ὑπὲρ

301 3814 467 3883 λόγον
514 3813 608 3868 τοῦ
652 3816 988 3884 Μονογενοῦς
1036 3818 1144 3872 ἀπὸ
1197 3820 1288 3873 τοῦ
1337 3823 1548 3894 [ἰατρὸς
1593 3824 1887 3879 ὑπόστασιν

300 3905 625 3976 ἑρμηνεύῃ,
669 3906 757 3959 διὰ
804 3907 866 3960 τὸ
911 3907 1196 3981 ἀχὼρητον
1232 3907 1370 3965 εἶναι
1411 3913 1510 3983 τὴν
1542 3914 1887 3987 ἀνθρωπίνην

304 3996 588 4066 πτωχείαν
616 3996 723 4050 τῶν
754 3999 893 4068 ὑπὲρ
914 3998 1069 4068 λόγον
1089 4017 1148 4053 τε
1178 4002 1271 4056 καὶ
1293 4002 1499 4058 ἔννοιαν
1524 4005 1885 4077 διδαγμάτων,

305 4088 429 4141 ista?
446 4090 559 4146 τοῖς
599 4089 890 4159 ἡμετέροις
926 4093 1421 4164 συγκὲχ“ρηται,κα⁴ι
1454 4096 1580 4150 Υίὸν
1610 4098 1886 4168 ὀνομάζει,

306 4177 449 4246 ὅπερ
482 4177 517 4246 ἡ
554 4177 681 4249 παρ’
702 4179 831 4248 ἡμῖν
848 4179 1102 4250 συνήθεια
1122 4184 1237 4246 τοῖς
1269 4183 1376 4237 ἀπὸ
1395 4183 1526 4255 ῦλης
1555 4186 1649 4239 καὶ
1677 4186 1889 4255 φύσεως

310 4268 758 4339 ἀποτικτομένοις
768 4270 938 4341 ὄνομα
950 4272 1175 4330 τίθεται.
1205 4275 1341 4328 Ἀλλ’
1355 4275 1503 4329 ὥσπε
1511 4294 1542 4348 ρ
1556 4278 1653 4347 τὴν
1670 4279 1765 4349 τῆς
1785 4281 1891 4332 κτί-

310 4379 456 4425 σεως
485 4361 699 4429 γένεσιν
718 4363 809 4416 ἐπὶ
829 4363 921 4417 τοῦ
942 4364 1076 4418 Θεοῦ
1106 4366 1134 4418 ὀ
1167 4365 1321 4434 λόγος
1338 4368 1525 4431 εἰπὼν,
1561 4370 1619 4422 τὸ
1639 4370 1727 4425 διά
1748 4388 1891 4435 τινος

2068 896 2174 953 Sed
2214 898 2281 954 ad
2314 899 2364 953 id
2404 899 2547 970 quod
2581 914 2610 953 a
2644 900 2802 957 nobis
2826 903 3058 972 perspici
3094 903 3324 959 faciliter
3360 915 3559 976 potest.

1993 988 2298 1044 doctrinam
2328 991 2626 1056 adducens,
2656 992 2801 1047 tritis
2834 1001 2889 1048 et
2919 994 3152 1065 vulgatis
3193 997 3248 1050 in
3281 996 3563 1052 hominum

1993 1081 2392 1136 consuetudine
2421 1082 2671 1148 vocibus,
2715 1098 2803 1140 res
2831 1099 2951 1154 quae
2984 1100 3200 1140 omnem
3233 1101 3565 1158 exsuperant

1995 1173 2413 1243 signiticautiam
2444 1174 2795 1241 determinat,
2830 1176 2959 1231 dum
2992 1192 3089 1247 per
3117 1178 3421 1249 analogiam
3467 1196 3565 1236 seu

1994 1267 2407 1336 proportionem
2440 1269 2752 1338 quamdam,
2787 1286 2884 1340 per
2904 1285 2969 1327 ea
2997 1287 3117 1342 quae
3139 1272 3206 1343 de
3236 1272 3347 1329 Deo
3372 1274 3567 1330 dicun-

1990 1363 2099 1421 tur,
2132 1356 2195 1410 ad
2234 1358 2476 1428 aliquam
2510 1359 2886 1415 sublimiorem
2950 1363 3332 1432 cogitationem
3379 1365 3568 1422 suble-

1992 1462 2201 1502 vamur.
2241 1447 2332 1503 Sic
2370 1450 2536 1521 igitur
2571 1451 2774 1505 multas
2839 1454 3208 1522 generationis
3261 1456 3474 1525 species
3530 1472 3565 1512 a

1994 1537 2103 1594 Deo
2137 1540 2401 1610 inspirata
2432 1542 2684 1597 doctrina
2715 1544 2782 1598 ad
2831 1547 3369 1615 repraesentationem
3428 1547 3568 1603 inef-

1994 1628 2179 1685 fabilis
2207 1631 2582 1687 subsistentia
2610 1631 2889 1703 Unigeniti
2940 1637 3195 1703 assumit,
3230 1644 3442 1693 tantum
3496 1638 3567 1692 ab

1998 1734 2329 1790 unoquoque
2358 1736 2668 1789 assumens,
2697 1732 2962 1793 quantum
2994 1725 3062 1779 ad
3092 1740 3188 1781 eas
3216 1741 3338 1797 qua:
3365 1727 3433 1783 de
3456 1726 3566 1783 Deo

1996 1816 2126 1865 sunt
2154 1811 2461 1880 Opiniones,
2516 1815 2663 1882 pium
2726 1822 2811 1869 est
2841 1816 3070 1871 assumi.
3136 1816 3205 1871 Ut
3237 1817 3383 1872 enim
3439 1832 3566 1873 cum

1992 1901 2285 1972 digitorum
2316 1901 2373 1954 ﬁt
2399 1904 2605 1957 mentio
2636 1904 2689 1956 in
2732 1903 2861 1969 Deo,
2893 1914 2947 1958 et
2999 1920 3194 1960 manus
3229 1914 3283 1961 et
3333 1906 3563 1973 brachii,

1992 2005 2103 2045 non
2136 2005 2203 2045 ex
2231 1991 2453 2046 ossibus
2479 1999 2534 2046 et
2584 1994 2769 2049 nervis
2819 2001 2874 2049 et
2906 1994 3167 2049 carnibus
3223 2004 3279 2050 et
3329 1996 3567 2052 vinculis

1992 2082 2222 2138 membri
2291 2084 2743 2139 constitutionem
2799 2101 3053 2142 sermone
3107 2086 3409 2153 describit,
3467 2088 3566 2144 sed

1994 2173 2229 2228 activam
2258 2174 2433 2245 ipsius
2466 2184 2519 2230 et
2557 2174 2830 2232 ellicacem
2861 2178 2967 2232 vim
3012 2192 3076 2233 ac
3107 2185 3435 2249 potestatem
3464 2180 3565 2233 tali

1992 2265 2218 2320 nomine
2265 2266 2556 2337 signiﬁcat,
2596 2276 2650 2322 et
2701 2284 2797 2338 per
2841 2269 3071 2324 aliorum
3118 2270 3561 2341 unumquodque,

1992 2367 2113 2421 quae
2151 2353 2219 2408 de
2260 2353 2369 2410 Deo
2396 2357 2801 2427 intelliguntur,
2848 2359 2937 2415 his
2974 2361 3287 2417 nominibus
3336 2376 3568 2432 respon-

1992 2442 2201 2509 dentia,
2255 2444 2729 2510 demonstrantur,
2790 2464 2900 2503 non
2956 2457 3134 2505 tamen
3163 2450 3327 2505 simul
3365 2452 3564 2524 accipit

1993 2548 2309 2604 corpoream
2375 2538 2658 2593 nominum
2727 2538 3182 2609 signiﬁcantiam:
3246 2541 3327 2595 sic
3397 2541 3563 2594 etiam

1992 2624 2191 2679 harum
2226 2628 2644 2696 generationum
2675 2630 2887 2700 species
2911 2630 2980 2685 de
3008 2630 3198 2685 divina
3222 2628 3440 2700 quidem
3470 2644 3567 2684 na—

1992 2723 2116 2769 tura
2142 2716 2300 2785 dicit,
2330 2735 2441 2775 non
2475 2728 2656 2776 tamen
2686 2722 2768 2776 sic
2803 2720 2958 2785 dicit,
2992 2732 3049 2775 ut
3093 2729 3279 2777 nostra
3332 2735 3568 2776 consue—

1990 2808 2124 2864 tudo
2153 2811 2303 2866 novit
2338 2811 2662 2883 intelligere.
2692 2812 2826 2867 Nam
2855 2820 2980 2868 cum
3015 2813 3081 2868 de
3109 2827 3173 2868 ea
3201 2814 3250 2866 vi
3285 2827 3349 2866 ac
3373 2821 3568 2883 poten-

1993 2902 2066 2954 tia
2101 2917 2211 2972 qua
2237 2912 2437 2959 cuncta
2467 2904 2738 2967 condidit.
2773 2906 3035 2975 loquitur,
3094 2905 3236 2959 hanc
3290 2903 3567 2974 operatio-

1991 3007 2116 3047 nem
2156 2996 2566 3066 generationem
2619 2995 2838 3067 quidem
2866 2996 3133 3058 nominat,
3193 2995 3411 3065 quando
3444 2995 3566 3064 qui-

1990 3088 2112 3143 dem
2155 3103 2382 3144 necesse
2428 3096 2512 3143 est
2574 3087 2642 3142 de
2672 3087 2857 3142 divina
2893 3088 3093 3142 virtute
3148 3101 3454 3143 sermonem
3495 3085 3565 3138 ad
3598 3166 3601 3169 _

1991 3180 2350 3236 humilitatem
2384 3189 2629 3236 nostram
2656 3180 3012 3245 descendere,
3039 3196 3148 3235 non
3174 3187 3356 3233 tamen
3378 3177 3563 3232 omnia

1989 3284 2328 3343 quacunque
2356 3271 2500 3341 apud
2527 3286 2628 3326 nos
2665 3271 2720 3326 in
2750 3285 2812 3325 ea
2840 3271 3215 3340 generatione,
3266 3283 3372 3338 qua
3429 3265 3563 3336 quid

1988 3362 2352 3424 construitur,
2387 3368 2728 3432 spectantur,
2763 3360 3026 3425 ostendit,
3068 3375 3176 3415 non
3225 3359 3427 3423 locum,
3451 3371 3560 3413 non

1987 3464 2223 3524 tempus,
2254 3468 2362 3510 non
2401 3468 2582 3509 sermo
2633 3453 3122 3515 constitutionem,
3189 3465 3297 3505 non
3345 3449 3556 3504 instru-

1989 3554 2295 3602 mentorum
2325 3546 2649 3616 adjutricem
2680 3559 2928 3615 operam,
2960 3559 3069 3600 non
3098 3544 3151 3597 in
3178 3542 3263 3598 his
3301 3556 3424 3612 quae
3455 3540 3561 3596 bu-

1990 3652 2153 3692 mano
2184 3652 2337 3692 more
2369 3636 2509 3691 ﬁunt
2538 3637 2856 3703 tumultum,
2896 3635 2992 3691 sed
3039 3636 3155 3690 haec
3185 3634 3343 3689 nobis
3393 3632 3563 3688 relin-

1987 3744 2185 3798 quens,
2230 3728 2453 3784 sublimi
2501 3727 2738 3798 quodam
2788 3739 2843 3782 et
2892 3727 3182 3797 magnifico
3230 3725 3411 3788 modo,
3447 3723 3561 3780 Deo

1989 3822 2241 3876 attribuit
2303 3835 2492 3875 eorum
2549 3835 2672 3891 qua:
2715 3826 2846 3874 sunt
2902 3818 3348 3889 generationem,
3406 3817 3560 3871 verbi

1987 3916 2162 3984 gratia
2195 3928 2321 3968 cum
2352 3913 2450 3977 ait,
2486 3911 2607 3982 Ipse
2636 3913 2774 3966 dixit
2795 3922 2845 3967 et
2877 3912 3024 3979 facta
3063 3920 3226 3972 sunt;
3259 3924 3370 3978 ipse
3409 3923 3564 3962 man-

1989 4006 2134 4060 davit
2173 4013 2223 4059 et
2252 4015 2432 4059 creata
2461 4015 2583 4060 sunt
2614 4006 2677 4058 η.
2711 4003 2927 4060 Rursus
2954 4018 3077 4057 cum
3138 4000 3559 4056 inenarrabilem

1990 4107 2044 4153 et
2092 4114 2311 4155 omnem
2364 4113 2673 4155 sermonem
2699 4104 3121 4166 exsuperantem
3160 4092 3436 4165 Unigeniti
3492 4108 3561 4147 ex

1992 4189 2151 4246 Patre
2180 4189 2594 4246 subsistentiam
2619 4187 2881 4251 declarat,
2932 4186 3059 4255 quia
3096 4199 3204 4239 non
3256 4191 3340 4239 est
3389 4196 3564 4253 capax

1992 4281 2230 4336 humana
2260 4288 2473 4352 egestas
2496 4288 2550 4335 et
2589 4278 2913 4335 mendicitas
2958 4276 3409 4332 documentorum
3441 4288 3565 4343 quae

1995 4381 2125 4428 sunt
2156 4387 2323 4442 supra
2353 4378 2661 4426 sermonem
2704 4377 2759 4426 et
2793 4370 3044 4425 notitiam
3074 4375 3428 4439 exsuperant,
3472 4366 3565 4421 ille

312 4456 448 4526 ὖλης
494 4456 737 4523 γίνεσθαι
770 4457 937 4527 αὑτὴν
967 4458 1029 4511 οὑ
1070 4460 1409 4531 προσέθηκεν
1436 4502 1449 4525 ,
1503 4464 1688 4516 οὑσίαν
1736 4462 1887 4535 ὓλης,

1996 4463 2276 4521 vocabulis
2319 4464 2523 4519 nostris
2549 4464 2742 4526 utitur,
2771 4472 2826 4519 et
2853 4460 3051 4516 Filium
3114 4460 3380 4524 nominat,
3417 4458 3565 4529 quod

314 4544 411 4599 καὶ
455 4546 637 4609 τόπον,
676 4547 771 4600 καὶ
816 4547 1029 4619 χρόνον,
1078 4550 1173 4602 καὶ
1206 4550 1382 4604 πάντα
1422 4551 1486 4605 τὰ
1520 4551 1762 4617 τοιαῦτα,
1795 4554 1892 4624 τὴν

314 4636 408 4690 τοῦ
454 4636 758 4708 θελήματος
803 4637 1030 4709 δύναμιν
1076 4634 1213 4694 εἶναι
1259 4643 1673 4713 ἀποφηνάμενος
1699 4661 1712 4675 ’
1752 4643 1894 4699 οὕτω

317 4731 412 4782 καὶ
434 4728 668 4783 ἐνταῦθα
683 4730 811 4783 Υἰὸν
840 4730 1028 4795 εἰπὼν,
1055 4733 1232 4803 ἀφῆκε
1267 4736 1443 4789 πάντα
1469 4753 1524 4789 τε
1549 4737 1616 4790 τὰ
1641 4736 1775 4790 ἄλλα
1795 4738 1894 4791 ὅσα

318 4821 447 4889 περὶ
495 4820 593 4889 τὴν
637 4821 787 4876 κάτω
834 4822 1085 4893 γέννησιν
1132 4826 1164 4895 ἠ
1212 4824 1521 4898 ἀνθρωπίνη
1571 4828 1732 4898 φύσις
1769 4831 1893 4901 ὁρᾷ,

319 4912 465 4983 πάθη
501 4913 645 4980 λέγω
669 4914 763 4966 καί⁵
789 4914 1057 4977 διαθέσεις
1082 4917 1174 4970 καὶ
1210 4918 1308 4990 τὴν
1332 4920 1396 4974 ἐκ
1425 4920 1519 4974 τοῦ
1552 4921 1743 4992 χρόνον
1772 4939 1895 4976 συν-

321 5003 560 5073 έργειαν,
595 5006 686 5058 καὶ
732 5005 828 5076 τὴν
853 5007 948 5059 τοῦ
980 5008 1146 5062 τόπου
1177 5010 1386 5080 χρείαν,
1422 5013 1515 5065 καὶ
1547 5012 1654 5081 πρὸ
1682 5014 1898 5067 πάντων

320 5094 416 5164 τὴν
444 5093 599 5164 ὓλην,
623 5089 699 5149 ὧν
725 5097 850 5151 ἄνευ
883 5100 1139 5154 ἁπάντων
1193 5104 1225 5173 ή
1258 5102 1406 5156 κάτω
1431 5102 1680 5173 γέννησις
1709 5105 1772 5157 ὲκ
1803 5106 1901 5173 τῆς

321 5186 534 5249 φύσεως
579 5190 641 5241 οὑ
683 5190 1012 5247 συνίσταται.
1070 5193 1256 5263 Πάσης
1300 5195 1356 5248 δὲ
1405 5193 1659 5265 τοιαύτης
1693 5196 1901 5260 ἐννοίας

321 5279 510 5347 ὑλικῆς
538 5296 596 5332 τε
625 5282 719 5335 καὶ
746 5282 1176 5355 διαστηματικῆς
1220 5288 1294 5357 μὴ
1341 5289 1898 5362 συμπαραληφθείσης

320 5373 379 5423 ἐν
403 5371 472 5442 τῇ
518 5372 614 5424 τοῦ
651 5373 777 5426 Υἰοῦ
808 5376 1066 5447 σημασίᾳ,
1109 5376 1243 5446 μόνη
1295 5377 1589 5449 ὑπελείφθη
1620 5380 1654 5450 η
1696 5379 1855 5447 φύσις
1879 5398 1894 5413 ·

318 5462 413 5515 καὶ
440 5462 530 5516 διὰ
559 5462 715 5516 τοῦτο
738 5468 805 5535 τῇ
833 5465 927 5519 τοῦ
964 5466 1094 5519 Υἱοῦ
1122 5470 1271 5538 φωνῇ
1320 5469 1378 5521 τὸ
1402 5470 1599 5523 οἰκεῖον
1628 5472 1720 5523 καὶ
1760 5472 1893 5543 γνη-

322 5572 437 5610 σιον
479 5554 580 5621 τῆς
623 5558 689 5610 ἐκ
731 5556 826 5610 τοῦ
858 5559 1068 5629 Πατρδς
1101 5560 1418 5628 ἀναδείξεως
1458 5563 1549 5616 ἐπὶ
1594 5564 1687 5617 τοῦ
1726 5565 1896 5618 Μονο-

390 5729 435 5765 ²³
467 5730 608 5787 Psal.
644 5749 867 5803 CIM’HI,
920 5736 974 5792 5.

1993 4555 2212 4627 quidem
2240 4564 2428 4610 nostra
2474 4553 2812 4610 consuetudo
2853 4554 2941 4609 bis
2971 4553 3059 4622 qui
3092 4568 3157 4606 ex
3218 4550 3444 4605 materia
3499 4557 3556 4603 et

1995 4656 2189 4704 natura
2244 4647 2543 4719 gignuntur
2595 4645 3104 4716 nomen,impouit.
3136 4641 3241 4698 Sed
3294 4640 3565 4711 quemad-

1996 4738 2214 4795 modum
2246 4738 2543 4793 creationis
2575 4737 2983 4807 generationem
3013 4750 3139 4789 cum
3169 4733 3391 4787 divinus
3450 4744 3567 4785 ser-

1996 4848 2087 4888 mo
2114 4832 2272 4895 dixit,
2301 4832 2428 4901 quia
2453 4847 2517 4886 ex
2570 4830 2752 4899 aliqua
2814 4828 3040 4884 materia
3092 4814 3243 4881 facta
3286 4831 3391 4887 est,
3446 4823 3566 4891 ipse

1997 4941 2108 4980 non
2140 4924 2357 4994 adjecit,
2390 4922 2485 4979 sed
2538 4926 2836 4978 essentiam
2886 4920 3132 4975 materia:
3182 4927 3236 4974 et
3273 4918 3453 4971 locum
3510 4925 3568 4969 et

1996 5024 2212 5088 tempus
2237 5023 2291 5072 et
2338 5030 2460 5087 qua:
2515 5021 2646 5070 sunt
2700 5012 3004 5083 ejusmodi,
3070 5011 3204 5066 nihil
3239 5009 3388 5063 aliud
3444 5020 3571 5063 esse

1997 5114 2192 5176 praeter
2219 5105 2416 5160 divina:
2460 5104 2762 5160 voluntatis
2812 5102 3110 5172 potentiam
3146 5100 3429 5155 declarat:
3485 5097 3569 5153 sic

1998 5198 2163 5254 etiam
2189 5199 2281 5253 hic
2313 5196 2509 5252 Filium
2558 5211 2683 5251 cum
2743 5194 2904 5258 dixit,
2957 5192 3143 5248 omisit
3194 5190 3375 5245 omnia
3439 5188 3569 5246 alia.

2000 5304 2342 5359 quaecunque
2381 5289 2437 5342 in
2470 5288 2657 5342 intima
2692 5284 3047 5357 generatione
3102 5282 3339 5337 humana
3370 5285 3570 5335 natura

1999 5390 2232 5454 spectat,
2261 5383 2385 5437 dico
2414 5381 2704 5451 passiones
2728 5387 2783 5435 et
2841 5376 3258 5448 dispositiones.
3324 5382 3380 5429 et
3443 5388 3565 5428 eam

1998 5490 2119 5545 qua:
2156 5473 2214 5528 ﬁt
2252 5489 2319 5529 ex
2354 5486 2597 5543 tempore
2628 5470 3027 5542 operationem,
3057 5474 3112 5523 et
3166 5466 3270 5522 loci
3325 5466 3569 5521 necessi-

1998 5572 2185 5632 tatem,
2221 5571 2274 5621 et
2308 5570 2433 5620 ante
2465 5564 2643 5619 omnia
2676 5562 2980 5629 materiam,
3014 5560 3133 5617 sine
3150 5559 3351 5631 quibus
3381 5560 3562 5615 omni-
