4002 6218
469 268 572 325 783

1717 267 1775 323 S.
1831 265 2158 324 GREGORII
2196 266 2486 322 NYSSENI

3612 275 3714 330 7M

470 383 575 436 bus
609 381 792 436 inﬁma
821 380 1102 453 generatio
1131 393 1252 450 quae
1279 387 1365 434 est
1403 392 1433 431 a
1466 387 1681 444 natura,
1745 395 1853 434 non
1899 395 2031 436 con-

2137 380 2327 449 γενοῦς
2377 380 2754 453 ἑρμηνεύεται.
2807 382 2915 433 Καὶ
2949 381 3134 450 ἐπειδὴ
3169 381 3264 452 οὑχ
3317 384 3501 436 ίκανδν
3546 378 3614 454 ἦν
3659 387 3713 438 τὸ

471 478 636 532 sistit.
671 477 807 532 Cum
835 483 1013 530 autem
1043 476 1098 529 in
1149 465 1502 545 generatione
1535 471 1658 528 Filii
1697 474 1811 530 haec
1854 474 2038 529 omnia

470 583 595 637 quae
637 567 704 622 de
739 566 966 621 materia
1015 573 1070 622 et
1096 566 1340 621 locorum
1383 581 1478 621 seu
1525 573 1826 636 temporum
1868 567 2038 621 inter-

470 659 625 714 vallis
660 657 1063 729 intclliguntur,
1096 673 1202 714 non
1252 657 1776 728 comprehendisset,
1819 657 1876 711 in
1912 657 2038 711 Filii

468 750 869 821 signiﬁcatione
889 751 1008 806 sola
1032 749 1328 806 subrelicta
1361 757 1445 804 est
1465 757 1657 803 natura
1684 769 1697 802 :
1727 755 2039 819 propterea-

467 856 575 912 que
600 855 732 897 voce
765 839 884 895 Filii
939 842 1246 911 proprietas
1267 848 1478 895 natura:
1507 847 1560 895 et
1591 840 1831 908 legitima
1860 840 2034 910 origo,

467 947 589 1002 quae
617 939 703 988 est
750 933 804 986 in
829 946 894 988 ea
925 932 1278 1001 generatione
1301 947 1424 1001 quae
1480 945 1510 984 a
1537 929 1696 986 Patre
1755 930 1937 986 editur
1981 934 2037 984 in

470 1023 754 1094 unigenito
784 1021 881 1077 Dei
932 1021 1070 1076 Filio
1125 1023 1449 1092 explicatur.
1507 1021 1572 1075 Et
1619 1021 1880 1092 quoniam
1914 1021 2038 1076 talis

465 1114 835 1183 generationis
865 1113 1074 1182 species
1103 1128 1211 1169 non
1239 1121 1356 1169 erat
1380 1113 1574 1169 idonea
1600 1113 1666 1168 ad
1696 1111 2036 1168 inferendam

465 1203 629 1259 nobis
664 1203 1020 1259 suﬂicicutem
1064 1204 1356 1260 ineﬂ‘ahilis
1383 1206 1717 1261 exsistentize
1758 1204 2036 1276 Unigeniti

467 1295 910 1366 imaginationem
937 1339 950 1363 ,
983 1297 1211 1352 alteram
1256 1297 1626 1364 generationis
1679 1299 1915 1368 speciem
1957 1297 2035 1351 si-

467 1386 582 1441 mul
614 1387 846 1442 assumit
892 1387 1160 1458 theologia
1223 1386 1291 1440 ad
1327 1387 1737 1458 signiﬁcandam
1791 1386 1911 1442 Filii
1941 1403 2036 1458 ge-

468 1479 831 1544 nerationem,
861 1494 982 1534 eam
1019 1495 1218 1548 nempe
1246 1495 1368 1550 quae
1399 1479 1456 1533 (it
1489 1495 1556 1534 ex
1610 1480 1879 1535 materiali
1935 1481 2035 1535 de-

467 1569 642 1636 illisu,
672 1580 725 1627 et
752 1571 884 1626 dicit
941 1572 1287 1642 splendorem
1347 1572 1558 1643 glorim,
1594 1580 1648 1627 et
1704 1573 2034 1628 suavitatem

469 1662 755 1733 unguenti,
788 1677 1042 1733 vaporem
1086 1663 1200 1727 Dei,
1233 1678 1375 1733 quze,
1411 1671 1470 1716 ut
1504 1663 1772 1732 superiori
1799 1671 2034 1718 tractatu

2140 473 2350 526 τοισῢτο
2386 477 2484 543 τῆς
2511 475 2812 543 γεννήσεως
2843 469 2981 536 εἶδος
3008 473 3282 544 ἀρκοῦσαν
3312 475 3443 544 ἡμῖν
3483 476 3715 547 ἐμποιῆ-

2142 580 2229 616 σαι
2263 563 2358 633 τῆς
2395 563 2632 633 ἀρρήτου
2670 560 2911 632 περὶτοῦ
2945 560 3281 630 Μονογενοῦς
3314 562 3602 634 ὑπάρξεως
3622 565 3719 635 τὴν

2141 652 2458 723 φαντασίαν,
2496 652 3024 724 συμπαραλαμϐάνει
3059 653 3153 705 καὶ
3194 653 3381 724 ἕτερον
3407 657 3504 724 τῆς
3532 657 3719 725 γεννή-

2143 763 2278 808 σεως
2309 741 2468 808 εἶδος,
2488 746 2622 816 πρὸς
2640 745 2912 815 σημασίαν
2953 746 3052 814 τῆς
3075 745 3168 798 τοῦ
3188 745 3342 798 Υἱοῦ⁸
3373 746 3638 814 θεολογία,
3657 747 3718 801 τὸ

2141 839 2206 891 ὲκ
2237 837 2335 908 τῆς
2368 838 2557 907 ὑλικῆς
2590 838 2906 908 ἀπορροίας,
2943 837 3034 890 καί
3065 854 3229 908 φησιν
3256 836 3599 908 ἀπαύγασμα
3630 840 3714 892 δό-

2140 928 2257 998 ξης.
2291 929 2383 981 καὶ
2411 928 2584 998 ὀσμὴν
2613 927 2783 999 μύρου
2829 929 2923 981 καὶ
2953 928 3150 998 ἀτμίδα
3193 927 3348 989 Θεοῦ,
3390 929 3535 1000 ἅπερ
3569 932 3624 982 ἐν
3649 935 3713 1000 τῇ

2141 1019 2533 1091 προεκτεθείσῃ
2584 1020 2711 1090 παρ’
2761 1019 2916 1089 ἡμῶν
2957 1019 3269 1089 τεχνολογία
3337 1020 3369 1088 ὴ
3415 1019 3536 1072 καθ’
3573 1022 3719 1089 ἡμᾶς

2143 1109 2398 1180 συνήθεια
2427 1110 2618 1180 ὑλικὴν
2646 1111 2944 1182 ἀπόρροιαν
2972 1109 3242 1179 ὀνομάζει.
3281 1110 3419 1162 Ἀλλ’
3448 1110 3638 1180 ὥσπερ
3663 1112 3720 1163 ὲν

2139 1206 2248 1267 τοῖς
2275 1203 2693 1274 προειρημένοις
2741 1201 2862 1256 οὔτε
2893 1204 2925 1273 ἡ
2957 1202 3056 1271 τῆς
3081 1201 3310 1263 κτίσεως
3339 1201 3573 1270 ποίησις,
3595 1200 3718 1252 οὔτε

2140 1294 2297 1366 ήτοῦ
2329 1294 2459 1347 Υἱοῦ
2519 1293 2762 1364 σημασία
2827 1293 3036 1363 χρόνον,
3084 1291 3117 1360 ἢ
3167 1290 3318 1359 ὕλην,
3364 1289 3397 1358 ἢ
3444 1291 3632 1348 κόπον,
3685 1290 3715 1360 ἦ

2140 1386 2309 1450 πάθος
2335 1384 2776 1456 συμπαρεδέξατο
2799 1401 2813 1415 ο
2844 1383 3013 1444 οὕτως
3034 1381 3128 1435 καὶ
3162 1379 3392 1433 ἐνταῦθα
3421 1381 3598 1448 πάσης
3623 1381 3718 1448 τῆς

2141 1477 2332 1547 ὑλικῆς
2365 1477 2572 1538 ἑννοίας
2631 1474 2943 1544 ἐκκαθάρας
2987 1473 3086 1544 τὴν
3142 1471 3238 1524 τοῦ
3289 1473 3720 1540 ἀπαυγάσματος

2141 1571 2234 1625 καὶ
2260 1569 2367 1623 τῶν
2394 1567 2594 1622 λοιπῶν
2629 1568 2736 1620 τῶν
2781 1565 3257 1638 μημονευθέντων
3285 1564 3580 1634 σημασίαν,
3620 1565 3718 1632 μό-

2139 1679 2228 1716 νον
2259 1663 2320 1716 τδ
2357 1661 2657 1732 θεοπρεπὲς
2685 1661 2776 1713 τοῦ
2807 1659 3046 1712 τοιούτου
3079 1658 3178 1727 τῆς
3217 1659 3517 1728 γεννήσεως
3546 1657 3717 1718 εἴδους

467 1755 848 1823 exposuimus,
881 1761 1070 1809 nostra
1104 1754 1448 1809 consuetudo
1475 1754 1750 1810 deﬂuxum
1779 1757 2031 1811 materia-

2139 1756 2168 1807 ὁ
2209 1755 2364 1823 λόγος
2408 1751 2756 1824 παραλαϐὼν,
2793 1751 3120 1804 ἐνδείκνυται
3148 1750 3208 1802 τὸ
3240 1747 3299 1814 ἐξ
3342 1749 3504 1801 αὑτοῦ
3534 1766 3591 1800 τε
3625 1749 3718 1801 καὶ

467 1846 574 1900 lem
631 1845 899 1902 nominat.
961 1843 1069 1902 Sed
1125 1843 1580 1916 quemadmodum
1647 1846 1702 1900 in
1748 1847 1833 1904 his
1917 1863 2040 1915 quae

467 1937 620 2004 prius
680 1939 1059 1994 recensuimus
1135 1952 1312 2009 neque
1376 1947 1643 1993 creaturae
1716 1940 2035 2009 generatio,

467 2041 645 2096 neque
717 2025 840 2082 Filii
912 2027 1318 2099 signiﬁcantia,
1404 2037 1652 2099 tempus,
1707 2031 1790 2085 vel
1867 2039 2040 2085 mate-

466 2117 630 2180 riam,
659 2115 744 2170 vel
777 2115 1041 2179 laborem,
1074 2117 1158 2170 vel
1191 2115 1534 2171 aﬂ‘eetionem
1566 2118 1730 2172 simul
1776 2118 2035 2186 admisit;

463 2203 547 2258 sic
586 2211 639 2257 ει
663 2202 754 2256 hic
804 2202 956 2256 omni
1008 2203 1278 2256 materiali
1331 2205 1666 2274 cogitatione
1717 2222 2034 2277 expurgans

463 2291 776 2362 splendoris
803 2297 859 2345 et
890 2297 1213 2346 caeterorum
1245 2306 1481 2362 quorum
1523 2293 1728 2348 mentio
1753 2292 1896 2349 facta
1922 2303 2027 2359 est,

466 2385 916 2456 signiﬁcantium,
952 2384 1130 2439 solum
1169 2385 1223 2439 id
1257 2385 1402 2454 quod
1433 2386 1543 2440 Deo
1570 2384 1824 2440 convenit
1852 2394 1908 2441 et
1939 2385 2036 2440 de-

463 2494 655 2534 corum
678 2486 783 2543 est,
809 2477 863 2532 in
894 2478 1018 2533 talis
1050 2479 1420 2548 generationis
1445 2479 1648 2550 specie,
1691 2493 1873 2534 sermo
1907 2494 2032 2533 cum

463 2569 783 2638 assumpsit.
813 2583 911 2639 per
938 2569 1265 2640 emphasim,
1297 2585 1390 2624 seu
1417 2569 1621 2623 claram
1649 2569 1812 2638 hujus
1839 2569 2035 2624 dictio-

464 2660 552 2714 nis
580 2658 1020 2730 signiﬁcantiam,
1050 2675 1114 2714 ex
1153 2660 1272 2729 ipso
1301 2673 1425 2714 esse
1455 2667 1654 2714 etcum
1689 2659 1807 2730 ipso
1846 2667 2032 2728 aperte

462 2751 720 2806 ostendit.
755 2751 943 2822 Neque
971 2752 1116 2806 enim
1148 2767 1318 2822 vapor
1347 2753 1463 2806 sive
1496 2751 1700 2806 halitus
1747 2753 1801 2806 in
1847 2765 2029 2807 aerem

461 2840 810 2897 dill‘usionem
833 2858 898 2897 ex
927 2842 1172 2911 subjecta
1189 2843 1413 2898 materia
1445 2843 1626 2897 animo
1659 2848 2030 2914 repraesentat,

463 2947 640 3001 neque
667 2932 802 2987 odor
841 2947 908 2987 ex
946 2932 1208 3002 qualitate
1241 2934 1503 3003 unguenti
1553 2934 1605 2987 in
1636 2948 1814 2988 aerem
1854 2943 2030 2988 trans-

463 3023 846 3089 mutationem,
909 3039 1087 3094 neque
1111 3024 1372 3095 splendor
1397 3041 1458 3080 ex
1493 3025 1656 3081 solari
1681 3041 1910 3095 corpore
1932 3041 2028 3096 per
2060 3064 2102 3119 Ο

464 3113 651 3169 radios
679 3111 979 3179 deﬂuxum,
1013 3114 1111 3170 sed
1141 3115 1244 3170 hoc
1277 3115 1452 3169 solum
1488 3131 1554 3170 ex
1590 3116 1868 3182 omnibus,
1890 3117 2033 3171 sicut

463 3204 669 3259 dictum
715 3215 820 3270 est,
862 3216 958 3276 per
1001 3207 1163 3263 talem
1193 3209 1564 3279 generationis
1596 3208 1816 3264 modum
1853 3209 2036 3264 decla-

461 3302 636 3360 ratur,
665 3311 730 3351 ει
760 3297 854 3352 illo
891 3313 1015 3354 esse
1053 3307 1108 3354 et
1143 3313 1268 3354 cum
1305 3300 1402 3354 illo
1435 3299 1702 3370 intelligi,
1745 3301 1897 3355 nullo
1951 3301 2033 3354 in-

465 3390 695 3444 tervallo
724 3391 869 3446 inter
895 3391 1110 3446 Patrem
1138 3401 1192 3448 et
1225 3407 1349 3448 eum
1375 3394 1466 3464 qui
1498 3408 1565 3448 ex
1598 3394 1715 3462 ipso
1736 3401 1819 3448 est
1861 3393 2034 3448 inter-

457 3477 624 3546 jecto.
654 3478 760 3534 Sed
788 3483 1046 3551 quoniam
1073 3482 1145 3536 ob
1179 3483 1439 3552 majorem
1475 3483 1528 3536 in
1573 3482 1821 3538 homines
1868 3484 2034 3538 bene-

457 3569 750 3625 volentiam
805 3573 980 3627 sancti
1032 3571 1270 3643 Spiritus
1322 3574 1494 3644 gratia
1535 3573 1723 3628 multis
1768 3589 1832 3628 ex
1893 3574 2030 3630 locis

457 3659 620 3715 nobis
671 3661 977 3733 ingenerari
1028 3663 1244 3719 divinas
1293 3665 1361 3719 de
1410 3661 1700 3734 Unigenito
1741 3665 2029 3735 opiniones

455 3749 840 3822 dispensavit:
881 3753 967 3811 his
1019 3756 1184 3810 etiam
1240 3755 1448 3810 addidit
1507 3755 1771 3826 reliquam
1836 3771 2028 3810 eorum

455 3857 580 3910 quae
613 3843 668 3898 in
714 3845 1065 3914 generatione
1101 3845 1521 3901 considerantur
1573 3847 1830 3917 speciem,
1904 3847 2028 3902 dico

451 3947 572 3986 eam
605 3949 726 4004 qua:
751 3950 816 3990 ex
843 3944 1022 3991 mente
1043 3944 1096 3991 et
1117 3950 1388 3992 sermone.
1419 3935 1525 3992 Sed
1553 3937 1759 4006 majore
1787 3952 1920 3992 usus
1941 3946 2028 3993 est

452 4024 792 4090 providentia
821 4024 1074 4081 sublimis
1092 4024 1351 4091 Joannes,
1385 4035 1444 4082 ut
1468 4042 1745 4094 nunquam
1773 4041 1884 4097 prae.
1909 4027 2028 4082 lan-

450 4128 621 4183 guore
676 4123 731 4171 et
760 4115 926 4170 animi
954 4119 1135 4186 pusilli
1179 4118 1459 4174 debilitate
1500 4118 1776 4175 audientis
1821 4120 2024 4175 intelli-

451 4204 634 4271 gentia
670 4205 887 4262 decidat
915 4208 984 4262 ad
1037 4225 1381 4267 communem
1426 4213 1676 4268 notitiam
1725 4212 1914 4279 verbi,
1965 4220 2026 4268 ut

453 4293 623 4350 Filius
652 4295 834 4354 Patris
862 4315 1034 4356 sonus
1079 4303 1467 4360 existimetur:
1509 4313 1793 4376 propterea
1834 4305 1890 4360 in
1935 4320 2024 4360 es-

2143 1845 2258 1914 μετ’
2288 1841 2450 1896 αὑτοῦ
2489 1841 2746 1906 νοεῖσθαι,
2781 1841 2870 1894 διὰ
2905 1842 3004 1912 τῆς
3036 1839 3180 1894 κατά
3211 1839 3310 1910 τὴν
3341 1839 3483 1902 λέξιν
3512 1838 3714 1908 1:1."va

2138 1936 2448 2006 ἐμφάσεως.
2504 1932 2640 1987 Οὔτε
2679 1933 2787 2002 γὰρ
2817 1934 2849 2004 ἡ
2879 1933 3042 2004 ἀτμὶς
3075 1933 3172 2003 τὴν
3202 1933 3281 1994 είς
3308 1931 3445 2002 ἀέρα
3470 1931 3713 2000 διάχυσιν

2137 2027 2202 2079 ὲκ
2248 2025 2350 2096 τῆς
2397 2025 2761 2095 ὑποκειμένης
2805 2023 2935 2094 ὑλης
2965 2023 3312 2094 παρίστησιν,
3361 2022 3483 2075 οὕτε
3512 2024 3712 2094 ήόσμη

2135 2118 2235 2189 τὴν
2267 2119 2330 2170 ὲκ
2358 2119 2456 2188 τῆς
2498 2116 2778 2186 ποιότητος
2804 2114 2896 2168 τοῦ
2931 2114 3102 2185 μύρου
3136 2113 3422 2185 γινομένου
3461 2113 3598 2183 πρὸς
3625 2115 3713 2166 τὸν

2136 2211 2273 2282 ἀέρα
2304 2210 2650 2281 μετάστασιν,
2686 2206 2807 2261 οὔτε
2834 2207 3172 2276 ἀπαύγασμα
3211 2205 3308 2276 τὴν
3340 2207 3403 2259 ὲκ
3433 2205 3528 2258 τοῦ
3559 2206 3713 2275 ἡλια·

2136 2299 2234 2354 κοῦ
2279 2298 2528 2369 σώματος
2574 2297 2662 2350 διὰ
2703 2296 2810 2350 τῶν
2863 2294 3097 2348 ἀκτίνων
3153 2293 3474 2364 ἀπόρροιαν.
3554 2290 3715 2345 Ἀλλά

2133 2391 2291 2444 τοῦτο
2337 2389 2494 2460 μόνον
2542 2389 2608 2441 ἐκ
2660 2387 2876 2441 πάντων
2901 2426 2918 2452 ,
2969 2384 3149 2448 καθὼς
3196 2386 3446 2454 εῖρηται,
3494 2383 3582 2436 διὰ
3621 2381 3712 2436 τοῦ

2133 2483 2372 2536 τοιούτου
2394 2483 2490 2551 τῆς
2513 2483 2811 2550 γεννήσεως
2826 2481 3025 2552 τρόπου
3048 2477 3318 2550 δηλοῦται,
3339 2479 3400 2530 τὸ
3421 2478 3479 2542 ἐξ
3505 2477 3712 2530 ἐκείνου

2132 2591 2191 2628 τε
2235 2569 2372 2626 εἶναι
2407 2573 2497 2626 καὶ
2531 2575 2643 2642 μετ’
2677 2572 2886 2625 ἐκείνου
2915 2571 3150 2626 νοεῖσθαι
3171 2587 3185 2601 ο
3243 2569 3468 2641 μηδενὸς
3494 2570 3715 2640 διαστή-

2135 2681 2304 2736 ματος
2331 2663 2532 2735 μεταξὺ
2566 2664 2659 2717 τοῦ
2695 2665 2907 2735 Πατρὸς
2939 2665 3031 2717 καὶ
3057 2663 3148 2717 τοῦ
3183 2663 3244 2728 ἐξ
3273 2661 3438 2715 αὑτοῦ
3466 2659 3714 2731 μεσιτεὺο

2130 2771 2301 2818 οντος.
2341 2753 2492 2806 Ἐπεὶ
2508 2753 2562 2807 δὲ
2587 2753 2674 2806 διὰ
2699 2752 2914 2806 πλείονα
2943 2751 3352 2822 φιλανθρωπίαν
3381 2751 3414 2820 ή
3438 2749 3531 2801 τοῦ
3556 2749 3711 2817 ἁγίου

2129 2847 2269 2902 Πνεύ
2278 2865 2442 2918 ματος
2457 2847 2612 2918 χάρις
2635 2846 2958 2916 πολλαχόθεν
2971 2847 3000 2916 ή
3009 2849 3098 2916 μῖν
3119 2843 3435 2912 ἐγγενέσθαι
3454 2841 3552 2907 τάς
3565 2841 3715 2903 θείας

2131 2941 2258 3009 περὶ
2280 2939 2372 2993 τοῦ
2396 2937 2731 3006 Μονογενοῦς
2755 2939 3050 3007 ὑπολήψεις
3077 2937 3326 3008 ᾠκονομή
3336 2952 3464 2988 σατο
3483 2951 3496 2962 ·
3555 2950 3716 3004 προσ-

2136 3030 2299 3101 έθηκε
2331 3031 2423 3083 καὶ
2446 3028 2506 3082 τὸ
2529 3029 2846 3100 λειπόμενον
2863 3028 2970 3081 τῶν
3000 3029 3055 3080 ὲν
3088 3027 3296 3096 γενέσει
3325 3024 3715 3096 θεωρουμένων

2136 3119 2293 3187 εἶδος,
2347 3123 2408 3174 τὸ
2450 3123 2514 3174 ἐκ
2558 3121 2650 3174 τοῦ
2697 3120 2786 3174 νοῦ
2833 3138 2972 3190 φημι
3018 3121 3111 3172 καὶ
3159 3118 3253 3172 τοῦ
3305 3117 3484 3185 λόγου.
3550 3116 3714 3168 Ἀλλὰ

2135 3213 2338 3266 πλείονι
2371 3213 2567 3283 χρῆται
2597 3214 2663 3282 τῇ
2698 3210 3008 3282 προμηθείᾳ
3034 3213 3062 3264 ὁ
3089 3209 3288 3279 ὑψηλὸς
3328 3209 3602 3277 Ἰωάννης,
3637 3206 3714 3267 ('0;

2137 3304 2344 3374 μήποτε
2381 3302 2484 3355 ὑπὸ
2517 3301 2732 3365 ἀτονίας
2765 3319 2822 3354 τε
2854 3303 2948 3355 καὶ
2981 3299 3340 3372 μικροψυχίας
3382 3299 3713 3351 καταπεσεῖν

2130 3395 2222 3448 τὸν
2256 3394 2521 3447 ἀκούοντα
2549 3395 2682 3464 πρὸς
2714 3395 2900 3464 κοινὴν
2923 3393 3129 3447 ἔννοιαν
3158 3392 3337 3459 λόγου,
3369 3391 3445 3454 ὼς
3475 3390 3711 3459 φθόγγον

2130 3485 2222 3537 τοῦ
2258 3485 2466 3554 Πατρός
2492 3486 2584 3538 τὸν
2611 3485 2735 3538 Υίὺν
2765 3485 3087 3555 νομισθῆναι
3113 3500 3126 3513 °
3161 3485 3250 3537 διὰ
3278 3483 3437 3536 τοῦτο
3463 3483 3523 3536 ὲν
3551 3481 3710 3550 οὐσία

2132 3577 2347 3647 βλέπειν
2385 3579 2474 3631 τὸν
2501 3579 2670 3647 Λόγον
2720 3579 3130 3650 παρασκευάζει
3176 3577 3252 3647 τῷ
3302 3576 3504 3646 πρώτῳ
3536 3575 3706 3645 κηρύ-

2130 3685 2320 3739 γματι,
2350 3669 2442 3720 καὶ
2497 3669 2556 3720 ὲν
2587 3669 2744 3740 οὐσία
2778 3669 2878 3721 οὑκ
2905 3667 3287 3737 ἀπεξενωμένῃ
3327 3667 3433 3719 τινὶ
3461 3667 3706 3736 ἀπερῤη-

2128 3758 2256 3830 γυίᾳ
2279 3759 2376 3828 τῆς
2403 3759 2524 3812 ὅθεν
2551 3759 2718 3821 ἐστὶν,
2751 3759 2864 3812 ἀλλ’
2894 3759 2952 3810 ὲν
2983 3758 3130 3828 αὑτῷ
3155 3757 3247 3810 καὶ
3291 3759 3357 3827 τῇ
3392 3753 3585 3827 πρώτῃ
3616 3755 3706 3806 καὶ

2131 3851 2377 3922 μακαρίᾳ
2425 3850 2605 3919 φύσει.
2651 3849 2835 3902 Ταῦτα
2885 3849 2992 3920 γὰρ
3042 3849 3300 3908 διδάσκει.
3351 3847 3565 3914 λέγων,
3625 3847 3703 3899 ὅτι

2139 3941 2236 3994 Ἐν
2294 3939 2452 4009 ἀρχῇ
2512 3937 2589 4010 ἦν
2625 3943 2658 3994 ό
2708 3941 2933 4010 Λόγος,
2981 3940 3079 3993 καί
3153 3938 3302 4005 πρὸς
3368 3937 3476 3989 τὸν
3525 3936 3699 4001 Θεεεν,

2126 4032 2224 4086 καὶ
2246 4033 2408 4098 Θεὸς,
2434 4033 2530 4085 καὶ⁵
2549 4033 2724 4087 πάντα
2749 4033 2849 4085 ὅσα
2876 4032 3024 4084 ἐστὶν
3048 4033 3080 4102 ή
3110 4031 3272 4101 ἀρχὴ.
3303 4029 3396 4082 καὶ
3421 4029 3583 4090 αὑτὸς
3603 4026 3695 4080 ὧν.

2126 4123 2310 4186 Οὕτως
2337 4124 2444 4194 γὰρ
2478 4125 2604 4196 περὶ
2643 4125 2742 4194 τῆς
2769 4123 3068 4193 ἀῖδιότητος
3093 4120 3188 4174 τοῦ
3221 4119 3558 4188 Μονογενοῦς
3586 4119 3697 4171 θεο-

2124 4215 2296 4284 λογῶν
2332 4215 2683 4288 διεξέρχεται.
2703 4214 2920 4268 Τούτων
2945 4215 3122 4267 τοίνυν
3150 4213 3255 4266 τῶν
3283 4212 3380 4282 τῆς
3400 4211 3696 4280 γεννήσεως

2124 4307 2359 4377 τρόπων,
2397 4308 2512 4377 ἢτοι
2541 4306 2647 4360 τῶν
2685 4306 2744 4372 ἐξ
2775 4306 2952 4369 αἰτίας
2977 4305 3376 4375 ὑφεστηκότων,
3399 4305 3460 4355 ὲν
3485 4305 3550 4374 τῇ
3580 4301 3696 4354 καθ’

451 4387 629 4442 sentia
683 4399 931 4459 spectare
972 4392 1208 4449 Verbum
1258 4398 1478 4452 instruit
1517 4398 1691 4468 prima
1754 4396 2018 4467 praedica-

2133 4400 2154 4469 ἡ
2165 4399 2269 4468 μᾶς
2299 4398 2555 4468 συνηθείᾳ
2582 4399 3015 4468 γινωσκομένων,
3049 4396 3510 4466 παραληφθέντων
3531 4395 3585 4447 δὲ
3605 4392 3692 4446 καὶ

447 4479 618 4544 tione,
653 4490 707 4534 et
740 4497 848 4536 non
867 4484 921 4537 in
937 4487 1173 4542 essentia
1204 4488 1382 4558 aliqua
1409 4489 1692 4559 peregrina
1709 4496 1763 4543 et
1783 4487 2016 4556 abrupta

447 4570 516 4623 ab
549 4584 612 4626 ea
643 4587 763 4641 quae
793 4573 935 4630 Deus
965 4586 1070 4642 est,
1104 4578 1198 4633 sed
1231 4579 1284 4632 in
1318 4580 1436 4648 ipso
1466 4587 1520 4633 et
1543 4579 1597 4632 in
1633 4579 1808 4648 prima
1829 4579 2017 4632 beata-

445 4677 555 4730 que
580 4671 796 4718 natura.
832 4664 955 4722 Haec
982 4670 1127 4722 enim
1159 4669 1336 4732 docet,
1373 4670 1563 4726 dicens
1603 4687 1615 4722 :
1646 4667 1713 4722 In
1753 4669 2014 4738 principio

442 4761 560 4806 erat
607 4753 852 4820 Verbum,
877 4768 924 4811 et
963 4759 1103 4827 apud
1138 4759 1344 4828 Deum,
1372 4770 1421 4815 et
1455 4761 1591 4816 Deus
1612 4761 1676 4828 ¹⁸,
1729 4769 1782 4816 ει
1829 4761 2014 4815 omnia

443 4861 566 4916 quae
605 4849 930 4919 principium
967 4861 1070 4918 est,
1105 4861 1161 4908 et
1191 4854 1308 4924 ipse
1341 4862 1444 4910 est.
1483 4854 1574 4908 Sic
1596 4853 1742 4908 enim
1769 4853 1838 4909 de
1857 4862 2015 4909 aeter-

442 4936 617 4994 nitate
651 4937 923 5011 Unigeniti
964 4942 1267 5015 theologice
1291 4945 1570 5003 disserens
1601 4949 1844 5017 exponit.
1875 4949 2008 5004 Cum

2124 4491 2276 4562 παρά
2301 4489 2400 4560 τῆς
2425 4490 2585 4558 ἀγίας
2612 4490 2834 4560 Γραφῆς
2862 4491 2997 4560 πρὸς
3025 4489 3122 4560 τὴν
3152 4489 3260 4540 τῶν
3287 4485 3690 4557 ὑπερκειμένων

2121 4582 2466 4635 διδασκαλίαν
2486 4623 2500 4646 ,
2553 4581 2724 4645 οὕτως
2753 4583 2828 4644 ὡς
2855 4583 3002 4645 εἰκός
3028 4583 3143 4634 ἐστι
3179 4580 3312 4651 πρὸς
3353 4578 3690 4649 παράστασεν

2121 4675 2228 4730 τῶν
2253 4675 2411 4729 θείων
2441 4675 2756 4745 ὑπολήψεων
2786 4675 3013 4727 ἕκαστον
3036 4673 3238 4726 τούτων
3263 4667 3686 4742 μεταληφθῆναι,

2123 4767 2360 4837 κρινάτω
2385 4765 2597 4820 δικαίαν
2629 4766 2808 4836 κρίσιν
2835 4768 2864 4819 ό
2889 4765 3229 4836 ἐντυγχάνων
3254 4764 3330 4833 τῷ
3361 4762 3506 4832 λόγῳ
3527 4778 3540 4790 ·
3569 4758 3618 4810 εἶ
3642 4773 3689 4808 τι

2120 4859 2227 4911 τῶν
2258 4859 2382 4928 περὶ
2419 4859 2515 4930 τῆς
2557 4859 2820 4930 αἱρέσεως
2855 4859 3167 4928 φερομένων
3220 4854 3372 4924 ἰσχύν
3405 4867 3528 4906 τινα
3558 4847 3690 4902 κατά

2119 4953 2216 5022 τῆς
2241 4950 2498 5022 ἀληθείας
2533 4949 2664 5020 ἔχει.

445 5029 612 5100 igitur
641 5031 776 5088 tales
797 5031 910 5088 sint
927 5034 1296 5102 generationis
1325 5036 1490 5100 modi,
1519 5051 1616 5092 seu
1647 5047 1796 5093 certe
1815 5054 2004 5093 eorum
2045 5057 2166 5110 qua:
2197 5057 2262 5096 ex
2303 5057 2469 5096 causa
2505 5042 2836 5103 subsistunt,
2867 5039 2960 5108 qui
3029 5039 3248 5109 quidem
3296 5044 3482 5092 nostra
3555 5045 3684 5085 con-

441 5126 734 5183 suetudine
759 5138 1182 5197 cognoscuntur,
1205 5144 1342 5198 quos
1362 5133 1657 5201 assumpsit
1679 5147 1834 5188 sacra
1867 5131 2146 5203 Scriptura
2181 5134 2246 5186 ad
2297 5135 2817 5204 supereminentium
2858 5133 3161 5186 doctrinam
3201 5144 3435 5200 quorum
3495 5140 3688 5180 unum-

441 5221 697 5291 quodque
725 5222 805 5278 sic
825 5223 1022 5278 debeat
1055 5222 1260 5278 assumi
1292 5233 1350 5278 ut
1383 5235 1808 5281 consentaneum
1842 5233 1924 5281 est
1947 5226 2014 5280 ad
2056 5226 2350 5281 ﬁrmandus
2381 5235 2434 5281 et
2477 5227 2831 5281 stabiliendas
2907 5240 3088 5280 rerum
3157 5223 3462 5278 divinarum
3509 5221 3683 5272 notio-

443 5329 562 5380 nes,
588 5314 794 5384 judicet
831 5315 942 5386 jam
989 5325 1195 5373 rectum
1223 5317 1527 5387 judicium,
1579 5320 1669 5375 ille
1717 5321 1812 5390 qui
1863 5320 2008 5376 hunc
2045 5337 2354 5378 sermonem
2407 5321 2574 5391 legit,

443 5402 796 5474 proferuntur
823 5408 988 5464 robur
1013 5409 1233 5480 aliquod
1271 5409 1435 5466 habet
1469 5421 1660 5468 contra
1696 5414 2000 5469 veritatem.

514 5499 619 5555 Sed
657 5517 850 5561 rursus
888 5506 1140 5575 adjiciam
1167 5510 1337 5580 ipsam
1363 5510 1427 5566 ad
1456 5511 1678 5569 verbum
1708 5509 2005 5568 adversarii

512 5673 558 5710 “
595 5674 756 5732 Joan.
807 5693 847 5742 ι,
871 5679 920 5732 1.

2661 5320 2705 5375 si
2762 5320 2892 5390 quid
2946 5333 3134 5375 eorum
3207 5331 3331 5386 quae
3381 5315 3450 5369 ab
3497 5311 3681 5367 haeresi

2185 5505 2560 5579 IIpoaOijcwbs
2588 5504 2748 5559 πάλιν
2780 5505 2947 5578 αὐτὴν
2977 5504 3066 5558 ἐπὶ
3100 5503 3294 5572 λέξεως
3320 5499 3411 5556 τοῦ
3445 5498 3683 5554 ἐναντίου
