4002 6218
237 337 345 395 785

1363 339 1640 396 CONTRA
1681 342 2073 411 EUNOMIUM,
2106 342 2236 397 LIB.
2282 340 2410 395 VIII.

3387 327 3497 389 786

244 445 343 516 τήν
377 448 535 520 ῥῆσιν
570 447 797 520 ἔχουσαν
824 448 996 513 οὕτως
1017 468 1029 481 ·
1062 452 1197 527 Δύο,
1226 453 1389 522 φησὶν
1412 492 1425 516 ,
1476 455 1665 509 ὄντων
1701 454 1817 510 τῶν

1919 456 2242 519 orationem,
2270 468 2390 525 quze
2424 451 2503 505 sic
2534 449 2732 505 habet:
2766 450 2907 515 Duo,
2945 448 3125 520 inquit
3146 486 3162 513 ,
3199 462 3319 501 cum
3339 447 3491 502 dixe-

240 542 376 610 zap‘
406 538 578 610 ἡμῶν
609 540 955 610 εἰρημένων,
987 544 1093 598 τοῦ
1121 562 1184 598 τε
1215 544 1328 615 πρὸ
1357 545 1466 615 τῆς
1491 546 1644 613 ἰδίας
1678 564 1807 617 γεν-

238 631 475 696 νήσεως
507 629 593 700 μὴ
650 628 805 686 εἶναι
847 633 963 701 τὴν
1000 636 1222 689 οὐσίαν
1267 636 1372 691 τοῦ
1421 638 1819 708 Μονογενοῦς,

241 718 340 773 καὶ
388 718 514 802 τοῦ.
537 720 935 788 γεννηθεῖσαν
984 722 1098 791 ,πρὸ
1146 723 1387 778 πάντων
1435 722 1607 780 εἶναι.
1663 728 1820 780 Ποῖον

240 812 548 880 γεννήσεως
595 806 739 874 εἶδος
786 811 815 865 6
856 812 1222 885 δογματιστὴς
1269 817 1402 886 ήμῖν
1451 816 1819 887 προτείνεται;

244 893 388 974 Ἀρα
408 903 470 956 τὸ
496 903 702 975 πρέπον
724 903 814 957 ἐπὶ
836 904 970 959 Θεοῦ
1003 909 1142 961 νοεῖν
1171 923 1229 960 τε
1255 908 1349 961 καὶ
1374 906 1582 973 λέγειν;
1609 908 1717 962 Καὶ
1739 908 1822 972 τίς

238 992 412 1058 οὕτως
440 996 597 1059 ἄθεος
626 996 767 1049 ὥστε
796 1002 1134 1067 προεπινοείν
1173 997 1267 1052 τοῦ
1295 997 1428 1053 Θεοῦ
1449 999 1509 1052 τὸ
1533 1000 1618 1071 ,μὴ
1650 993 1818 1066 srvat;

253 1086 414 1140 Ἀλλά
464 1087 617 1158 δῆλον
663 1089 747 1141 ὅτι
795 1089 930 1158 πρὸς
976 1088 1074 1157 τήν
1123 1089 1312 1163 ὑλικὴν
1360 1091 1564 1163 ταύτην
1610 1091 1821 1163 βλέπων

241 1178 483 1247 γένεσιν,
525 1177 624 1250 τὴν
674 1180 823 1233 κάτω
852 1179 1012 1249 φύσιν
1053 1181 1152 1252 τῆς
1198 1181 1448 1253 περὶτοῦ
1502 1182 1823 1253 μονογενοῦς

238 1270 381 1324 Θεοῦ
437 1271 755 1341 ὑπολήψεως
810 1272 1040 1326 ποιεῖται
1089 1273 1404 1328 διδάσκαλον
1427 1290 1441 1304 ’
1494 1273 1589 1327 καὶ
1634 1273 1820 1344 ἐπειδὴ

241 1360 397 1432 βοῦς,
441 1363 473 1432 ἢ
510 1362 651 1427 ὄνος,
689 1362 721 1434 ἢ
767 1362 1013 1435 κάμηλος
1056 1363 1163 1435 πρὸ
1207 1365 1305 1434 τῆς
1345 1364 1480 1429 ἰδίας
1514 1365 1821 1435 γεννήσεως

237 1449 342 1501 οὐκ
381 1449 525 1502 ἔστιν
545 1490 560 1514 ,
593 1450 752 1504 τοῦτο
794 1452 885 1505 καὶ
920 1453 1013 1505 ἐπὶ
1055 1449 1149 1506 τοῦ
1198 1453 1535 1523 Μονογενοΰς
1572 1454 1818 1525 βούλεται

236 1537 442 1605 λέγειν,
470 1538 499 1590 ὃ
526 1540 752 1593 ἐπὶτῶν
782 1541 935 1605 ζώων
969 1542 1002 1611 ή
1039 1541 1359 1596 ἀκολούθεια
1393 1542 1492 1612 τῆς
1531 1544 1680 1598 κάτω
1719 1541 1820 1612 φύ-

239 1643 382 1691 σεως
427 1627 608 1682 δίδωσι
646 1629 899 1699 βλέπειν,
928 1633 1048 1685 οὐδὲ
1079 1631 1236 1686 τοῦτο
1263 1632 1397 1686 νοῶν
1437 1635 1465 1687 6
1511 1634 1819 1705 σωματικὸς

234 1719 511 1789 θεολόγος,
535 1721 617 1773 ὅτι
646 1698 706 1774 τὸ
748 1724 1031 1792 μονογενὲς
1054 1724 1146 1777 ἐπὶ
1171 1721 1305 1777 Θεοῦ
1335 1698 1818 1796 λεγόμενον,ἀὺτῷ

1923 550 2121 613 rimus,
2155 556 2203 601 et
2236 556 2357 599 ante
2390 544 2780 614 generationem
2822 559 2940 613 qua:
2976 542 3081 611 ipsi
3128 540 3347 608 propria
3389 550 3490 602 est,

1921 656 2026 694 non
2052 654 2164 693 esse
2205 636 2469 706 Unigeniti
2506 637 2817 698 essentiam,
2859 643 2910 690 et
2951 642 3072 688 ante
3113 619 3306 687 omnia.
3338 646 3492 702 gene-

1922 739 2097 783 ratam
2132 746 2258 784 esse.
2298 728 2604 796 Quamnam
2637 725 3005 795 generationis
3053 723 3286 794 speciem
3336 721 3493 777 nobis
3579 751 3589 758 -

1922 822 2026 879 iste
2060 822 2388 893 dogmatista
2417 818 2734 891 protendit?
2764 832 2896 873 num
2930 817 2998 872 de
3022 815 3133 870 Deo
3159 813 3302 885 quod
3342 815 3490 883 pium

1920 923 2004 970 cst
2023 922 2078 970 et
2105 914 2364 970 decorum
2393 912 2552 968 decet
2584 909 2888 980 intelligere
2912 916 2969 963 et
3004 906 3224 962 dicere?
3263 904 3330 958 Et
3371 906 3494 974 quis

1920 1006 2054 1060 adeo
2079 1004 2279 1074 impius
2311 1013 2364 1060 et
2401 1002 2495 1058 Dei
2529 1012 2777 1073 negator,
2828 1007 2889 1054 ut
2947 1012 3057 1053 non
3107 1011 3231 1054 esse
3282 996 3339 1051 in
3385 994 3495 1050 Deo

1919 1095 2073 1165 prius
2104 1094 2411 1166 intelligat?
2439 1091 2546 1149 Sed
2575 1090 2921 1161 perspicuum
2954 1087 3102 1159 quod
3133 1087 3200 1142 ad
3233 1084 3492 1141 materia-

1921 1189 2025 1243 Iem
2056 1189 2196 1242 hanc
2229 1186 2528 1257 respiciens
2567 1182 2996 1254 generationem,
3038 1181 3279 1236 inﬁmam
3325 1191 3487 1233 natu—

1922 1294 2039 1332 ram
2079 1278 2147 1333 de
2192 1276 2476 1347 unigenito
2507 1274 2619 1330 Deo
2652 1272 2929 1342 opinionis
2980 1270 3113 1326 facit
3153 1270 3490 1340 magistram.

1919 1367 1986 1422 Et
2014 1367 2272 1439 quoniam
2300 1368 2421 1432 bos,
2453 1366 2539 1422 vel
2563 1364 2780 1438 asinus,
2804 1364 2888 1419 vel
2910 1362 3153 1418 camelus
3183 1368 3307 1416 ante
3336 1375 3492 1417 suam

1919 1457 2325 1525 generationem
2354 1470 2460 1510 non
2490 1465 2595 1519 est,
2625 1455 2728 1509 hoc
2748 1453 2912 1507 etiam
2942 1452 2995 1506 in
3039 1449 3330 1519 Unigenito
3380 1448 3495 1503 vult

1919 1560 2187 1614 asserere,
2220 1545 2368 1617 quod
2398 1545 2453 1600 in
2476 1543 2805 1599 animalibus
2828 1541 3000 1598 series
3026 1548 3080 1595 et
3115 1540 3253 1594 ordo
3282 1546 3495 1593 natura:

1921 1636 2086 1707 hujus
2125 1635 2325 1691 inﬁmae
2354 1635 2447 1691 dat
2494 1633 2721 1702 videre,
2755 1648 2932 1704 neque
2968 1633 3073 1687 hoc
3104 1630 3495 1686 animadvertit

1918 1728 2156 1783 carnalis
2180 1727 2283 1784 iste
2304 1727 2607 1799 theologus,
2631 1725 2777 1797 quod
2803 1740 2928 1780 cum
2948 1723 3275 1795 Unigenitus
3306 1723 3361 1777 in
3384 1723 3496 1776 Deo

232 1811 316 1881 τῷ
341 1813 548 1882 ῥήματι
572 1811 633 1865 τὸ
657 1791 792 1884 προς
822 1816 1000 1868 πᾶσαν
1022 1817 1233 1884 γένεσιν
1258 1791 1621 1886 ἀκοινώνητόν
1643 1832 1700 1869 τε
1723 1791 1817 1868 καὶ

1918 1816 2138 1880 dicitur,
2157 1817 2259 1872 hoc
2287 1817 2405 1886 ipso
2427 1815 2779 1885 verbo,quod
2805 1829 2933 1870 cum
2961 1791 3109 1867 omni
3138 1811 3494 1882 generatione

238 1904 447 1968 ἰδιάζον
497 1903 879 1975 ἀποσημαίνει.
936 1907 1061 1970 Πῶς
1106 1907 1212 1978 γὰρ
1261 1906 1327 1961 ἂν
1373 1907 1459 1978 εἴη
1524 1908 1817 1979 μονογενὴς

234 1994 378 2065 αὕτη
410 1996 447 2065 ή
475 1995 704 2064 γένεσις,
736 1998 784 2048 εἰ
818 1994 1101 2049 κοινωνίαν
1131 1996 1270 2049 κατὰ
1298 1996 1396 2067 τήν
1439 1994 1676 2066 ἔμφασιν
1725 1994 1819 2048 καὶ

232 2087 544 2160 ταυτότητα
580 2088 716 2159 πρὸς
752 2086 918 2158 ἀλλην
966 2087 1175 2155 γένεσιν
1214 2085 1359 2157 €st;
1395 2087 1467 2138 Τὸ
1503 2087 1611 2157 γὰρ
1659 2084 1816 2156 μόνον

237 2176 621 2251 κατεξαίρετον
654 2178 740 2232 ἐπ’
770 2176 933 2231 αὑτοῦ
963 2180 1182 2242 νοεῖται,
1217 2177 1246 2229 ὃ
1276 2177 1377 2230 οὑκ
1420 2176 1566 2230 ἔστιν
1606 2177 1694 2229 ἐπ’
1726 2176 1820 2230 ἄλ-

232 2272 337 2343 λης
370 2271 705 2341 κατανοῆσαι
738 2269 1062 2340 γεννήσεως,
1088 2267 1292 2340 κυρίως
1317 2285 1375 2320 τε
1406 2268 1498 2321 καὶ
1525 2266 1817 2338 προσφυῶς

230 2364 317 2435 τῷ
365 2364 716 2435 προσρήματι
747 2362 840 2415 τοῦ
882 2360 1216 2430 Μονογενοῦς
1248 2358 1635 2431 ἑρμηνεύεται·
1665 2358 1740 2422 ὡς
1768 2356 1825 2412 εἴ

230 2457 303 2524 γὲ
331 2474 383 2509 τι
406 2457 506 2526 τῆς
534 2456 684 2509 κάτω
710 2455 1016 2525 γεννήσεως
1055 2454 1148 2507 καὶ
1192 2453 1281 2506 ἐπ’
1322 2452 1483 2506 αὑτοῦ
1513 2451 1817 2523 θεωρεῖται,

230 2547 423 2603 οὐκέτ’
447 2547 517 2601 ἂν
547 2546 634 2617 εἴη
664 2547 995 2617 Μονογενὴς,
1019 2547 1049 2599 6
1070 2547 1180 2599 τισὶ
1207 2546 1307 2614 τῆς
1335 2545 1638 2616 γεννήσεως
1672 2542 1817 2596 ἰδιώ-

234 2657 379 2711 μασι
416 2638 554 2710 πρὸς
582 2637 650 2691 τά
684 2637 848 2690 λοιπά
874 2637 983 2689 τῶν
1010 2635 1379 2708 γεννηθέντων
1413 2632 1818 2704 κοινοποιούμε-

230 2749 363 2795 νος·
396 2731 445 2783 εἰ
488 2729 597 2800 γὰρ
623 2728 690 2782 τὰ
724 2728 863 2782 αὑτά
907 2726 1001 2781 καὶ
1034 2728 1125 2780 ἐπὶ
1167 2726 1355 2780 τούτου
1380 2726 1622 2795 λέγοιτο,
1650 2724 1687 2779 ἃ
1726 2724 1819 2778 καὶ

228 2824 335 2877 Kal
366 2820 477 2875 τῶν
512 2820 685 2874 ἄλλων
713 2818 820 2871 τῶν
857 2817 942 2872 διὰ
966 2819 1270 2888 γεννήσεως
1314 2809 1727 2890 προῖόντωνέίς
1757 2815 1820 2868 τὸ

230 2907 387 2967 εἶναι
417 2912 667 2981 λέγεται,
700 2913 781 2972 εἰς
810 2910 1103 2980 ἀδελφικήν
1130 2926 1249 2962 τινα
1279 2908 1461 2979 σχέσιν
1492 2908 1555 2962 τὸ
1599 2908 1682 2961 τοῦ
1709 2907 1820 2961 Μο-

226 3003 496 3075 νογενοῦς
541 3002 934 3073 σημαινόμενον
969 3000 1359 3072 μετασκευάσει
1403 3001 1433 3053 6
1471 2999 1647 3068 λόγος.
1679 2997 1821 3052 Οὐκ-

222 3098 332 3150 οῦν
371 3097 423 3148 εἰ
448 3095 508 3148 τὸ
527 3093 753 3165 ἅμικτόν
781 3110 839 3146 τε
873 3092 966 3146 καὶ
996 3090 1355 3163 ἀκοινώνητον
1382 3090 1518 3161 πρὸς
1544 3091 1614 3144 τὰ
1656 3088 1817 3143 λοιπά

221 3187 348 3242 τῶν
375 3185 677 3257 γινομένων
705 3184 1033 3238 ἐνδείκνυται
1054 3184 1115 3237 τὸ
1136 3183 1230 3236 τοῦ
1256 3182 1591 3251 Μονογενοῦς
1617 3198 1816 3252 σημαι-

215 3283 484 3349 νόμενον,
532 3276 684 3330 οὐδὲν
708 3274 817 3330 τῶν
857 3275 984 3344 περὶ
1014 3275 1112 3346 τὴν
1139 3276 1287 3329 κάτω
1313 3273 1565 3346 γέννησιν
1604 3273 1819 3345 ὁρωμέ-

222 3389 367 3437 νων,
422 3370 518 3425 καὶ
557 3370 650 3422 ἐπὶ
690 3370 788 3439 τῆς
834 3369 899 3422 ὲκ
947 3367 1040 3420 τοῦ
1080 3367 1290 3437 Πωτρὸς
1340 3367 1687 3431 ὑποστάσεως
1722 3366 1816 3419 τοῦ

229 3461 370 3516 Υἰοῦ
400 3458 634 3515 νοεῖσθαι
659 3456 1079 3528 καταδεξόμεθα.
1125 3456 1284 3511 Ἀ).λά
1313 3456 1417 3528 μήν
1444 3455 1572 3511 ἴδιον
1601 3457 1817 3511 πάντων

233 3552 352 3607 τῶν
393 3550 484 3606 διὰ
530 3551 834 3621 γεννήσεως
865 3550 1282 3618 ὑφεστηκότων,
1331 3548 1391 3602 τὸ
1426 3549 1502 3620 μὴ
1534 3545 1671 3601 εἶναι
1712 3547 1818 3619 πρὸ

226 3645 334 3717 τῆς
368 3659 672 3714 γεννήσεως
741 3640 1016 3712 ἀλλότριον
1062 3640 1172 3711 ἄρα
1209 3639 1366 3693 τοῦτο
1396 3639 1495 3710 τῆς
1518 3640 1611 3693 τοῦ
1644 3640 1816 3694 Μονο-

228 3733 428 3803 γενοῢς
476 3732 766 3803 ἰδιότητος,
795 3723 840 3800 ᾧ
888 3730 1054 3801 μηδὲν
1109 3731 1202 3785 τοῦ
1245 3731 1447 3802 τρόπου
1488 3731 1588 3800 τῆς
1633 3729 1819 3799 κοινῆς

230 3821 547 3893 γεννήσεως
577 3820 749 3884 εἴδους
788 3820 851 3873 τὸ
881 3818 1294 3890 πεπλανημένον
1330 3819 1609 3890 προσεῖναι
1652 3821 1685 3891 ή
1720 3818 1816 3872 τοῦ

230 3912 578 3983 Μονογενοῦς
627 3911 909 3981 ἐπωνυμία
957 3908 1308 3981 μαρτύρεται.
1363 3907 1570 3963 Οὐκοῦν
1619 3926 1817 3963 πιστω-

232 4006 391 4075 θήτω
415 4006 446 4057 6
474 4003 655 4066 ὑλικὸς
685 3996 837 4064 οὗτος
868 4002 963 4055 καὶ
990 4003 1056 4071 τῇ
1093 3999 1339 4071 αἰσθήσει
1374 3999 1552 4069 φίλος,
1596 3996 1685 4051 διὰ
1722 3997 1816 4049 τοῦ

230 4100 429 4168 ἑτέρου
475 4097 576 4168 τῆς
619 4096 920 4167 γεννήσεως
962 4094 1135 4157 εἴδους
1161 4092 1224 4146 τὸ
1260 4089 1672 4161 πεπλανημένον
1709 4088 1818 4142 τῶν

230 4180 562 4259 ὥτολήψεων
599 4185 763 4240 αὑτοῦ
810 4184 1222 4258 διορθώσασθαι.
1284 4183 1422 4236 Ἀλλ’
1467 4183 1599 4245 ἴσως
1644 4183 1816 4251 ἐρεῖς,

231 4277 365 4329 ὅταν
412 4273 757 4344 ἀπαύγασμα
802 4272 959 4343 δόξης
991 4272 1085 4325 καὶ
1125 4270 1300 4343 ὀσμήν
1343 4269 1516 4341 μύρου
1555 4268 1815 4342 ἀκούσῃς,

232 4364 315 4420 δτι
340 4364 449 4418 οὐκ
472 4357 543 4434 ἦν
574 4361 634 4414 τὸ
667 4360 1008 4430 ἀπαύγασμα
1044 4359 1149 4431 πρὸ
1176 4361 1274 4430 τῆς
1309 4357 1441 4422 ἰδίας
1475 4357 1776 4428 γεννήσεως
1800 4372 1813 4386 ⁸

1843 3141 1886 3199 C

1917 1908 2125 1962 nullam
2167 1907 2331 1962 habet
2366 1921 2595 1977 prorsus
2623 1905 3089 1967 communionem,
3130 1910 3186 1957 ct
3223 1902 3369 1972 quod
3423 1902 3499 1956 ab

1916 2014 1980 2054 ea
2012 1998 2363 2068 peculiariter
2388 2006 2661 2052 secretum
2694 2004 2780 2053 est
2814 1994 3174 2065 signiﬁcatur.
3207 1992 3497 2059 Quomodo

1916 2092 2062 2146 enim
2100 2090 2264 2146 fuerit
2301 2089 2644 2162 Unigenitus,
2666 2090 2712 2146 si
2745 2089 2859 2144 haec
2888 2089 3006 2159 ipsa
3036 2085 3314 2159 generatio
3336 2099 3492 2140 com-

1918 2181 2229 2236 munionem
2258 2182 2558 2238 secundum
2585 2181 3039 2253 signiﬁcationem
3064 2187 3119 2236 et
3138 2178 3481 2234 identitatem

1918 2286 2043 2325 cum
2079 2272 2185 2326 alia
2243 2274 2593 2344 generatione
2649 2271 2850 2327 habet?
2905 2271 3094 2326 Solum
3149 2270 3295 2324 enim
3344 2269 3491 2340 quod

1917 2363 2179 2418 eximium
2213 2370 2268 2417 et
2326 2362 2661 2433 praecipuum
2698 2362 2752 2416 in
2786 2361 2906 2431 ipso
2937 2359 3260 2430 intelligitur
3285 2401 3299 2424 ,
3344 2359 3492 2429 quod

1918 2470 2027 2509 non
2054 2455 2109 2509 in
2141 2454 2245 2509 alia
2270 2453 2619 2524 generatione
2638 2452 3008 2523 cognoscitur,
3041 2451 3257 2522 proprie
3283 2458 3339 2506 et
3358 2465 3493 2506 con-

1919 2558 2177 2619 gruenter
2214 2547 2491 2619 Unigeniti
2538 2546 2761 2601 nomine
2808 2544 3197 2615 signiﬁcatur:
3235 2544 3307 2598 ita
3350 2551 3407 2597 ut
3442 2545 3492 2599 si

1919 2640 2053 2711 quid
2081 2655 2146 2695 ex
2178 2639 2250 2695 iis
2287 2653 2409 2709 quae
2447 2639 2648 2693 intima:
2676 2635 3014 2707 generationi
3061 2635 3394 2691 conveniunt
3434 2632 3491 2688 in

1917 2734 2039 2803 ipso
2072 2739 2370 2801 spectetur,
2396 2743 2504 2784 non
2536 2728 2771 2798 amplius
2803 2728 2877 2782 sit
2925 2726 3268 2797 Unigenitus,
3306 2733 3495 2796 utpote

1917 2822 2011 2894 qui
2037 2820 2311 2892 aliquibus
2339 2817 2712 2891 generationis
2741 2816 3165 2887 proprietatibus
3202 2832 3325 2872 cum
3365 2815 3494 2871 reli-

1918 2912 2046 2983 quis
2074 2911 2275 2982 genitis
2303 2908 2668 2966 communicet
2694 2925 2709 2962 :
2739 2907 2786 2964 si
2817 2907 2961 2964 enim
2994 2905 3181 2961 eadem
3223 2906 3278 2961 in
3311 2921 3378 2961 eo
3411 2906 3492 2959 δίο

1917 3012 2193 3069 cerentur,
2244 3017 2365 3074 qua:
2402 3001 2456 3056 in
2496 3000 2618 3057 aliis
2688 3015 2810 3071 quae
2854 3014 2949 3070 per
2980 2997 3386 3070 generationem
3436 2997 3493 3051 in

1918 3111 2103 3151 rerum
2133 3106 2326 3150 natura
2347 3094 2638 3164 prodeunt,
2669 3092 2737 3148 ad
2773 3090 3072 3147 fraternam
3113 3090 3352 3159 aliquam
3404 3105 3493 3144 re-

1926 3187 2181 3242 lationem
2212 3184 2490 3256 Unigeniti
2537 3182 2902 3254 signiﬁcatum
2930 3194 3112 3237 sermo
3140 3177 3489 3235 transferret.

1918 3275 2098 3343 Quare
2149 3274 2198 3330 si
2245 3274 2394 3345 quod
2444 3287 2569 3328 cum
2620 3271 2741 3327 aliis
2786 3286 2909 3342 qua:
2937 3275 3286 3340 generantur,
3318 3283 3494 3337 neque

1917 3366 2251 3429 mistioncm,
2280 3378 2456 3434 neque
2482 3361 2922 3419 communionem
2956 3360 3180 3431 patitur,
3220 3356 3494 3429 Unigeniti

1919 3455 2283 3528 signiﬁcatum
2301 3454 2566 3521 ostendit,
2595 3452 2728 3507 nihil
2757 3459 2907 3508 certe
2936 3466 3125 3507 eorum
3152 3465 3274 3521 qua:
3301 3450 3356 3504 in
3385 3448 3493 3503 ima

1915 3547 2263 3617 generatione
2310 3553 2631 3611 cernuntur,
2673 3545 2728 3600 in
2765 3544 3042 3617 hypostasi
3072 3541 3230 3610 Filii,
3263 3557 3388 3613 quae
3424 3556 3493 3598 ex

1917 3637 2078 3695 Patre
2110 3646 2230 3703 est,
2283 3638 2514 3709 intelligi
2561 3637 2935 3693 admittemus.
2982 3635 3149 3706 Atqui
3211 3634 3493 3705 proprium

1916 3740 2000 3787 est
2033 3730 2278 3786 omnium
2310 3745 2432 3800 qua:
2457 3745 2551 3800 per
2577 3728 2980 3800 generationem
3006 3727 3338 3791 subsistunt,
3370 3736 3497 3781 ante

1918 3822 2322 3892 generationem
2382 3836 2489 3875 non
2545 3835 2707 3878 esse:
2758 3819 2862 3876 hoc
2910 3819 3076 3890 igitur
3132 3818 3370 3872 alienum
3424 3818 3495 3872 ab

1922 3911 2201 3984 Unigeniti
2236 3911 2590 3983 praprietatc,
2613 3912 2701 3968 cui
2732 3912 2868 3966 nihil
2897 3924 3090 3982 vagum
3123 3918 3178 3964 et
3202 3923 3491 3965 erroneum

1918 4006 1972 4060 in
2026 4004 2135 4060 ulla
2186 4002 2492 4061 communis
2558 4002 2929 4074 generationis
2988 4000 3173 4071 specie
3219 4008 3274 4056 et
3331 3997 3495 4053 modo

1918 4096 2108 4152 adesse
2142 4104 2196 4151 et
2230 4102 2539 4165 competere
2567 4093 2851 4164 Unigeniti
2904 4092 3196 4162 appellatio
3237 4098 3491 4148 testatur.

1918 4188 2058 4259 Ergo
2093 4189 2195 4244 iste
2240 4186 2537 4241 materialis
2578 4194 2632 4240 et
2676 4184 2860 4240 sensui
2909 4184 3117 4239 amicus
3144 4182 3338 4238 doctor
3367 4198 3492 4253 per-

1919 4281 2235 4343 suadeatur,
2270 4294 2365 4349 per
2393 4278 2556 4331 aliam
2595 4276 2963 4347 generationis
2993 4277 3226 4347 speciem
3270 4289 3492 4332 suarum

1917 4371 2235 4441 Opinionum
2288 4383 2484 4439 vagum
2538 4383 2781 4424 errorem
2831 4366 3143 4425 emendare.
3197 4368 3304 4425 Sed
3356 4369 3496 4425 forte

228 4456 348 4511 ἀλλ’
393 4456 527 4510 ὅταν
554 4452 711 4507 τοῦτο
737 4453 895 4525 εἴπῃς
914 4492 929 4516 ,
959 4451 1109 4506 οὐδὲν
1138 4451 1236 4524 τήν
1258 4449 1415 4519 δόξαν
1442 4450 1655 4513 πάντως
1678 4444 1817 4502 εἶναι

1918 4465 2089 4526 dices,
2114 4476 2237 4517 cum
2269 4460 2614 4531 splendorem
2648 4460 2834 4530 gloria
2862 4475 2917 4517 et
2952 4461 3214 4530 unguenti
3267 4459 3490 4517 odorem

228 4549 462 4612 ὤμους’
495 4545 618 4602 οὔτε
644 4546 705 4600 τὸ
743 4545 935 4617 μύρον,
965 4546 1026 4607 οὑ
1059 4543 1165 4615 γὰρ
1202 4543 1379 4597 ἔστιν·
1414 4543 1447 4615 ἢ
1488 4543 1693 4615 τυφλὴν
1729 4541 1815 4613 ἐφ’

228 4641 440 4712 ἑαυτῆς
472 4640 568 4694 καὶ
596 4638 823 4710 ἀλαμπῆ
848 4655 975 4692 ποτε
1006 4637 1322 4709 νομισθῆναι
1355 4638 1453 4702 τὴν
1476 4637 1631 4704 δόξαν
1653 4632 1814 4700 εἶναι,

229 4735 265 4805 ῆ
302 4733 367 4786 τὸ
400 4730 577 4803 μύρον
607 4732 705 4802 τῆς
744 4730 998 4794 εὐπνοίας
1029 4730 1241 4798 ἄγονον.
1272 4731 1427 4786 Ὥστε
1457 4730 1506 4782 εἰ
1544 4728 1604 4783 τὸ
1635 4726 1817 4783 ἀπαύ-

231 4841 426 4895 γασμα
445 4823 548 4877 οὑκ
569 4819 657 4894 ἦν,
683 4822 803 4877 οὐδὲ
834 4824 867 4893 ἡ
897 4822 1024 4886 δόξα
1040 4817 1109 4893 ἦν
1134 4821 1369 4885 πάντως.
1398 4822 1505 4876 Καὶ
1523 4821 1621 4893 τῆς
1640 4821 1816 4892 ὀσμῆς

230 4916 335 4969 οὐκ
363 4912 559 4984 οὔσης,
593 4913 655 4967 τὸ
685 4913 817 4985 μηδὲ
846 4914 908 4966 τὸ
934 4911 1103 4984 μύρον
1133 4907 1272 4964 εἶναι
1308 4909 1721 4981 συναπεδείχθη.
1752 4911 1817 4963 Εἰ

228 5008 288 5061 δὲ
319 5005 485 5076 φοδεί
507 5022 630 5059 τινα
655 5004 829 5059 ταῦτα
855 5004 1003 5074 παρά
1024 5004 1122 5074 τῆς
1153 5001 1373 5074 Γραφνῆς
1401 5000 1819 5071 παραληφθέντα

231 5102 305 5154 τὰ
340 5097 740 5169 ὑποδείγματα,
788 5097 864 5160 ὡς
900 5096 1001 5150 οὐκ
1038 5094 1280 5165 ἀκριϐῶς
1314 5093 1376 5147 τὸ
1411 5092 1694 5163 μεγαλεῖον
1722 5094 1816 5145 τοῦ

232 5188 581 5258 Μονογενοῦς
617 5186 985 5259 παριστῶντα,
1019 5185 1106 5240 διὰ
1135 5185 1194 5239 τὸ
1228 5184 1302 5256 μὴ
1334 5182 1529 5238 ταύτὸν
1563 5179 1701 5236 εἶναι
1740 5180 1819 5253 τῷ

236 5281 589 5351 ὑτωκειμινῳ
612 5280 752 5334 κατά
777 5280 876 5349 τὴν
905 5278 1111 5343 οὐσίαν,
1144 5277 1178 5349 ἢ
1208 5277 1299 5330 τὸν
1337 5276 1507 5347 ἀτμὸν
1536 5273 1611 5345 τῷ
1639 5274 1816 5346 μύρῳ,

234 5373 269 5445 ἢ
289 5373 393 5444 τὴν
419 5375 619 5427 ἀκτῖνα
642 5370 715 5442 τῷ
747 5370 900 5442 ήλίῳ,
919 5372 949 5425 6
975 5369 1227 5441 ἀληθινὸς
1241 5370 1410 5438 Λόγος
1433 5366 1819 5438 διορθωσάσθω

234 5463 329 5519 τὸν
346 5462 534 5533 φόδον,
558 5463 589 5515 6
618 5464 676 5517 ἰν
702 5466 766 5534 τῇ
787 5465 931 5535 ἀρχῇ
955 5462 1051 5527 ὢν,
1085 5464 1179 5517 καὶ
1210 5462 1382 5516 πάντα
1409 5459 1506 5526 ὢν,
1539 5461 1639 5514 ὅσα
1673 5460 1819 5513 ἐστὶν

238 5558 467 5633 ἡάρχὴ,
518 5555 614 5609 καὶ
653 5554 744 5609 τοῦ
771 5556 969 5621 παντὸς
1016 5554 1403 5627 προῦπάρχων,
1456 5552 1625 5617 οὑτως
1657 5553 1715 5605 ἐν
1743 5550 1819 5621 τῷ

235 5647 559 5718 κηρύγματι
580 5646 671 5701 τοῦ
706 5647 951 5702 Ἰωάννου
974 5646 1285 5718 βοήσαντος,
1308 5647 1389 5699 ὅτι
1414 5646 1523 5701 Καὶ
1545 5647 1693 5715 πρὸς
1714 5646 1819 5700 τὸν

1916 4551 2096 4613 audis.
2128 4550 2272 4622 quod
2299 4564 2406 4605 non
2437 4559 2555 4605 erat
2586 4550 2843 4621 splendor
2871 4559 3000 4606 ante
3023 4552 3293 4622 propriam
3329 4567 3492 4621 gene-

1916 4648 2213 4711 rationem;
2243 4643 2338 4700 sed
2378 4659 2503 4698 cum
2536 4642 2640 4699 huc
2669 4643 2899 4710 dixeris,
2934 4643 3070 4699 nihil
3101 4657 3328 4714 prorsus
3371 4657 3495 4697 esse

1916 4735 2145 4808 gloriam
2179 4733 2339 4791 dabis
2371 4775 2386 4799 ,
2420 4749 2598 4805 neque
2627 4742 2985 4804 unguentum,
3036 4749 3143 4788 non
3185 4733 3329 4789 enim
3361 4742 3446 4788 cst
3478 4752 3491 4788 :

1916 4834 1999 4889 vel
2030 4845 2231 4887 ctccam
2266 4829 2321 4885 in
2368 4828 2552 4900 seipsa
2597 4835 2649 4884 et
2702 4827 2822 4883 luce
2874 4834 3152 4883 carentem
3199 4824 3496 4896 aliquando

1918 4923 2090 4980 fuisse
2124 4921 2352 4989 gloriam
2374 4917 2822 4988 existimandum,
2844 4920 2928 4975 vel
2951 4929 3282 4990 unguentum
3308 4917 3495 4975 suavis

1915 5014 2309 5086 exspirationis
2355 5012 2561 5070 sterile.
2611 5010 2793 5079 Quare
2831 5011 2879 5067 si
2928 5010 3189 5081 splendor
3213 5026 3322 5066 non
3352 5019 3494 5077 erat,

1918 5121 2094 5177 neque
2112 5106 2285 5177 gloria
2313 5112 2433 5161 erat
2457 5104 2704 5159 omnino.
2731 5104 2862 5160 Etsi
2889 5102 3027 5159 odor
3051 5119 3159 5158 non
3187 5112 3292 5167 est,
3317 5116 3497 5171 neque

1920 5202 2259 5267 unguentum
2282 5208 2406 5250 esse
2439 5209 2587 5249 nunc
2620 5193 3051 5249 demonstratum
3091 5200 3195 5247 ost.
3244 5190 3400 5258 Quod
3444 5190 3493 5248 si

1917 5293 2125 5340 terrent
2166 5284 2407 5355 aliquem
2449 5283 2568 5339 haec
2594 5299 2716 5355 qua:
2743 5297 2776 5337 a
2816 5281 3099 5354 Scriptura
3138 5292 3495 5338 assumuntur

1916 5378 2183 5446 exempla,
2223 5382 2284 5429 ut
2325 5391 2433 5430 non
2477 5384 2669 5430 exacte
2719 5372 2994 5445 Unigeniti
3038 5373 3493 5443 magniﬁcentiam

1915 5464 2299 5535 exprimentia,
2332 5465 2461 5536 quia
2491 5480 2599 5521 non
2634 5465 2776 5520 idem
2825 5465 2896 5521 sit
2930 5480 3054 5520 cum
3108 5464 3361 5533 subjecto
3405 5480 3494 5522 se-

1915 5559 2156 5612 cundum
2203 5556 2610 5621 substantiam,
2658 5556 2744 5612 vel
2772 5556 2972 5613 halitus
3013 5571 3137 5612 cmn
3194 5566 3493 5628 unguento.

1918 5651 1998 5705 ναι
2031 5647 2220 5706 radius
2242 5664 2364 5706 cum
2392 5648 2528 5715 sole,
2560 5663 2723 5705 verus
2755 5662 2936 5704 sermo
2963 5657 3163 5704 metum
3216 5648 3338 5719 ejus
3374 5648 3493 5705 exi-

224 5736 381 5792 θεὸν
411 5732 493 5813 ἦν
518 5743 777 5811 ὀΔόγος,
801 5740 895 5795 καὶ
927 5739 1067 5808 Θεὸς
1086 5736 1164 5812 ἦν
1189 5742 1220 5795 ό
1248 5742 1455 5811 Λόγος.
1481 5741 1543 5797 EI
1566 5737 1658 5796 οὖν
1685 5740 1815 5806 Θεὸς

1919 5749 2048 5807 mat,
2075 5740 2171 5811 qui
2197 5742 2348 5807 dicit.
2384 5738 2529 5812 quod
2556 5750 2676 5799 erat
2703 5741 2759 5798 in
2789 5739 3079 5814 principio,
3110 5750 3164 5798 et
3202 5739 3348 5812 quod
3369 5754 3487 5796 om-
