4002 6218
470 348 583 405 787
1708 356 1765 412 S.
1802 356 2127 414 CREGORII
2163 360 2457 419 NYSSENl
3611 368 3709 423 788

475 473 566 528 nia
599 480 702 537 est,
734 488 1072 545 quaecunque
1110 482 1193 530 est
1244 472 1571 547 principium
1628 485 1681 532 et
1722 478 1866 549 quod
1916 488 2040 536 ante

2175 483 2242 537 ιὲν
2267 495 2294 536 ο
2328 482 2532 555 Πατὴρ,
2567 481 2703 547 Θεὸς
2729 482 2782 536 δὲ
2815 484 2909 537 καὶ
2938 486 2964 537 6
2993 485 3147 549 Υἱός
3180 485 3262 549 τίς
3292 486 3369 539 ἔτι
3396 487 3707 542 καταλείπε-

475 565 657 618 omnia
688 565 1034 634 prteexsistit,
1067 566 1370 636 praesertim
1392 582 1513 621 cum
1543 566 1782 625 Joannes
1816 569 1869 624 in
1905 587 2043 641 prae-

2175 594 2234 631 at
2264 576 2399 647 πρὸς
2426 578 2523 646 τὴν
2551 577 2751 649 ἀκριϐῆ
2775 578 2868 631 τοῦ
2892 577 3225 647 Μονογενοῦς
3249 579 3523 647 θεολογίαν
3554 582 3717 652 ἀμφι-

474 658 636 709 conio
686 670 788 709 suo
824 656 1167 725 vociferetur,
1199 657 1343 728 quod
1398 657 1465 711 Et
1520 661 1662 729 apud
1715 660 1883 715 Deum
1929 673 2042 718 erat

2175 667 2331 732 ῖολία,
2368 668 2491 721 ὅταν
2547 671 2613 740 τῇ
2665 669 2761 739 μὲν
2789 668 2880 722 τοῦ
2921 669 3048 722 Υἱοῦ
3081 671 3323 741 σημασία
3352 671 3413 724 τὸ
3450 671 3592 725 κατά
3622 672 3716 742 φύ-

486 745 728 813 Verbum,
757 757 805 801 et
835 748 969 804 Deus
998 760 1111 804 erat
1155 751 1399 806 Verbum.
1445 752 1501 807 Si
1548 754 1714 824 igitur
1753 754 1916 811 Pater
1961 764 2045 812 est

2175 775 2236 811 rw
2268 759 2461 811 οίκετον
2486 757 2831 829 γνωρίζεται,
2861 759 2935 830 τῷ
2960 760 3016 812 δὲ
3048 761 3441 831 ἀπαυγάσματι
3469 762 3532 815 τὸ
3561 780 3717 817 συνα-

476 839 641 903 Deus,
660 849 713 893 et
736 838 877 895 Deus
895 850 978 895 est
999 843 1160 897 etiam
1194 842 1385 906 Filius,
1423 859 1669 913 quaenam
1702 845 1768 900 ad
1797 855 2044 902 exactam

2175 849 2251 915 pé;
2278 865 2337 901 τε
2377 849 2469 901 καὶ
2501 849 2849 914 ἀδιάστατον,
2895 852 2958 922 τῇ
2996 851 3052 904 δὲ
3083 850 3174 904 τοῦ
3214 851 3348 904 Θεοῦ
3382 854 3719 925 προσηγορίᾳ

480 927 548 982 de
580 928 870 1000 Unigenito
900 931 1226 1003 theologiam
1271 934 1597 1005 relinquitur
1629 936 1912 992 dubitandi
1960 953 2047 992 ra-

2175 939 2290 993 ιατά
2322 939 2383 992 τὺ
2407 936 2520 993 ἴσον
2558 941 2947 1015 ἐφηρμοσμένῃ
2976 942 3145 1011 Πατρί
3174 959 3233 995 τε
3261 943 3353 995 καὶ
3379 942 3515 1013 Υἰῷ,
3548 944 3607 996 τὸ
3636 944 3722 997 διὰ

474 1022 573 1085 tio,
636 1037 758 1075 cum
787 1022 910 1078 Filii
942 1025 1338 1095 signiﬁcatione
1376 1029 1679 1098 proprietas
1709 1038 1919 1086 natura:
1948 1048 2047 1087 no—

2175 1032 2367 1086 ιάντων
2393 1034 2684 1103 ὁμότιμον;
2715 1034 2774 1086 '0
2803 1034 2861 1087 δὲ
2891 1033 3173 1106 χαρακτὴρ
3205 1035 3352 1107 πάσῃ
3382 1039 3447 1107 τῇ
3482 1037 3720 1090 ὑποστά-

476 1112 746 1178 tiﬁcetur,
783 1130 879 1185 per
914 1116 1254 1184 splendorem
1288 1134 1437 1185 vero,
1477 1120 1608 1173 unio
1637 1129 1690 1177 et
1730 1122 2046 1191 conjunctio

2175 1140 2233 1177 re:
2282 1123 2376 1177 τοῦ
2431 1125 2642 1196 Πατρὸς
2689 1125 3125 1197 ὲπιθεωρουμένῃ
3200 1126 3261 1179 τὸ
3300 1127 3585 1192 ἀνελλιπὲς
3629 1130 3720 1183 τοῦ

478 1204 642 1257 nullis
697 1205 996 1260 intervallis
1049 1205 1243 1261 dissita
1300 1208 1656 1279 significetur,
1726 1209 1817 1266 Dei
1867 1220 2046 1267 autem

2175 1215 2281 1269 δίου
2324 1215 2584 1286 μεγέθους
2619 1217 2982 1287 διασημαίνει,
3023 1217 3180 1289 καὶὴ
3226 1219 3414 1290 μορφὴ⁵
3450 1220 3544 1272 τοῦ
3586 1220 3722 1274 Θεοῦ

478 1293 772 1362 appellatio
801 1309 923 1363 quae
956 1294 1101 1348 Patri
1133 1303 1187 1349 et
1221 1294 1357 1350 Filio
1408 1299 1689 1369 mqualiter
1739 1315 2047 1357 accommo-

2175 1305 2249 1376 ῖὴν
2297 1306 2385 1360 διὰ
2430 1308 2643 1361 πάντων
2682 1306 3017 1378 καταμηνύει
3061 1308 3393 1380 ταυτότητα,
3430 1309 3508 1379 τῷ
3549 1309 3723 1364 πάντα

476 1383 657 1446 datur,
688 1382 911 1439 honoris
945 1399 1043 1455 per
1062 1385 1244 1440 omnia
1272 1387 1631 1455 aequalitatem
1656 1390 1884 1445 indicet?
1904 1391 2047 1446 Cha-

2175 1396 2411 1450 ἱεικνύειν
2452 1398 2535 1467 ἐφ’
2592 1398 2790 1468 ἑαυτῆς
2814 1398 2880 1451 δι’
2905 1392 3032 1469 ὦνή
3064 1398 3209 1463 θέσις
3237 1400 3722 1471 χαρακτηρίζεται.

478 1482 658 1529 racter
694 1489 822 1531 vero
862 1475 975 1529 sive
1009 1475 1175 1546 ﬁgura
1224 1477 1405 1531 omnis
1458 1480 1779 1533 substantia
1828 1497 1949 1551 qua:
1998 1484 2051 1537 in
2091 1483 2251 1542 Patre
2316 1487 2731 1549 consideratur,
2801 1487 3093 1558 perlectam
3140 1488 3530 1559 plenitudinem
3595 1505 3725 1560 pro-

476 1566 609 1633 priae
641 1567 1032 1637 magnitudinis
1060 1567 1276 1636 penitus
1310 1569 1603 1640 significat,
1649 1581 1702 1626 et
1737 1569 1914 1627 forma
1953 1574 2043 1630 Dei
2120 1591 2215 1645 per
2293 1579 2479 1632 omnia
2531 1578 2771 1634 ostendit
2823 1577 3199 1643 identitatem,
3255 1579 3435 1632 omnia
3497 1579 3727 1634 demon-

479 1660 703 1714 strando
738 1661 791 1714 in
825 1661 1008 1731 seipso
1038 1677 1131 1731 per
1161 1677 1282 1731 quae
1319 1664 1519 1733 positio
1557 1663 1845 1734 ﬁguratur.
2318 1684 2336 1721 δ

550 1752 762 1807 Rursus
797 1752 961 1821 igitur
1020 1768 1386 1824 proponamus
1431 1754 1684 1809 Eunomii
1723 1772 2049 1811 sermonem.

2234 1757 2400 1813 Πάλιν
2436 1760 2616 1815 τοίνυν
2673 1756 2960 1835 προθῶμεν
3026 1756 3119 1809 τοῦ
3146 1757 3404 1827 Εὑνομίου
3428 1757 3517 1810 τὸν
3543 1757 3725 1826 λόγον.

480 1840 604 1896 Νοη
633 1851 767 1906 erat,
802 1842 998 1912 inquit,
1037 1851 1159 1896 ante
1191 1844 1458 1912 propriam
1487 1846 1889 1914 generationem.
1916 1847 2048 1911 Quis

476 1936 567 1990 hic
592 1942 695 2000 est,
732 1951 892 2005 quem
927 1949 1035 1989 non
1070 1950 1193 1991 esse
1218 1936 1507 1989 autumat?
1534 1934 1841 1991 Recenseat
1863 1936 2048 1990 divina
2072 1986 2079 1993 .

479 2026 723 2091 nomina,
760 2025 961 2095 quibus
997 2025 1084 2080 ille
1121 2026 1213 2096 qui
1248 2041 1311 2080 ex
1346 2027 1598 2081 Eunomii
1646 2027 1904 2097 opinione
1953 2026 2053 2081 ali-

479 2116 697 2190 quando
745 2131 852 2170 non
901 2125 1056 2181 erat,
1095 2118 1430 2172 nominatur.
1473 2117 1624 2172 Dicet
1660 2135 1791 2189 ergo
1839 2118 2051 2184 lucem,

479 2206 893 2268 beatitudinem,
917 2206 1193 2275 vitamque
1245 2215 1300 2262 et
1341 2207 1909 2279 incorruptibilitatem
1936 2248 1950 2273 ,
2000 2217 2055 2264 et

483 2297 757 2366 justitiam
790 2305 844 2353 et
883 2298 1400 2363 sanctiﬁcationem,
1442 2305 1495 2354 et
1528 2299 1782 2354 virtutem
1827 2307 1880 2355 et
1916 2301 2054 2355 veri-

482 2398 675 2453 tatem,
706 2400 759 2444 et
788 2404 908 2459 quae
933 2397 1061 2444 sunt
1093 2389 1387 2459 ejusmodi.
1412 2388 1516 2446 Iste
1541 2392 1702 2460 igitur
1722 2393 1812 2461 qui
1837 2392 1912 2445 ait
1932 2404 2055 2448 ante

481 2481 889 2550 generationem
928 2482 1102 2551 ipsum
1152 2496 1261 2536 non
1309 2480 1497 2546 fuisse,
1530 2482 1705 2552 palam
1738 2483 1926 2553 procul
1964 2482 2056 2538 du-

485 2572 576 2627 hio
616 2572 835 2635 clamat,
868 2571 1013 2642 quod
1044 2587 1151 2626 non
1188 2580 1306 2628 erat
1335 2573 1558 2637 veritas,
1587 2574 1806 2643 quando
1839 2575 1928 2630 ille
1948 2589 2055 2629 non

486 2671 625 2725 erat,
667 2677 776 2717 non
811 2671 929 2718 erat
964 2664 1095 2726 vita,
1138 2677 1244 2716 nou
1279 2671 1395 2717 erat
1424 2664 1537 2727 lux,
1576 2679 1682 2717 non
1712 2674 1829 2719 erat
1878 2665 2059 2733 incor-

487 2755 843 2827 ruptibilitas,
877 2770 984 2809 non
1021 2754 1165 2808 aliud
1191 2754 1486 2824 quidquam
1511 2770 1698 2809 eorum
1729 2771 1850 2826 qum
1872 2757 1926 2811 in
1951 2756 2059 2811 Deo

486 2847 888 2917 intelliguntur.
922 2846 1186 2900 Prasterea
1219 2844 1363 2915 quod
1406 2854 1489 2899 est
1536 2846 1830 2903 absurdius
1898 2855 1951 2903 et
1992 2847 2058 2902 ad

491 2940 822 3010 impietatem
858 2939 1130 3001 acerbius,
1163 2951 1271 2991 non
1297 2944 1415 2991 erat
1447 2938 1738 3007 splendor,
1790 2954 1896 2994 non
1943 2948 2060 2996 erat

488 3030 796 3093 character,
852 3030 966 3084 sive
1011 3026 1200 3097 ﬁgura.
1253 3025 1388 3079 Dum
1438 3029 1580 3082 enim
1624 3027 1758 3082 dicit
1796 3045 1903 3083 non
1938 3046 2061 3086 esse

2159 1850 2277 1901 Οὐκ
2304 1843 2400 1918 ἦν,
2429 1849 2579 1917 φησι,
2614 1847 2726 1915 πρὸ
2759 1847 2863 1914 τῆς
2892 1848 3045 1912 ιδίας
3072 1846 3427 1916 γεννήσεως.
3455 1847 3550 1912 Τίς
3574 1840 3725 1914 οὗτος

2156 1939 2320 2001 ἐστιν,
2360 1939 2418 1991 ὃν
2451 1939 2551 1991 οὑκ
2584 1933 2720 1990 εἶναι
2751 1937 2933 2005 λέγεις
2963 1936 3182 1990 Είπίιτω
3219 1937 3288 1989 τὰ
3317 1938 3437 1990 θεῖα
3465 1937 3725 2007 ὀνύματα,

2156 2021 2236 2090 οἷς
2267 2028 2295 2079 6
2329 2027 2446 2080 κατ’
2474 2026 2735 2096 Εὐνόμιόν
2768 2043 2896 2079 ποτε
2931 2025 3003 2097 μὴ
3034 2026 3108 2078 ὢν
3141 2024 3478 2095 ὀνομάζεται.
3521 2026 3730 2079 Οὐκοῦν

2166 2118 2280 2187 φῶς
2315 2119 2429 2189 ἐρεῖ
2466 2119 2559 2171 καὶ
2588 2116 2982 2188 μακαριότητα,
3012 2115 3156 2186 ζωήν
3185 2133 3243 2168 τε
3275 2118 3367 2169 καὶ
3399 2116 3728 2188 ἀφθαρσίαν,

2160 2210 2253 2263 καὶ
2282 2209 2625 2279 δικαιοσύνην
2654 2210 2748 2263 καὶ
2778 2208 3065 2278 ἀγιασμὸν,
3101 2208 3196 2262 καὶ
3223 2208 3447 2278 δύναμιν
3481 2209 3577 2263 καὶ
3607 2209 3735 2279 ἀλή-

2162 2302 2332 2367 θειαν,
2376 2301 2467 2354 καὶ
2500 2300 2566 2353 τά
2598 2294 2839 2354 τοιαῦτα.
2880 2299 2938 2353 ’0
2958 2302 3136 2353 τοίνυν
3168 2298 3272 2371 πρὸ
3304 2298 3403 2367 τῆς
3427 2301 3734 2369 γεννήσεως

2160 2393 2332 2461 λέγων
2372 2391 2530 2445 αὑτὸν
2559 2390 2633 2462 μὴ
2663 2372 2822 2455 εῖναι,
2862 2389 3117 2461 ἄντικρυς
3145 2388 3314 2443 ταῦτα
3349 2389 3466 2460 βοᾷ,
3508 2390 3590 2443 ὅτι
3634 2390 3734 2442 ούκ

2159 2480 2226 2556 ἦν
2260 2482 2506 2555 ἀλήθεια,
2540 2483 2627 2537 ὅτε
2656 2483 2859 2546 ἐκεῖνος
2890 2482 2989 2537 οὑκ
3014 2478 3102 2553 ἦν,
3140 2481 3238 2534 οὑκ
3264 2475 3332 2552 ἦν
3360 2480 3495 2551 ζωὴ,
3529 2481 3629 2533 οὐκ
3666 2474 3735 2551 ἦν

2161 2573 2295 2642 φῶς,
2330 2573 2429 2626 οὑκ
2454 2568 2521 2643 ἦν
2548 2572 2793 2643 δύναμις,
2827 2572 2927 2625 οὑκ
2964 2567 3032 2642 ἦν
3062 2571 3336 2642 ἀερθαρσία
3356 2610 3370 2634 ,
3401 2571 3504 2623 οὑκ
3534 2569 3657 2623 ἀλλο
3680 2586 3734 2622 τι

2160 2661 2228 2736 ἦν
2266 2663 2374 2717 τῶν
2405 2666 2461 2717 ὲν
2488 2663 2608 2733 Θεῷ
2646 2662 2949 2733 νοουμένων
2973 2661 3150 2717 οὐδέν.
3183 2662 3293 2715 Καὶ
3329 2660 3389 2712 τὸ
3417 2660 3497 2713 ἔτι
3532 2659 3740 2713 τούτων

2164 2752 2633 2826 παραλογώτερον,
2670 2753 2763 2805 καὶ
2792 2753 2871 2816 είς
2911 2751 3165 2806 ἀσέϐειαν
3198 2750 3575 2822 χαλεπώτερον
3595 2791 3610 2815 ,
3637 2750 3740 2803 οὑκ

2163 2842 2230 2916 ἦν
2262 2844 2599 2915 ἀπαύγασμα
2623 2884 2639 2909 ,
2670 2844 2769 2898 οὐκ
2813 2839 2880 2915 ἦν
2925 2845 3228 2917 χαρακτήρ.
3286 2844 3373 2895 Ἐν
3407 2845 3514 2914 γὰρ
3546 2841 3624 2911 τῷ
3664 2840 3743 2912 μὴ

2166 2933 2302 2991 εἶναι
2339 2935 2519 3005 λέγειν
2548 2936 2908 3007 ἀπαύγασμα,
2939 2935 3000 2987 τὸ
3030 2935 3166 3007 μηδὲ
3194 2935 3291 3004 τὴν
3318 2935 3743 3002 ἀπαυγάξουσαν

2167 3026 2389 3099 δύναμιν
2414 3023 2550 3082 εἶναι
2572 3024 3137 3096 συγκατασκευάζεται
3154 3026 3386 3091 πάντως,
3405 3025 3520 3089 πῶς
3538 3026 3630 3078 ἐπὶ
3647 3024 3742 3078 τοῦ

489 3122 856 3191 splendorem,
900 3135 1007 3174 non
1044 3133 1166 3174 esse
1213 3132 1430 3188 quoque
1470 3120 1578 3172 vim
1623 3120 2058 3189 reSplendentem

2175 3118 2309 3172 κατὰ
2333 3119 2423 3173 τὸν
2452 3118 2640 3189 λύχνον
2668 3118 2812 3171 ἐστὶν
2847 3117 3259 3186 ὑποδείγματος.
3305 3116 3361 3170 ’0
3387 3115 3493 3189 γὰρ
3520 3116 3618 3182 τὴν
3642 3115 3746 3169 αὑ-

490 3227 720 3279 prorsus
745 3212 905 3267 simul
934 3212 1150 3275 astruit,
1172 3219 1230 3264 ut
1265 3210 1319 3264 in
1346 3210 1593 3279 exemplo
1618 3210 1853 3267 lucerna:
1882 3212 2065 3269 videre

2175 3210 2267 3282 γὴν
2304 3209 2398 3264 τοῦ
2433 3210 2623 3281 λύχνου
2669 3207 2837 3262 εἰπὼν
2892 3208 2950 3261 τδ
3009 3208 3100 3261 καὶ⁵
3136 3207 3371 3278 λάμπειν
3412 3207 3503 3259 τὸν
3546 3205 3743 3276 λύχνον

490 3315 595 3359 est.
632 3303 734 3369 Qui
785 3304 930 3358 enim
982 3304 1219 3357 lucerna:
1266 3302 1528 3371 fulgorem
1568 3302 1730 3369 dixit,
1784 3305 2063 3360 lucernam

490 3395 781 3465 splendere
808 3392 967 3447 simul
993 3393 1265 3456 ostendit;
1308 3400 1361 3447 et
1387 3391 1479 3462 qui
1516 3408 1621 3446 non
1654 3410 1775 3448 esse
1801 3393 2064 3464 fulgorem

494 3488 647 3551 dicit,
684 3486 918 3540 lucernae
943 3484 1185 3539 ardentis
1213 3483 1634 3539 exstinctionem
1668 3486 2064 3556 consigniﬁca-

494 3580 592 3632 vit.
625 3578 804 3645 Quare
829 3593 951 3633 cum
972 3576 1145 3634 Filius
1166 3595 1272 3633 non
1298 3593 1419 3633 esse
1448 3577 1671 3643 dicitur,
1701 3580 1860 3634 etiam
1889 3578 2067 3637 Patris

497 3686 607 3725 non
641 3670 962 3727 exsistentia
996 3670 1307 3725 necessaria
1350 3669 1740 3727 consecutione
1781 3674 2065 3726 astruitur.

498 3759 556 3814 Si
588 3761 732 3815 enim
766 3761 994 3815 alterum
1030 3762 1180 3817 alteri
1209 3760 1444 3816 cohaeret
1489 3760 1853 3828 continenter,
1885 3780 2072 3819 secun-

498 3853 629 3907 dum
659 3853 1021 3924 apostolicum
1050 3853 1424 3907 testimonium
1446 3892 1459 3915 ,
1490 3861 1543 3907 et
1579 3854 1835 3924 splendor
1864 3855 2067 3925 glorirc,

498 3954 554 3999 ct
584 3945 871 4000 character
902 3945 1246 4007 substantiae.
1284 3953 1338 4001 et
1368 3946 1635 4016 sapientia
1675 3946 1791 4012 Dei,
1816 3948 1906 4016 qui
1934 3948 2071 4003 alte-

501 4054 626 4092 rum
681 4038 1103 4108 conjunctorum
1159 4045 1319 4109 negat
1368 4054 1522 4099 esse.
1567 4039 1728 4093 unius
1766 4038 2073 4094 sublatione

501 4131 771 4200 reliquum
802 4128 1048 4184 funditus
1076 4131 1316 4185 sustulit.
1352 4129 1532 4196 Quare
1562 4130 1606 4185 si
1640 4145 1745 4183 non
1776 4137 1859 4185 est
1891 4130 2074 4199 splen-

502 4224 623 4287 dor,
658 4222 1022 4278 conﬁtendum
1055 4232 1159 4287 est,
1191 4238 1366 4293 neque.
1407 4213 1779 4293 Splendentem
1824 4231 2072 4299 naturam

503 4331 645 4378 esse,
692 4321 746 4369 et
772 4313 818 4369 si
846 4313 1137 4368 character
1156 4329 1263 4368 non
1291 4314 1563 4378 subsistit,
1590 4329 1764 4383 neque
1790 4312 2074 4383 figuratam

504 4421 628 4462 esse
661 4421 970 4476 personam.
1022 4404 1079 4459 Si
1134 4415 1393 4474 przcterea
1435 4420 1540 4458 non
1581 4413 1665 4459 est
1720 4405 1983 4474 Sapientia
2023 4410 2077 4458 et

2168 3299 2501 3366 συνεδείξατο
2524 3340 2537 3364 ,
2576 3300 2669 3352 καὶ
2711 3301 2739 3353 6
2786 3297 2859 3369 μὴ
2896 3292 3033 3351 εἶναι
3064 3295 3163 3367 τὴν
3227 3295 3399 3366 αὐγὴν
3432 3295 3606 3363 λέγων
3646 3295 3747 3365 τὴν

2169 3391 2351 3446 σϐέσιν
2387 3391 2480 3445 τοῦ
2524 3392 2844 3461 φωτίζοντος
2896 3390 3283 3459 συνεσήμανεν.
3335 3388 3498 3440 Ὥστε
3541 3388 3671 3441 ὅταν
3717 3390 3745 3441 6

2168 3483 2295 3545 Υἱὸς
2326 3481 2399 3553 μὴ
2440 3478 2576 3535 εἶναι
2604 3482 2847 3553 λέγηται,
2878 3483 2969 3535 καὶ
2997 3484 3030 3552 ἡ
3058 3481 3147 3535 τοῦ
3190 3480 3403 3549 Πατρὸς
3439 3478 3744 3550 ἁνυπαρξία

2170 3573 2287 3627 κατ’
2324 3572 2568 3643 ἀνάγκην
2593 3575 2655 3625 ὲκ
2689 3572 2780 3625 τοῦ
2816 3572 3107 3626 ἀκολούθου
3140 3568 3629 3634 κατασκευάζεται.
3682 3571 3744 3624 Ei

2169 3662 2274 3735 γάρ
2310 3663 2668 3733 συνημμένως
2698 3661 2877 3733 ἔχεται
2916 3662 3009 3716 τοῦ
3049 3662 3235 3733 ἑτέρου
3268 3662 3327 3715 τὸ
3354 3662 3562 3732 ἕτερον,
3607 3662 3744 3715 κατά

2170 3755 2268 3825 τὴν
2302 3753 2661 3825 ἀποστυλικὴν
2692 3754 3015 3826 μαρτυρίαν,
3051 3755 3143 3806 καὶ
3180 3754 3241 3806 τὸ
3279 3752 3622 3824 ἀπαύγασμα
3647 3753 3743 3821 τῆς

2171 3844 2347 3914 δόξης.
2375 3844 2469 3898 καὶ
2492 3846 2519 3897 6
2549 3844 2829 3914 χαρακτὴρ
2864 3840 2961 3913 τῆς
2992 3843 3359 3907 ὑποστάσεως,
3393 3844 3487 3895 καὶ
3524 3845 3557 3912 ἡ
3590 3841 3745 3909 σοφία

2172 3937 2265 3990 τοῦ
2296 3936 2453 4002 Θεοῦ,
2488 3939 2516 3989 6
2556 3936 2616 3988 τὸ
2642 3936 2826 4005 ἓτερον
2853 3934 2960 3987 τῶν
3004 3934 3360 4004 συνημμένων
3394 3934 3467 4004 μὴ
3504 3930 3744 3986 εἷναιλέ·

2173 4045 2304 4097 γων,
2336 4030 2403 4098 τῇ
2434 4026 2529 4079 τοῦ
2568 4024 2683 4089 ἐνὸς
2721 4024 2995 4095 ἀναιρέσει
3022 4023 3295 4077 συνανείλε
3327 4024 3545 4085 πάντως
3573 4024 3661 4077 καὶ
3686 4022 3743 4074 τδ

2174 4118 2517 4188 λειπόμενονο
2548 4115 2685 4169 ὥστε
2716 4114 2808 4167 τοῦ
2848 4115 3275 4184 ἀπαυγάσματος
3313 4111 3387 4183 μὴ
3416 4112 3587 4176 ὄντος,
3624 4113 3742 4181 ὀμο-

2175 4210 2445 4279 λογεῖσθαι
2481 4208 2556 4278 μὴ
2608 4202 2746 4260 εἶναι
2787 4206 2921 4276 μηδὲ
2951 4205 3049 4276 τὴν
3083 4200 3506 4272 ἀπαυγάζουσαν
3544 4202 3731 4270 φύσιν,

2177 4301 2271 4354 καὶ
2307 4299 2400 4353 τοῦ
2439 4300 2781 4371 χαρακτῆρος
2823 4298 2900 4369 μὴ
2946 4297 3288 4367 ὑφεστῶτος,
3329 4297 3465 4367 μηδὲ
3511 4295 3608 4366 τὴν
3652 4309 3745 4363 χα-

2182 4392 2648 4465 ρακτηριζομένην
2712 4388 2848 4443 εἶναι
2910 4390 3229 4453 ὑπόστασιν,
3296 4387 3489 4457 σοφίας
3548 4386 3603 4439 δὲ
3654 4389 3743 4437 καὶ

504 4498 685 4551 virtus
714 4496 828 4559 Dei,
866 4511 1040 4565 neque
1068 4495 1218 4549 illum
1249 4511 1370 4550 esse
1405 4510 1632 4564 prorsus
1664 4494 1940 4549 fatendum
1970 4502 2069 4557 est,

2178 4483 2457 4553 δυνάμεως
2484 4479 2619 4533 Θεοῦ
2653 4480 2726 4551 μὴ
2751 4477 2938 4549 οὔσης,
2972 4476 3105 4548 μηδὲ
3137 4478 3339 4529 ἐκεῖνον
3379 4475 3594 4537 πάντως
3617 4468 3745 4525 εἶναι

508 4588 601 4655 qui
633 4603 743 4643 non
772 4588 979 4657 absque
1006 4586 1274 4657 sapientia
1302 4594 1355 4642 et
1379 4586 1577 4641 virtute
1620 4588 1674 4640 in
1704 4588 1884 4655 seipso
1913 4586 2075 4640 intel-

509 4677 715 4746 ligitur.
751 4675 809 4731 Si
839 4676 1005 4749 igitur
1034 4692 1141 4732 non
1183 4685 1300 4732 erat
1348 4677 1659 4747 unigenitus
1698 4666 1859 4738 Deus,
1895 4676 2077 4746 prius-

511 4783 674 4836 quam
711 4767 884 4832 ﬁeret,
930 4769 1074 4822 sicut
1101 4768 1176 4821 ait
1219 4766 1542 4832 Eunomius,
1603 4766 1854 4821 Christus
1899 4774 2077 4821 autem

515 4858 609 4914 Dei
642 4865 726 4913 est
763 4858 938 4913 virtus
991 4866 1045 4913 et
1091 4857 1185 4913 Dei
1241 4858 1531 4929 sapientia,
1578 4863 1631 4911 et
1671 4856 1973 4922 character,
2026 4865 2081 4911 et

515 4946 772 5017 splendor
802 4966 816 5001 :
855 4948 1020 5018 igitur
1049 4963 1156 5003 non
1193 4958 1311 5004 erat
1345 4946 1566 5001 omnino
1600 4946 1777 5012 Pater,
1813 4946 1970 5016 cujus
1997 4946 2083 5000 Fi-

516 5042 623 5096 lius
646 5047 729 5096 est
756 5038 931 5094 virtus
963 5045 1016 5093 et
1051 5038 1339 5109 sapientia,
1388 5047 1443 5093 et
1473 5038 1779 5100 character,
1808 5045 1861 5091 et
1899 5038 2085 5106 splen-

518 5134 621 5187 dor
656 5148 669 5183 :
707 5132 856 5186 nullo
889 5131 1092 5201 quippe
1140 5129 1302 5185 modo
1356 5130 1482 5185 licet
1532 5130 1743 5184 ratione
1777 5130 2083 5198 complecti,

522 5239 699 5293 neque
728 5223 1091 5280 substantiam
1121 5224 1270 5279 nullo
1300 5225 1616 5278 charactere
1645 5221 1911 5291 signatam
1934 5264 1949 5288 ,
1987 5237 2084 5274 ne-

522 5332 630 5384 que
656 5317 884 5387 gloriam
920 5332 1040 5387 qua?
1063 5316 1180 5372 luce
1196 5324 1403 5381 careat,
1428 5331 1603 5386 neque
1623 5314 1790 5369 Deum
1820 5316 2087 5385 sapientia

525 5409 797 5473 m-batum,
822 5422 997 5478 neque
1020 5408 1266 5479 Opilicem
1300 5409 1506 5477 absque
1537 5423 1724 5471 manu,
1754 5423 1927 5478 neque
1953 5406 2090 5475 prin-

2183 4572 2577 4643 ὁμολογεῖσθαι,
2613 4571 2702 4623 τὸν
2733 4570 2852 4640 δίχα
2900 4568 3089 4635 σοφίας
3121 4584 3179 4618 τε
3225 4568 3319 4619 καὶ
3349 4566 3630 4636 δυνάμεως
3665 4563 3750 4630 ἐφ’

2185 4663 2375 4718 ἑαυτοῦ
2407 4661 2482 4734 μὴ
2510 4661 2815 4733 νοούμενον.
2842 4661 2902 4713 Εἰ
2924 4656 3014 4713 οῦν
3034 4660 3133 4712 οὑκ
3156 4655 3225 4729 ἦν
3247 4660 3275 4710 6
3306 4657 3598 4728 μονογενὴς
3624 4654 3749 4715 Θεὸς

2187 4756 2317 4826 πρὶν
2342 4753 2614 4824 γενέσθαι,
2648 4751 2826 4815 καθὼς
2855 4768 3016 4821 φησιν
3048 4750 3077 4802 6
3104 4749 3396 4819 Εὑνόμιοςο
3432 4746 3659 4819 Χριστὸς
3694 4743 3749 4795 δὲ

2187 4846 2321 4901 Θεοῦ
2374 4845 2601 4916 δύναμις
2654 4844 2747 4897 καὶ
2789 4843 2922 4896 Θεοῦ
2973 4842 3164 4911 σοφία,
3204 4841 3298 4894 καὶ
3333 4838 3619 4910 χαρακτὴρ
3658 4831 3749 4886 καὶ

2189 4938 2545 5007 ἀπαύγασμα·
2573 4936 2671 4988 οὐκ
2698 4930 2764 5005 ἦν
2794 4935 3007 4997 πάντως
3037 4932 3156 4986 οὑδὲ
3186 4934 3214 4984 6
3243 4930 3449 5000 Πατὴρ,
3487 4920 3547 4981 οὗ
3576 4928 3604 4980 6
3630 4924 3750 4985 Υἱὸς

2189 5031 2418 5102 δύναμίς
2469 5034 2584 5084 ἐστι
2629 5029 2721 5082 καλ⁵
2756 5026 2937 5096 σοφία,
2982 5026 3076 5079 καὶ
3123 5024 3409 5095 χαρακτὴρ
3451 5021 3545 5074 καὶ
3586 5014 3753 5072 ἀπαύο

2193 5137 2413 5194 γασμα’
2450 5123 2508 5175 οὑ
2541 5121 2649 5191 γὰρ
2675 5119 2820 5172 ἔστιν
2853 5118 3133 5187 ἐπινοῆσαι
3163 5114 3238 5184 τῷ
3268 5114 3445 5183 λόγῳ,
3475 5110 3597 5165 οὔτε
3627 5105 3754 5162 ὑπὸ·

2197 5232 2385 5269 στασιν
2434 5214 2929 5284 ἀχαρακτήριστον,
2976 5207 3098 5261 οὔτε
3134 5206 3357 5276 ἀλαμπῆ
3411 5204 3599 5271 δόξαν.
3638 5199 3755 5252 οὕτε

2196 5310 2395 5376 ἄσοφον
2423 5307 2571 5369 Θεὸν,
2599 5307 2697 5359 οὑκ
2726 5304 2915 5374 ἄχειρα
2941 5300 3286 5373 δημιουργὸν,
3319 5300 3420 5351 οὑκ
3450 5298 3637 5365 ἄλογον
3665 5294 3754 5361 ἀρ-

2199 5400 2325 5468 χὴν,
2356 5398 2454 5451 ούκ
2504 5396 2705 5451 ἄπαιδα
2748 5396 2983 5464 Πατέρα.
3040 5392 3196 5444 Ἀλλὰ
3235 5392 3408 5444 πάντα
3441 5388 3509 5441 τὰ
3543 5385 3759 5441 τοιαῦτα

2200 5492 2290 5543 ὲπί
2319 5507 2377 5542 τε
2407 5489 2513 5543 τῶν
2534 5486 2933 5558 ὁμολογούντων
2959 5485 3052 5536 καὶ
3075 5483 3164 5534 ἐπὶ
3186 5480 3290 5533 τῶν
3316 5477 3646 5533 ἀθετούντων
3673 5473 3766 5526 καὶ

2201 5580 2447 5653 ἀλλήλοις
2484 5578 2950 5646 συναναφαίνεται.
2982 5575 3090 5628 Καὶ
3116 5571 3204 5626 διὰ
3227 5572 3322 5642 τῆς
3350 5569 3444 5623 τοῦ
3472 5567 3589 5629 ἑνὸς
3616 5568 3758 5653 ὰναιξ

2207 5652 2404 5745 ρέσεως
2452 5673 2544 5725 κα)⁸
2584 5670 2645 5723 τὸ
2689 5666 3026 5738 συνημμένον
3062 5662 3497 5732 συναφανίξεται.
3552 5652 3771 5711 Ἐπειδὴ

527 5500 728 5567 cipium
757 5500 985 5555 rationis
1024 5515 1219 5572 expers
1241 5540 1255 5565 .
1303 5516 1476 5571 neque
1508 5501 1718 5555 Patrem
1789 5500 1906 5553 sine
1929 5498 2088 5552 Filio.

533 5588 639 5641 Sed
663 5592 844 5644 omnia
870 5607 988 5661 qua:
1018 5601 1145 5649 sunt
1172 5592 1468 5663 ejusmodi,
1509 5602 1563 5648 ct
1592 5593 1675 5647 his
1718 5591 1810 5660 qui
1859 5590 2094 5644 l‘atentur

529 5693 586 5739 tt
611 5681 701 5750 qui
736 5690 1116 5751 aspernantur,
1149 5686 1251 5741 sibi
1292 5686 1521 5740 invicem
1553 5684 1716 5741 simul
1739 5699 1861 5739 esse
1913 5683 2095 5737 decla-
2207 5681 2404 5745 ρὲσεως
2452 5681 2544 5725 και
2584 5681 2645 5723 τὸ
2689 5681 3026 5738 συνημμενον
3062 5681 3497 5755 συναφανιςεται.
3540 5681 3718 5755 ἰπειξ

538 5782 751 5835 rantur.
790 5771 849 5827 Et
875 5764 969 5844 per
1002 5776 1160 5833 unius
1192 5777 1552 5834 sublationem
1612 5786 1661 5833 et
1688 5775 1833 5848 quod
1862 5774 2066 5846 conjun

2206 5766 2381 5820 τοίνυν
2419 5761 2878 5824 κατασκευάζεται
2916 5758 3047 5830 παρ’
3082 5757 3258 5811 αὑτῶν
3303 5754 3363 5808 τὸ
3398 5753 3471 5826 μὴ
3514 5747 3768 5806 sint?“
