4002 6218
214 345 309 402 789

1204 349 1480 405 CONTRA
1523 344 1911 413 EUP‘OMIUM,
1966 347 2091 403 LlB.
2133 347 2262 404 Vlll.

3361 347 3471 408 τσο

209 469 333 525 Υίον
369 470 477 539 πρὸ
516 472 610 524 τοῦ
648 470 901 538 γενέσθαι
924 514 935 534 ,
972 472 1001 525 ὃ
1062 473 1208 526 ἐστιν
1257 473 1595 544 ἀπαύγασμα.
1632 470 1778 542 δόξης

1891 479 2040 523 ctum
2076 469 2124 523 ei
2161 468 2401 522 adlimret
2437 464 2598 520 simul
2638 468 2937 524 evanescit.
2992 466 3261 535 Quoniam
3307 470 3473 539 igitur

208 562 258 630 (ἡ
302 561 360 614 δὲ
412 562 734 615 ἁκολούθεια
777 566 1088 634 σνναναερεῖ
1126 566 1189 634 τῇ
1216 562 1309 616 τοῦ
1364 564 1792 631 ἁπαυγάσματος

206 654 513 724 ἁνυπαρξίᾳ
541 656 634 713 καὶ
664 655 763 725 τὴν
801 656 899 725 τῆς
932 655 1091 727 δόξης
1132 656 1408 724 ἀῖδιότητα
1436 671 1448 684 ·
1499 654 1624 718 δόξα
1666 653 1721 705 δὲ
1765 656 1793 706 ὁ

207 743 413 814 Πατὴρ,
433 745 556 798 ὅθεν
586 746 647 799 τὸ
672 748 954 816 μονογενὲς
982 748 1097 815 φῶς
1123 746 1493 818 ἀπηυγάσοη).
1516 745 1792 817 νοησόπωο

209 853 304 889 σαν
330 837 382 888 οἱ
412 838 661 908 περιττοὶ
686 837 784 908 τὴν
824 840 1035 907 σοφίαν,
1064 840 1144 892 ὅτι
1185 838 1464 910 σύμμαχοι
1490 837 1599 890 τῶν
1638 838 1783 889 Ἐπιο

206 927 470 998 κουρείων
502 928 788 999 δογμάτων
821 932 1233 999 ἀναπεφήνασιν
1255 971 1269 993 ,
1315 933 1411 984 καὶ
1446 932 1788 1002 προσχήματι

197 1015 619 1091 Χριστιανισμοῦ
672 1020 771 1090 τὴν
796 1020 983 1075 ἀθεῒαν
1014 1021 1428 1092 πρεσϐεύοντες.
1460 1021 1660 1091 Διπλῆς
1688 1021 1791 1074 τοία

202 1124 298 1159 νυν
336 1108 481 1159 κατά
511 1108 573 1160 τὸ
603 1108 894 1162 ἀκόλουθον
924 1110 1024 1180 τῆς
1055 1110 1281 1172 ἀτοπίας
1317 1111 1701 1181 ἀναιρανείσης,
1751 1111 1784 1181 ἢ

203 1196 429 1251 καθόλου
456 1197 530 1269 μὴ
551 1195 688 1253 εἶναι
711 1200 801 1254 τὸν
825 1200 956 1255 Θεὸν
976 1201 1173 1269 λέγειν,
1199 1202 1230 1273 ἢ
1263 1204 1335 1273 μὴ
1358 1202 1605 1274 ἀνάρχως
1626 1197 1783 1267 εἶναι,

200 1288 506 1343 ἑλέσθωσαν
568 1291 629 1344 τὸ
659 1291 845 1345 δοκοῦν
887 1294 951 1345 ἐκ
986 1286 1425 1363 τῶνφανέντων,
1458 1293 1489 1363 ἦ
1521 1292 1668 1347 ἄθεοι
1697 1290 1786 1344 λέ-

199 1380 418 1446 γεσθαι,
453 1382 485 1452 ἦ
525 1383 721 1453 μηκέτι
757 1383 992 1455 ἄναρχον
1025 1379 1163 1437 εἶναι
1213 1384 1292 1454 τῷ
1340 1385 1513 1453 Πατρὶ
1550 1386 1649 1453 τὴν
1694 1384 1784 1435 ού-

202 1469 320 1520 σῖαν
374 1469 573 1537 λέγειν.
640 1472 800 1525 Ἀλλὰ
857 1473 964 1544 μὴν
1019 1472 1241 1542 φεύγειν
1293 1474 1439 1536 size;
1486 1473 1681 1535 αὐτοὺς
1724 1471 1784 1523 τὸ

196 1560 393 1624 ἀθέους
437 1561 774 1632 νομίζεσθαι.
831 1563 1040 1618 Οὐκοῦν
1089 1563 1367 1619 λείπονται
1414 1565 1475 1618 τὸ
1527 1564 1600 1636 μὴ
1644 1560 1782 1617 εἶναι

194 1649 369 1702 ἀΐδιον
400 1651 495 1703 τὸν
529 1650 662 1704 Θεὸν
702 1650 1154 1717 κατασκευάζειν.
1197 1653 1259 1705 Εἰ
1306 1652 1363 1706 δὲ
1402 1651 1559 1705 τοῦτο
1601 1652 1634 1722 ἡ
1673 1649 1782 1703 τῶν

191 1741 625 1811 ἀποδειχθέντων
654 1742 972 1797 ἀκολούθεια
1007 1744 1421 1811 συναναγκάζει,
1454 1741 1555 1796 ποῦ
1585 1743 1641 1795 αἱ
1669 1758 1780 1794 ποι-

1896 560 1964 614 2b
2000 560 2135 630 ipsis
2164 558 2333 614 Filius
2370 574 2477 613 non
2507 574 2629 613 csse
2658 560 2926 614 astruitur
2955 561 3273 631 priusquam
3321 566 3471 633 geni-

1894 661 1981 706 tus
2022 658 2206 718 esset,
2254 651 2346 722 qui
2394 658 2478 705 est
2522 650 2709 720 gloria:
2751 652 3009 722 Splendor
3042 653 3469 724 (consequentia

1899 751 2080 798 autem
2115 743 2278 798 simul
2306 757 2427 797 cum
2458 742 2767 812 splendoris
2797 745 3257 801 non-ersistentia
3327 747 3470 799 tollit

1891 833 2055 887 etiam
2090 833 2275 903 gloria:
2308 832 2665 887 :cteruitatem
2695 849 2709 898 ;
2755 831 2923 901 gloria
2959 841 3136 887 autem
3170 842 3253 889 est
3286 833 3467 897 Pater,

1893 926 2036 979 unde
2072 926 2351 996 unigenita
2379 925 2470 979 lux
2500 921 3211 995 resplenduit),intelligant
3239 926 3324 979 isti
3374 927 3466 996 qui

1891 1020 2157 1090 sapientia
2196 1020 2540 1083 exuberant,
2584 1032 2644 1072 se
2687 1015 3078 1086 Epicureorum
3122 1017 3466 1073 decretorum

1891 1119 2152 1180 patronos
2182 1117 2235 1164 et
2263 1108 2581 1164 defensores
2609 1105 2932 1162 manifestos
2954 1122 3094 1171 esse,
3127 1109 3469 1166 etCln-istia-

1890 1200 2055 1254 nismi
2094 1207 2361 1270 praetextu
2394 1214 2457 1253 ac
2490 1198 2673 1269 specie
2703 1196 2979 1271 atheiam(
2998 1196 3049 1251 id
3093 1207 3176 1252 est
3222 1200 3467 1268 impieta-

1890 1300 2027 1354 tem,
2083 1291 2196 1345 sive
2244 1290 2342 1344 Dei
2386 1288 3083 1360 abnegationem)asserere.
3122 1288 3258 1343 Cum
3296 1291 3466 1360 igitur

1890 1384 1962 1435 sit
1992 1381 2192 1453 duplex
2227 1397 2290 1437 ex
2316 1381 2703 1436 consecutione
2729 1379 3101 1436 demonstrata
3128 1382 3461 1446 absurditas,

1893 1474 1975 1529 vel
2002 1474 2228 1528 omnino
2251 1472 2417 1527 Deum
2446 1488 2555 1527 non
2586 1488 2713 1528 esse
2770 1480 2829 1527 ut
2857 1473 3068 1537 dicant,
3099 1474 3181 1527 vel
3212 1490 3318 1528 non
3341 1490 3465 1530 esse

1884 1567 2089 1636 absque
2127 1566 2436 1636 principio:
2474 1565 2619 1636 quod
2659 1581 2724 1620 ex
2757 1566 2841 1620 bis
2887 1565 3175 1622 manifeste
3218 1568 3463 1638 probatis

1884 1658 2019 1728 ipsis
2059 1658 2336 1713 videbitur
2382 1658 2616 1729 eligant,
2659 1656 2744 1713 vel
2783 1666 2844 1713 ut
2886 1656 3187 1714 divinitatis
3234 1660 3465 1731 abnega-

1884 1756 2031 1806 torcs
2072 1751 2351 1815 dicantur,
2389 1751 2472 1806 vel
2500 1761 2557 1806 ut
2585 1766 2692 1807 non
2722 1752 2954 1821 amplius
2980 1752 3271 1808 essentiam
3315 1753 3464 1822 prin-

195 1833 346 1887 κίλαι
381 1835 477 1887 καὶ
513 1834 771 1906 ἀστροφοι
798 1834 906 1888 τῶν
930 1835 1212 1904 ὀνομάτων
1249 1833 1634 1903 ἀντιστροφαί;
1666 1831 1776 1885 Ποῦ

1883 1840 2023 1909 cipio
2046 1849 2321 1895 carentem
2354 1840 2498 1894 Patri
2525 1856 2645 1896 esse
2674 1840 2959 1896 afﬁrmem.
3005 1841 3294 1896 Enimvero
3323 1843 3464 1896 veri-

194 1927 229 1996 ή
262 1925 549 1995 ἀμήχανος
577 1926 685 1977 τῶν
727 1924 1098 1996 ωλῖογισμῶν
1147 1926 1382 1995 ἀνάγκη,
1426 1925 1513 1978 διά
1548 1922 1656 1994 ’τῆς
1687 1923 1781 1977 τοῦ

190 2016 496 2085 άγεννήτου
540 2016 678 2087 πρὸς
717 2017 777 2069 τὸ
805 2019 1061 2088 γεννητὸν
1086 2016 1369 2087 διαστολῆς
1394 2015 1491 2080 τὰς
1515 2015 1782 2088 γραώδεις

187 2109 367 2172 ἀκοὰς
404 2108 736 2179 περιϐομδοῦ
745 2126 810 2163 σα
835 2127 847 2174 ;

1879 1932 2059 1986 simile
2108 1940 2192 1987 est
2233 1933 2380 2002 ipsos
2431 1931 2618 2003 fugere
2668 1931 2759 1987 Dei
2813 1946 3098 2003 negatores
3131 1935 3456 1989 existimari.

1884 2022 2172 2093 Reliquum
2216 2032 2300 2079 est
2340 2024 2504 2095 igitur
2538 2039 2635 2081 eos
2675 2032 2923 2080 astruere
2976 2025 3141 2080 Deum
3181 2040 3287 2080 non
3338 2040 3460 2080 esse

1882 2120 2167 2171 aeternum.
2215 2111 2370 2179 Quod
2421 2113 2467 2168 si
2532 2112 2634 2168 hoc
2680 2128 2868 2168 eorum
2918 2128 3038 2187 qua:
3086 2113 3459 2171 demonstrata

185 2214 325 2255 sunt
345 2205 738 2273 consequentia
767 2204 910 2274 cogit
944 2202 1278 2268 necessario,
1306 2204 1395 2257 ubi
1430 2202 1593 2257 varia)
1621 2211 1675 2257 et
1699 2203 1968 2261 irretorta:
1999 2209 2280 2263 nominum
2325 2207 2625 2277 reciprocae
2689 2207 3117 2264 conversiones?
3182 2206 3273 2263 ubi
3342 2207 3462 2262 ine-

183 2297 477 2353 luctabilis
518 2296 958 2368 syllogismorum
1005 2297 1343 2359 necessitas,
1394 2312 1489 2367 per
1547 2296 1779 2367 ingeniti
1819 2311 1943 2352 cum
1984 2298 2167 2371 genito
2201 2297 2561 2355 diilerentiam
2598 2299 2804 2354 circum
2835 2299 3007 2355 aniles
3069 2310 3229 2353 aures
3308 2298 3462 2352 bom-

182 2391 415 2446 bilans?

274 2486 439 2540 Ἀλλά
477 2486 647 2540 ταῦτα
681 2488 777 2558 μὲν
808 2488 888 2550 είς
929 2486 1200 2540 τοσοῦτον.
1244 2486 1435 2551 Καλῶς
1479 2488 1523 2540 δ’
1570 2489 1635 2542 ἂν
1668 2487 1777 2558 ἔχει

182 2577 331 2647 μηδὲ
362 2576 423 2629 τὸ
452 2576 650 2649 ἑφεξῆς
686 2578 932 2649 παριδεῖν
970 2577 1327 2644 ἀνεξέταστον
1350 2595 1364 2609 ·
1393 2579 1687 2634 σιωπάσοω
1718 2579 1777 2632 δὲ

176 2669 260 2721 τὰ
280 2668 375 2721 διὰ
405 2668 572 2737 μέσου
602 2669 850 2738 παίγνια,
882 2667 962 2733 οἷς
996 2671 1024 2723 ὀ
1055 2669 1226 2733 δεινὸς
1255 2663 1411 2733 οὗτος
1440 2671 1624 2742 ῥήτωρ
1660 2688 1778 2740 μει-

177 2758 477 2831 ρακιωδῶς
498 2759 870 2830 ἐναϐρύνεται,
921 2762 1029 2814 εἴτε
1057 2761 1264 2826 παίζων
1285 2803 1300 2827 ,
1323 2760 1433 2813 εἴτε
1466 2761 1778 2826 σπουδάζων

175 2855 251 2905 ὲν
283 2854 410 2913 ταῖς
435 2851 558 2904 καθ’
583 2853 615 2921 ἡ
624 2851 739 2921 μῶν
768 2851 1074 2922 λοιδορίαις,
1098 2852 1171 2915 ὡς
1197 2852 1285 2907 διὰ
1306 2852 1495 2905 τούτου
1516 2852 1778 2924 κρείττων

173 2944 339 2997 κατὰ
392 2944 484 2995 τὸν
516 2943 671 3011 λόγον
719 2944 994 3013 ἐσόμενος.
1037 2942 1113 2998 Οὐ
1157 2943 1266 3016 γάρ
1297 2944 1360 3015 δὴ
1415 2943 1659 3015 βιάσεται
1695 2961 1777 3008 τις

170 3037 365 3107 ἡμᾶς,
407 3035 440 3105 ἢ
473 3038 584 3098 τοῖς
626 3035 796 3102 λοξοῖς
822 3035 890 3089 τὰ
937 3036 1160 3106 ὄμματα
1202 3035 1636 3105 συνδιαστρέφειν
1677 3033 1777 3097 τὰς

167 3128 418 3199 δᾴειςθδ
440 3130 553 3191 τοῖς
569 3128 673 3181 ὑπὸ
690 3127 969 3198 δαιμονίας
989 3127 1144 3180 νόσον
1169 3125 1627 3198 παραπεπληγόσι
1647 3142 1768 3178 συν-

163 3217 700 3291 δεαστρεδλοῦσθαι,
738 3217 1148 3283 σννεξάλλεσθαι
1178 3218 1270 3270 καὶ
1310 3218 1771 3286 συγκαταπίπτειν

164 3312 269 3383 τῷ
312 3310 549 3382 σώματι.
601 3309 738 3362 Ἀλλ’
777 3310 1020 3373 ἐκείνους
1052 3309 1148 3380 μὲν
1174 3309 1488 3381 ὲλεήσομεν,
1528 3310 1687 3379 ἡμεῖς
1717 3307 1773 3361 δὲ

167 3401 284 3456 τῡῦ
300 3399 704 3469 καθεστηκότος
724 3400 823 3453 οὐκ
844 3400 1239 3471 ὲκστησόμεθα.
1263 3400 1399 3470 Φησὶ
1417 3399 1593 3452 τοίνυν
1616 3398 1774 3468 στρέ-

166 3495 298 3564 ea;
329 3492 471 3563 πρὸς
499 3492 591 3545 τὸν
620 3490 936 3545 διδάσκαλον
971 3489 1129 3562 ἡμῶν
1165 3490 1257 3544 τὸν
1290 3491 1346 3543 ὲν
1381 3489 1457 3561 τῷ
1490 3491 1770 3561 πράγματι

168 3585 348 3653 λόγον
369 3576 486 3649 ,ὡς
509 3583 573 3654 δὴ
607 3582 747 3635 κατά
776 3582 1068 3654 πρόσωπον
1096 3581 1195 3652 τὴν
1230 3581 1407 3652 μάχην
1434 3581 1771 3650 ποιούμενος,

166 3680 265 3729 ὅτι
282 3678 401 3740 τοῖς
431 3674 580 3738 ἰδίοις
605 3674 788 3745 ἀλώσῃ
813 3674 1051 3746 πτεροῖς.
1086 3673 1323 3726 Ἐκείνου
1349 3674 1452 3743 γὰρ
1471 3672 1769 3743 είρηκότος,

167 3771 238 3823 τὺ
269 3767 447 3822 καλὸν
479 3766 565 3819 ἀεὶ
595 3767 848 3837 παρεῖναι
877 3764 954 3834 τῷ
981 3763 1073 3817 ἐπὶ
1104 3764 1318 3816 πάντων
1346 3762 1484 3832 Θεῷ,
1520 3762 1680 3815 καλὸν
1715 3761 1771 3814 δὲ

166 3862 239 3915 τὺ
273 3858 531 3915 τοιούτου
581 3857 767 3921 παιδὸς
802 3851 941 3910 εἶναι
988 3855 1193 3928 πατέρα
1216 3874 1228 3885 ·
1274 3854 1469 3907 οὐκοῦν
1503 3855 1771 3924 μηδέποτε

163 3953 239 4006 τὸ
278 3951 456 4006 καλὸν
479 3951 698 4004 ἀπεῖναι
730 3950 917 4014 αὐτοῦ,
955 3948 1089 4019 μηδὲ
1120 3948 1247 4001 ἀνευ
1278 3945 1408 3999 Υἱοῦ
1436 3946 1525 3998 τὸν
1556 3945 1771 4017 Πατέρα

162 4042 419 4112 θελῆσαι
440 4054 458 4069 ’
488 4038 791 4109 θελήσαντα
821 4037 878 4091 δὲ
912 4036 985 4108 μὴ
1019 4036 1368 4106 ἀδύνατ’-ἧσαι,
1397 4034 1689 4104 δυνάμενον
1714 4034 1769 4085 δὲ

1956 2485 2060 2541 Sed
2086 2485 2200 2542 haec
2232 2485 2518 2542 hactenus.
2553 2485 2743 2557 Opera:
2768 2485 3001 2557 pretium
3039 2493 3221 2539 autem
3249 2482 3462 2537 videre-

1876 2586 1984 2643 tur,
2020 2577 2166 2649 quod
2195 2578 2453 2648 deinceps
2483 2577 2732 2647 sequitur
2766 2592 2874 2631 non
2909 2575 3280 2631 indiscussum
3318 2588 3460 2643 pra“:-

1882 2671 2064 2726 terire.
2094 2668 2202 2724 Sed
2233 2669 2439 2724 ludicra
2479 2668 2766 2739 interjecla
2805 2667 3026 2723 silentio
3090 2664 3458 2733 involvantur,

1875 2761 2078 2831 quibus
2116 2760 2205 2816 hic
2243 2760 2535 2815 vehemens
2570 2767 2758 2814 orator
2800 2757 3122 2828 juveniliter
3176 2756 3413 2812 exsultat
3441 2795 3455 2818 ,

1881 2854 1996 2909 sive
2021 2852 2234 2922 jocans,
2267 2852 2383 2907 sive
2406 2850 2547 2906 serio
2565 2864 2731 2921 agens
2764 2851 2815 2903 in
2840 2849 3104 2905 conviciis
3128 2856 3321 2901 contra
3346 2861 3446 2901 nos

1882 2943 2172 3014 conjectis,
2204 2942 2360 3013 quasi
2402 2957 2497 3012 per
2520 2941 2635 2996 haec
2682 2941 2893 2997 ratione
2931 2941 3184 3011 superior
3219 2941 3454 2995 futurus.

1881 3033 2075 3090 Nullus
2105 3035 2252 3089 enim
2289 3034 2336 3087 vi
2365 3050 2464 3089 nos
2488 3032 2707 3104 adiget,
2751 3048 2874 3087 cum
2927 3032 3071 3088 limis
3121 3040 3175 3087 et
3221 3032 3458 3102 obliquis

1878 3127 2069 3181 oculos
2104 3124 2286 3185 itidem
2326 3134 2686 3194 extorquere,
2738 3124 2822 3179 vel
2867 3139 2988 3178 cum
3035 3124 3225 3178 morbo
3254 3111 3455 3177 daemo-

1875 3218 2032 3273 niaco
2064 3217 2335 3287 perculsis
2362 3218 2524 3273 simul
2559 3217 2846 3288 exagitari,
2880 3232 2987 3271 una
3020 3218 3221 3271 saltare
3251 3224 3303 3270 et
3336 3230 3460 3269 cor-

1874 3320 2005 3376 pore
2038 3303 2346 3359 concidere.
2383 3303 2494 3359 Sed
2518 3303 2738 3357 illorum
2778 3305 2999 3374 quidem
3046 3305 3455 3367 miserebimur,

1876 3409 1975 3449 nos
2005 3403 2186 3450 autem
2224 3393 2292 3450 de
2325 3396 2629 3464 composito
2664 3395 2863 3451 mentis
2894 3403 3038 3449 statu
3078 3410 3187 3450 non
3216 3395 3457 3449 dimove-

1874 3486 2076 3543 bimur.
2110 3487 2202 3541 Ait
2248 3487 2413 3557 igitur
2457 3488 2511 3541 in
2562 3488 2884 3559 magistrum
2921 3496 3166 3543 nostrum
3205 3503 3457 3542 sermone

1872 3593 2158 3642 converso,
2183 3578 2341 3647 quasi
2376 3577 2557 3649 reipsa
2590 3587 2785 3635 contra
2821 3593 3107 3649 personam
3141 3578 3453 3641 decertans.

1872 3670 2016 3739 quod
2068 3670 2307 3741 propriis
2364 3671 2559 3740 pennis
2605 3679 2801 3741 captus
2855 3672 2947 3727 sit.
2996 3673 3132 3726 Cum
3183 3672 3457 3725 enimille

1872 3762 2122 3826 dixisset,
2157 3761 2302 3831 quod
2336 3764 2627 3833 pulchrum
2666 3772 2750 3819 est
2780 3765 2894 3819 sive
2913 3764 3204 3819 honestum
3238 3779 3456 3832 semper

1873 3853 2064 3909 adesse
2098 3852 2240 3917 Deo,
2281 3854 2374 3923 qui
2414 3855 2575 3909 estin
2603 3854 2878 3918 omnibus,
2917 3853 3239 3923 praeclarum
3269 3863 3453 3905 autem

1873 3946 1987 4001 sive
2027 3945 2320 4000 honestum
2359 3946 2482 4002 talis
2517 3945 2612 4001 lilii
2645 3961 2767 4001 esse
2810 3954 3017 4016 patrem
3050 3962 3062 3998 :
3095 3944 3262 4015 igitur
3309 3960 3454 3997 nun-

1872 4053 2031 4107 quam
2078 4039 2369 4094 honestum
2415 4040 2610 4095 abesse
2656 4038 2722 4091 ab
2759 4037 2879 4107 ipso
2906 4076 2920 4100 ,
2955 4051 3131 4106 neque
3166 4036 3286 4091 sine
3314 4033 3455 4090 Filio

1871 4130 2086 4186 Patrem
2117 4147 2240 4187 esse
2265 4133 2505 4188 voluisse
2541 4148 2557 4187 :
2594 4131 2866 4185 volentem
2895 4138 3074 4183 autem
3114 4145 3222 4184 non
3279 4130 3453 4199 impo-

1872 4230 2070 4277 tentem
2095 4221 2262 4277 l‘uisse
2289 4264 2302 4287 ,
2351 4220 2446 4277 sed
2494 4228 2769 4291 potentem
2811 4230 2865 4276 ct
2897 4221 3167 4275 volentem
3218 4220 3329 4275 voti
3363 4220 3451 4273 sui

159 4135 271 4188 καὶ
307 4130 667 4203 βουλόμενον,
713 4130 770 4183 ὲν
816 4127 895 4199 τῷ
945 4128 1083 4182 κατά
1123 4125 1349 4198 γνώμην
1393 4124 1530 4180 εἶναι
1563 4126 1657 4179 καὶ
1685 4125 1771 4178 ἀεὶ

158 4226 327 4294 ἔχειν
374 4220 474 4275 τὸν
508 4220 666 4283 Υίὺν,
696 4219 785 4274 διὰ
826 4218 887 4272 τὸ
926 4220 1012 4273 ἀεὶ
1045 4218 1220 4272 Θέλειν
1258 4218 1323 4272 τὸ
1360 4217 1590 4286 ἀγαθόν·
1634 4217 1771 4288 πρὸς

154 4317 345 4369 τοῦτο
372 4315 486 4384 γάρ
509 4315 543 4385 ή
574 4312 779 4367 διάνοια
815 4311 924 4365 τῶν
953 4312 1057 4365 ὑπὸ
1079 4310 1172 4364 τοῦ
1197 4310 1402 4383 Πατρός
1433 4309 1588 4381 ἡμῶν
1620 4311 1770 4380 εἰρηο

1883 4324 2175 4387 rompotem
2237 4331 2397 4379 esse,
2438 4330 2763 4385 semperque
2818 4315 3019 4370 habere
3046 4313 3279 4377 Filium,
3321 4314 3450 4384 quia

157 4406 367 4475 μένων
404 4402 597 4473 βλέπει
619 4419 632 4434 ·
660 4401 834 4456 ταῦτα
856 4402 1222 4473 προδιασύρας
1244 4405 1272 4455 ὁ
1300 4402 1563 4472 Εύνόμιος
1580 4402 1643 4453 ὲκ
1670 4400 1768 4471 τῆς

1883 4420 2085 4476 semper
2111 4407 2225 4459 vult
2267 4407 2467 4461 bonum
2501 4426 2512 4461 :
2545 4407 2611 4461 ad
2666 4406 2770 4462 hoc
2814 4407 2958 4462 enim
3009 4423 3198 4461 eorum
3246 4423 3368 4477 quae
3420 4422 3449 4460 a

150 4496 386 4563 ἔξωθεν
443 4492 636 4561 σοφίας
668 4494 1093 4564 ἑπεισαχθέντα,
1146 4494 1399 4564 τοιαύτην
1449 4494 1570 4547 τινὰ
1612 4494 1767 4564 ῥῆσιν

1883 4500 2027 4555 Patre
2059 4506 2249 4554 nostro
2293 4498 2438 4553 dicta
2491 4505 2620 4554 sunt
2674 4498 2849 4554 tendit
2898 4499 3285 4570 intelligentia:
3337 4498 3450 4553 lucc

150 4585 315 4658 πρὸς
375 4585 691 4656 ἀνατροπὴν
727 4584 834 4639 τῶν
882 4584 1186 4655 εἰρημένων
1239 4585 1631 4656 προϐάλλεται,
1677 4584 1770 4637 καί

1883 4590 2174 4646 Eunomius
2207 4591 2359 4661 prius
2388 4591 2684 4647 traducens
2715 4600 2767 4644 et
2796 4607 3024 4659 carpens
3045 4634 3058 4655 ,
3110 4594 3333 4645 advecta
3382 4607 3446 4645 ex

148 4694 336 4748 φησι,
369 4677 472 4742 τίς
488 4674 783 4750 γεννήσῃ;
808 4675 1056 4745 λέγοντός
1087 4693 1228 4741 τινος
1256 4675 1363 4729 τῶν
1388 4678 1499 4739 τοῖς
1513 4674 1771 4739 τοιούτοις

1883 4679 2138 4749 rapientia
2190 4688 2451 4748 externa,
2502 4680 2663 4734 talem
2713 4680 3006 4750 quamdam
3043 4679 3338 4734 dictionem
3380 4681 3445 4734 ad

145 4769 363 4836 λόγοις
402 4767 956 4839 ὲμμεμελετηκὸτωψ
995 4768 1184 4839 ὥσπερ
1214 4769 1371 4840 είπερ
1418 4770 1481 4823 τὸ
1517 4770 1772 4839 δημιουρο

1883 4770 2207 4825 srersionem
2247 4785 2434 4826 eorum
2463 4786 2584 4841 qua:
2612 4771 2756 4825 dicta
2784 4779 2909 4826 sunt
2949 4772 3221 4841 proponit,
3246 4778 3298 4825 et
3324 4770 3399 4823 ait
3429 4789 3443 4824 :

140 4864 292 4929 γεῖν
325 4858 500 4912 καλὸν
548 4860 640 4912 καὶ
678 4860 885 4933 πρέπον
912 4860 1065 4931 Θεῷ,
1095 4860 1210 4924 πῶς
1242 4861 1340 4914 οὐκ
1373 4861 1592 4932 ἀνάρχῳ
1621 4860 1769 4930 αύτῷ

1883 4862 2000 4927 Quis
2054 4863 2503 4936 generabit?(cum
2540 4861 2770 4919 dixisset
2808 4864 3008 4934 aliquis
3040 4880 3229 4919 eorum
3264 4865 3357 4934 qui
3390 4865 3445 4919 in

135 4956 223 5006 τὸ
260 4951 437 5006 καλὸν
474 4950 567 5005 καὶ
606 4952 814 5023 πρέπον
850 4952 1049 5023 παρῆν,
1093 4953 1252 5025 εἴπερ
1276 4954 1508 5023 ἄναρχος
1537 4954 1565 5006 ὁ
1596 4951 1767 5015 Θεός;

1894 4955 2070 5010 ςιιίὺυδ
2124 4958 2472 5009 sermonibus
2518 4956 2803 5010 exercitati
2857 4960 3044 5027 suntz)
3087 4957 3445 5026 quemadmo-

132 5044 281 5099 Καὶ
308 5041 493 5096 ταῦτα
528 5042 665 5113 μήτε
704 5042 924 5111 ἀγνοίας
950 5043 1284 5113 κωλυούσης,
1322 5044 1456 5115 μήτε
1484 5042 1768 5104 ἀσθενείας

1883 5048 2016 5111 lum,
2055 5046 2327 5115 siquidem
2359 5044 2597 5101 comlere
2629 5054 2682 5101 et
2717 5061 2905 5102 creare
2934 5047 3223 5102 honestum
3254 5058 3307 5101 et
3335 5046 3446 5102 Deo

130 5132 606 5205 ἐμποδιζούσης,
652 5135 685 5205 ἢ
716 5134 852 5206 πρὸς
903 5134 965 5188 τὸ
1010 5135 1358 5207 δημιουργεῖν
1393 5134 1638 5207 ἡλικίας,
1675 5135 1766 5187 καὶ

1883 5134 2123 5190 iecorum
2146 5144 2260 5191 est:
2291 5153 2400 5206 quo
2432 5137 2592 5191 modo
2625 5138 2727 5207 ipsi
2763 5138 2977 5208 origine
3008 5137 3219 5192 carenti
3268 5137 3443 5191 bone-

122 5229 275 5280 ὅσα
316 5225 682 5295 συμφορήσας
725 5225 910 5291 κακῶς
946 5225 1155 5297 σεαυτῷ
1204 5226 1502 5297 κατέχεας·
1544 5226 1605 5279 οὐ
1658 5227 1763 5297 γάρ

1883 5238 2003 5282 illim
2050 5238 2104 5283 et
2149 5230 2355 5284 decens
2391 5244 2499 5283 non
2539 5231 2760 5293 aderat,
2810 5230 3077 5300 siquidem
3132 5229 3344 5299 origine
3391 5239 3446 5285 et

122 5320 222 5389 δὴ
262 5314 366 5369 τοῦ
402 5315 543 5369 Θεοῦ
578 5315 733 5387 θέμις
764 5318 956 5371 εἰπεῖν.
991 5318 1052 5370 El
1085 5318 1182 5388 μὲν
1207 5313 1299 5370 οὖν
1323 5313 1390 5388 ἦν
1416 5317 1637 5372 δυνατὸν
1664 5319 1761 5371 αύ-

1883 5319 2134 5389 ηοὶηοίρὶο
2173 5331 2323 5375 caret
2356 5318 2545 5375 Deus?
2574 5320 2713 5392 Ergo
2746 5323 2909 5377 etiam
2958 5322 3072 5376 [NEC
3098 5337 3217 5391 quae
3243 5331 3427 5377 creata

112 5412 262 5465 τζιν
304 5402 399 5460 τὸν
426 5406 744 5461 διδάσκαλον
778 5409 915 5481 πρὸς
945 5410 1004 5463 τὸ
1034 5409 1303 5481 ἐρωτηθὲν
1339 5410 1758 5481 ἀποκρίνασθαι,

1883 5419 2013 5474 unt,
2048 5426 2168 5466 cum
2198 5427 2375 5482 neque
2410 5413 2715 5480 ignorantia
2747 5413 2819 5467 sit
2846 5428 2968 5483 quae
3006 5414 3314 5482 prohibeat,
3357 5431 3443 5470 ne-

106 5503 247 5557 lae
260 5500 380 5565 ιξεν
410 5497 481 5552 ἂν
506 5498 585 5570 τῷ
611 5499 876 5570 Εὑνομίῳ,
906 5501 989 5566 τίς
1034 5500 1100 5556 ἂν
1128 5501 1361 5571 ἐγένετο,
1399 5501 1579 5566 καθὼς
1610 5497 1763 5565 οὗτος

1883 5521 1963 5573 lue
1993 5502 2281 5559 inﬁrmitas
2304 5519 2423 5572 qua?
2442 5504 2699 5574 impediat
2723 5505 2805 5560 vel
2827 5513 2960 5561 :etas
2984 5506 3050 5560 ad
3080 5507 3437 5577 operandam,

94 5587 433 5665 ἠρώτησε
471 5588 559 5642 διὰ
599 5591 699 5660 τῆς
722 5589 1103 5646 θεοπαιδεύτου
1136 5590 1381 5663 γλώττης
1401 5633 1415 5659 ,
1440 5590 1503 5645 τό
1526 5609 1587 5648 τε
1619 5591 1761 5645 θεῖον

1883 5610 1916 5654 9t
1966 5614 2308 5672 quiscunque
2351 5614 2655 5670 congerens
2696 5600 2835 5656 male
2886 5602 2940 5655 in
2986 5610 3039 5657 te
3092 5602 3269 5672 ipsum
3303 5600 3438 5656 eﬂ‘u—

88 5683 541 5745 ιτεκαλύπτων
584 5683 880 5755 μυστήριον
901 5725 915 5750 ,
948 5686 1041 5739 καὶ
1077 5684 1352 5757 μαστίζων
1380 5686 1491 5748 τοῖς
1519 5684 1757 5755 ἐλέγχοις

1883 5693 2022 5758 listi;
2054 5707 2178 5747 nam
2218 5694 2271 5747 in
2308 5691 2497 5755 Deum,
2534 5691 2718 5747 dicere
2750 5692 2926 5749 nefas.
2962 5693 3017 5747 Si
3046 5694 3212 5763 igitur
3246 5700 3439 5762 posset

80 5778 299 5839 τοῦς
332 5772 436 5844 τῆς
470 5773 683 5846 ἀπάτης
722 5776 1048 5847 προστάτας,
1075 5777 1211 5831 ὥστε
1251 5778 1478 5850 φανερὸν
1508 5780 1754 5847 γενέσθαι

1883 5783 2121 5856 nagisrer
2152 5784 2219 5841 ad
2247 5784 2639 5856 interrogatum
2675 5785 3025 5855 respondere,
3058 5783 3326 5841 Eunomio
3353 5799 3436 5834 οδ-
