4002 6218
532 340 631 401 731

1765 344 1823 401 S.
1863 344 2187 402 GREGORII
2217 344 2507 402 NYSSENI

3658 344 3765 399 799

534 462 810 525 tenderet,
839 463 963 531 quis
1004 460 1221 530 genitus
1250 464 1369 526 est,
1409 458 1551 515 sicut
1599 458 1689 515 hic
1739 460 2094 530 interrogavit

2198 460 2362 513 πᾶσιν
2383 460 2506 513 ὅσον
2534 459 2593 512 τὸ
2620 459 2785 529 μέσον
2809 459 2925 512 ἐστὶ
2958 459 3158 530 μεταξὺ
3181 458 3426 513 διακόνου
3454 459 3766 529 μυστηρίων

532 569 629 623 per
654 553 892 623 linguam
923 566 952 604 a
995 550 1105 605 Deo
1134 548 1433 612 eruditam,
1480 555 1536 604 et
1568 558 1699 604 tunc
1731 548 1973 604 divinum
2009 563 2099 603 re-

532 644 719 699 velans
750 641 1094 714 mysterium,
1126 649 1182 696 et
1207 638 1626 695 relutationibus
1654 638 1932 711 ﬁagellans
1956 653 2101 694 erro-

532 736 611 790 ris
633 734 914 807 prtesides,
940 740 1001 790 ut
1037 731 1294 789 omnibus
1327 732 1399 788 sit
1443 730 1790 787 manifestum
1834 739 2097 802 quantum

532 829 748 885 intersit
779 828 922 883 inter
955 826 1270 881 ministrum
1317 823 1702 895 mysteriorum
1749 822 1994 887 Christi,
2045 830 2099 877 et

532 919 758 974 mimum
793 918 1110 984 ridiculum,
1144 915 1228 972 vel
1268 915 1506 971 ﬁctorem
1533 929 1796 970 novorum
1825 921 1879 970 et
1909 914 2095 985 prodi-

531 1009 812 1077 giosorum
864 1008 1213 1079 placitorum.
1262 1005 1368 1061 Sed
1402 1005 1661 1075 quoniam
1702 1005 1793 1060 ille
1835 1004 2053 1075 quidem
2079 1044 2094 1068 ,

531 1101 763 1157 sicutait
790 1102 1101 1172 Apostolus,
1122 1106 1373 1154 mortuus
1402 1099 1509 1154 Deo
1533 1099 1795 1167 loquitur,
1832 1098 1920 1152 hic
1948 1113 2096 1161 vero.

530 1199 791 1260 tanquam
822 1204 932 1244 non
961 1191 1032 1244 sit
1056 1186 1537 1260 quicontradicat,
1563 1187 1690 1242 talia
1717 1185 1963 1258 proiicit:
1991 1186 2097 1243 etsi

531 1290 719 1336 nostra
759 1280 1045 1349 responsio
1082 1278 1269 1335 Basilii
1306 1277 1488 1349 magni
1518 1290 1704 1333 vocem
1749 1292 1858 1334 non
1898 1286 2095 1347 aequet,

531 1373 892 1429 nihilominus
924 1374 1038 1427 haec
1071 1372 1138 1427 ad
1175 1385 1416 1442 praesens
1465 1370 1827 1442 interroganti
1871 1384 2100 1440 respon-

530 1462 809 1527 debimus,
837 1461 980 1532 quod
1013 1460 1203 1517 Sermo
1231 1469 1380 1526 tuus,
1404 1476 1563 1532 quem
1596 1460 1662 1516 ad
1688 1461 2096 1516 subversionem

530 1560 842 1608 nostrorum
887 1554 1099 1621 profers
1147 1566 1458 1607 sermonum
1490 1594 1506 1617 ,
1552 1552 1669 1622 ipse
1715 1560 1950 1608 testatur
1999 1570 2099 1611 nos

528 1657 657 1698 vera
679 1643 862 1699 dicere
888 1644 941 1698 in
974 1633 1050 1699 iis'
1092 1644 1145 1698 in
1188 1644 1388 1714 quibus
1440 1644 1735 1714 impietatis
1770 1652 1874 1700 tua:
1902 1646 2102 1716 dogma

530 1734 846 1791 refellimus.
872 1734 1057 1806 Neque
1080 1737 1224 1793 enim
1249 1736 1394 1791 aliud
1418 1751 1518 1791 nos
1544 1743 1656 1789 tam
1674 1735 1913 1806 graviter
1936 1751 2095 1790 accu-

2199 551 2453 623 Χριστοῦ,
2481 551 2575 604 καὶ
2599 551 2764 622 μίμου
2797 550 3026 618 γελοίου,
3050 551 3083 622 ἢ
3113 549 3335 621 ποιητοῦ
3365 550 3567 604 καινῶν
3591 568 3651 603 τε
3673 552 3767 604 καὶ

2198 641 2499 696 ἀλλοκότων
2532 641 2838 711 δογμάτων.
2890 641 3040 694 Ἐπεὶ
3076 641 3134 695 δὲ
3168 643 3198 695 6
3233 642 3352 711 μὲν,
3381 640 3563 702 καθώς
3603 658 3767 710 φησιν

2197 735 2226 787 6
2266 734 2603 798 Ἀπόστολος.
2633 732 2917 788 ἀποθανὼν
2944 732 3021 804 τῷ
3059 733 3177 805 Θεῴ
3212 733 3382 796 λαλεῖ,
3415 736 3443 788 6
3478 733 3536 786 δὲ
3563 734 3641 796 ὡς
3669 735 3768 788 οὐκ

2197 828 2348 891 ὄντος
2372 827 2465 880 τοῦ
2492 824 2839 897 ἀντεροῦντος
2869 823 3091 878 τοιαῦτα
3120 824 3434 895 προϐάλλει,
3468 825 3573 878 κᾶν
3606 825 3683 897 μὴ
3710 826 3769 877 τδ

2197 914 2312 971 ἴσον
2346 918 2380 988 ή
2414 918 2540 988 παρ’
2574 916 2728 990 ήμῶν
2769 916 3057 986 ἀπόκρισις
3096 915 3216 990 ἔχῃ,
3249 915 3324 980 ὡς
3361 916 3497 987 πρὸς
3529 916 3628 987 τὴν
3673 917 3765 971 τοῦ

2202 1009 2436 1080 μεγάλου
2475 1008 2753 1062 Βασιλείου
2794 1008 2974 1078 φωνὴν
2994 1047 3009 1071 ,
3041 1007 3178 1078 πλὴν
3225 1009 3282 1061 ὲν
3323 1008 3551 1079 παρόντι
3592 1008 3769 1061 ταῦτα

2200 1097 2335 1169 πρὸς
2376 1096 2468 1151 τὸν
2517 1096 2862 1167 ἐρωτήσαντα
2910 1098 3184 1168 φήσομεν,
3229 1096 3315 1150 ὄτι
3344 1098 3633 1168 Μαρτυρία
3675 1098 3765 1151 τοῦ

2198 1187 2479 1260 ἀληθεύειν
2509 1189 2655 1259 ήμᾶς
2679 1188 2739 1240 ὲν
2767 1181 2846 1251 οἷς
2872 1187 2931 1241 τὸ
2948 1187 3124 1257 δόγμα
3146 1186 3246 1256 τῆς
3274 1187 3528 1251 ἀσεϐείας
3552 1188 3770 1258 ἐλέγχο-

2200 1296 2317 1350 μεν,
2348 1281 2376 1333 6
2401 1278 2493 1342 σὸς
2515 1278 2723 1347 γίνεται
2753 1279 2908 1347 λόγος
2935 1279 2965 1331 6
2994 1277 3086 1331 ἐπὶ
3112 1279 3389 1348 ἀνατροπῇ
3429 1276 3541 1330 τῶν
3570 1278 3770 1348 ἡμετέ-

2202 1387 2308 1441 ρων
2343 1368 2746 1440 προφερόμενος
2767 1368 2957 1437 λόγων.
2991 1365 3127 1422 Οὔτε
3154 1368 3263 1437 γὰρ
3286 1367 3414 1422 ἄλλο
3434 1384 3488 1419 τι
3517 1366 3768 1420 τοσοῦτον

2198 1462 2358 1531 ἡμεῖς
2385 1459 2705 1530 αἰτιώμεθα,
2736 1458 2770 1527 ἢ
2797 1459 2858 1512 τὸ
2890 1458 3056 1530 μηδὲν
3084 1458 3290 1512 οἴεσθαι
3322 1457 3595 1529 διαφέρειν
3621 1460 3769 1529 qua;

2195 1556 2290 1606 τοῦ
2332 1551 2511 1607 κοινοῦ
2538 1552 2638 1623 τῆς
2684 1552 2912 1615 κτίσεως
2957 1551 3049 1604 τὸν
3077 1549 3351 1621 Δεσπότην
3379 1550 3477 1620 τῆς
3507 1550 3765 1614 κτίσεως·

2196 1645 2289 1697 καὶ
2316 1643 2377 1697 τδ
2414 1646 2541 1716 παρ’
2577 1643 2729 1714 ὑμῶν
2767 1641 3176 1714 προτεινόμενον
3215 1640 3356 1695 κατὰ
3396 1639 3491 1694 τοῦ
3528 1641 3771 1709 Μονογε-

2198 1735 2319 1800 νοῦς
2370 1738 2530 1806 ἡμεῖς
2557 1733 2877 1805 αἰτιώμεθα.
2909 1733 2972 1787 Εἰ
2994 1733 3101 1803 γὰρ
3123 1733 3259 1804 ὅπερ
3291 1732 3384 1785 ἐπὶ
3409 1731 3510 1802 τῆς
3528 1732 3770 1797 κτίσεως

530 1839 738 1893 samus,
769 1841 931 1896 quam
979 1827 1125 1898 quod
1168 1826 1458 1883 contendis
1501 1826 1815 1882 existimare
1857 1842 1960 1882 nos
2000 1826 2095 1882 dc-

2199 1800 2433 1894 βλέπεις,
2465 1824 2621 1880 τοῦτο
2648 1800 2757 1880 δεῖν
2786 1825 2887 1879 οἴει
2911 1800 3239 1896 ἐφαρμόζειν
3267 1824 3360 1877 καὶ
3392 1800 3474 1893 τῷ⁷
3495 1824 3772 1893 μονογενεῑ

530 1918 679 1982 bere,
714 1918 1003 1975 Dominum
1041 1928 1308 1976 creaturre
1350 1920 1486 1974 nihil
1520 1918 1739 1975 diﬁ'erre
1768 1920 1837 1974 ab
1880 1919 1948 1976 iis
1977 1934 2097 1990 qum

527 2007 841 2064 communia
869 2016 996 2065 sunt
1022 2017 1288 2066 creatura:
1317 2029 1329 2063 :
1357 2017 1408 2065 et
1451 2007 1595 2079 quod
1623 2024 1664 2072 a.
1681 2009 1835 2067 vobis
1862 2016 2096 2079 praeten-

525 2098 674 2153 ditur
708 2107 899 2154 contra
934 2098 1285 2172 Unigenitum
1317 2099 1551 2154 omnino
1579 2097 1931 2154 damnamus.
1960 2097 2094 2153 Nam

525 2188 572 2243 si
603 2188 749 2258 quod
781 2190 836 2244 in
866 2196 1121 2245 creatura
1144 2189 1317 2253 vides,
1351 2196 1512 2259 putas
1535 2196 1786 2259 oportere
1808 2188 1912 2245 hoc
1933 2189 2094 2245 etiam

529 2277 808 2346 unigenito
856 2275 966 2332 Deo
1012 2292 1352 2348 congruere,
1405 2279 1725 2335 conclusum
1780 2289 1900 2347 est,
1948 2279 2095 2350 quod

527 2381 877 2438 summopere
897 2369 1316 2438 contendimus;
1348 2386 1446 2442 per
1469 2378 1595 2428 tuos
1623 2371 1767 2427 enim
1815 2387 2095 2429 sermones

529 2461 802 2515 rationum
836 2469 1053 2516 tuarum
1082 2463 1393 2519 absurditas
1427 2465 1561 2520 satis
1608 2472 1688 2519 est
1724 2464 2092 2520 demonstrata

526 2550 894 2621 omnibusque
929 2549 1073 2606 facta
1103 2552 1431 2622 perspicua;
1469 2562 1524 2609 et
1556 2553 1701 2624 quod
1730 2569 1832 2609 nos
1869 2555 1924 2608 in
1949 2554 2093 2609 veri-

526 2646 637 2695 tate
661 2656 967 2698 sermonem
1005 2658 1228 2713 pravum
1265 2644 1596 2715 corrigimus
1632 2660 1697 2700 ac
1740 2645 2094 2715 reprehendi-

527 2747 687 2797 mus,
730 2733 984 2804 quodque
1026 2734 1124 2789 tibi
1170 2733 1237 2790 de
1268 2736 1549 2805 unigenito
1594 2736 1703 2791 Deo
1748 2737 1934 2808 opinio
1967 2738 2094 2795 talis

523 2836 626 2888 est,
662 2839 726 2879 ac
755 2828 820 2881 de
849 2825 1080 2895 reliquis
1108 2828 1406 2895 creaturis;
1443 2828 1667 2898 perinde
1696 2843 1759 2883 ac
1798 2827 1845 2885 s'i
1888 2828 1955 2884 de
1993 2829 2093 2884 ali-

535 2914 930 2985 quadubitatio
964 2925 1142 2982 esset,
1186 2932 1295 2973 non
1334 2917 1402 2973 de
1438 2919 1722 2987 unigenito
1759 2917 1928 2985 Filio,
1958 2918 2088 2984 Deo,

525 3005 720 3075 opiﬁce
772 3006 952 3061 omnis
986 3014 1283 3071 creaturae,
1333 3006 1448 3063 sive
1485 3015 1609 3063 ante
1638 3016 1791 3074 erat,
1824 3009 1940 3065 sive
1969 3019 2092 3080 post

525 3096 670 3152 Patri
705 3096 909 3152 aderat.
938 3095 1082 3163 Quid
1108 3098 1270 3169 igitur
1299 3097 1368 3153 ad
1394 3098 1508 3153 haec
1534 3099 1651 3153 inﬁt
1683 3114 1785 3155 vox
1813 3101 2093 3173 magistri?

523 3188 681 3254 Quod
712 3197 905 3243 natura
934 3189 1138 3245 b0uum
1166 3197 1272 3256 est,
1298 3204 1410 3245 non
1436 3190 1584 3261 pium
1613 3198 1699 3246 est
1739 3206 1850 3246 non
1881 3208 2095 3263 semper

526 3281 582 3334 in
611 3279 719 3335 Deo
743 3294 867 3336 esse
899 3278 1145 3336 credere.
1175 3278 1394 3335 Nullam
1450 3281 1596 3335 enim
1640 3281 1825 3337 videre
1873 3296 2094 3338 causam

526 3380 750 3440 propter
771 3388 936 3443 quam
960 3380 1392 3429 consentaneum
1421 3382 1505 3429 est
1546 3373 1747 3429 bonum
1798 3374 1942 3430 bono
1983 3389 2094 3429 non

525 3461 721 3518 adesse
741 3505 756 3529 ,
790 3478 968 3534 neque
996 3471 1223 3534 propter
1252 3465 1533 3533 potestatis
1558 3464 1830 3520 delectum
1855 3506 1869 3532 ,
1918 3480 2096 3537 neque

526 3562 747 3622 propter
784 3553 1082 3610 voluntatis
1116 3554 1378 3624 inopiam.
1412 3554 1552 3621 Quid
1586 3555 1655 3611 ad
1685 3555 1802 3610 haec
1837 3555 1971 3610 dicit
1999 3556 2096 3626 qui

526 3642 613 3697 his
649 3642 1011 3699 adversatur?
1034 3643 1191 3712 Quod
1220 3645 1265 3700 si
1314 3643 1480 3700 Deum
1508 3644 1742 3701 Verbum
1781 3660 1846 3700 ex
1884 3658 2095 3701 aeterno

524 3734 853 3790 credendum
888 3751 1010 3792 esse
1034 3735 1275 3802 dederis,
1311 3745 1366 3791 et
1391 3736 1459 3792 de
1485 3736 1756 3793 creaturis
1782 3736 1922 3792 idem
1960 3736 2097 3794 late-

526 3829 693 3885 beris.
731 3827 776 3884 0
804 3830 1080 3899 quomodo
1109 3829 1260 3885 novit
1294 3831 1502 3886 ratione
1524 3829 1838 3885 discernere
1876 3839 2094 3885 creatu-

526 3936 711 3974 rarum
740 3929 994 3975 naturam
1049 3929 1104 3977 et
1129 3920 1368 3976 divinam
1409 3920 1776 3990 maiestatem!
1814 3920 2096 3987 Quomodo

524 4013 634 4069 scit
660 4027 778 4083 qua:
810 4013 1057 4084 utrisque
1086 4023 1214 4069 sunt
1239 4028 1498 4083 congrua,
1528 4028 1757 4083 quaeque
1794 4012 1861 4067 de
1899 4011 2008 4068 Deo
2036 4021 2091 4068 et

525 4121 648 4176 quae
678 4104 745 4161 de
770 4113 1019 4161 creatura
1058 4105 1147 4177 pie
1170 4104 1254 4161 t‘as
1273 4113 1357 4162 est
1381 4104 1724 4161 existimare!
1766 4103 1844 4170 Si,
1879 4104 2101 4173 inquit,

2196 1918 2333 1989 Θεῷ,
2372 1918 2545 1989 πέρας
2576 1917 2689 1988 ἔχει
2712 1918 2773 1970 τὸ
2802 1917 2931 1989 παρ’
2958 1916 3116 1989 ἡμῶν
3160 1914 3625 1984 σπουδαζόμενον*
3657 1915 3765 1967 ἀπ-

2199 2009 2519 2080 ελήλεγκται
2551 2008 2660 2077 γὰρ
2693 2008 2782 2062 διὰ
2827 2007 2937 2061 τῶν
2979 2006 3087 2061 σῶν
3127 2006 3298 2075 λόγων
3322 2006 3384 2059 τὸ
3424 2006 3645 2068 ἄτοπον,
3672 2005 3767 2058 καὶ

2196 2102 2331 2155 πᾶσι
2356 2100 2546 2169 γέγονε
2584 2101 2892 2169 καταφανές
2914 2118 2928 2132 °
2958 2102 3041 2155 ὃτι
3069 2117 3129 2153 τε
3154 2101 3313 2170 ἡμεῖς
3344 2100 3402 2151 ὲν
3428 2097 3655 2169 ἀληθείᾳ
3677 2098 3766 2151 τὸν

2194 2194 2348 2262 λόγον
2374 2192 2672 2264 εὐθύνομεν
2691 2236 2707 2259 ,
2735 2192 2826 2246 καὶ
2855 2194 2935 2247 ὅτι
2970 2208 3051 2245 σοι
3100 2192 3128 2263 ή
3166 2189 3294 2261 περὶ
3324 2188 3419 2243 τοῦ
3450 2189 3766 2260 μονογενοῦς

2193 2282 2329 2337 Θεοῦ
2363 2283 2628 2353 ὑπόληψις
2663 2283 2886 2354 τοιαύτη
2914 2282 3082 2346 ἐστὶν,
3111 2281 3198 2335 οία
3229 2281 3325 2334 καὶ
3354 2280 3484 2349 περὶ
3510 2279 3581 2333 τά
3606 2280 3767 2334 λοι-κά

2192 2373 2300 2426 τῶν
2332 2372 2676 2443 κτισμάτων,
2712 2372 2837 2446 περί
2863 2389 3006 2435 τινος
3045 2373 3079 2442 ή
3124 2369 3534 2442 ἀμφισϐήτησις
3571 2365 3660 2441 ἦν,
3700 2371 3765 2423 οὐ

2193 2464 2320 2534 περί
2344 2461 2438 2515 τοῦ
2471 2461 2791 2533 μονογενοῦς
2816 2459 2948 2515 Υἰοῦ
2976 2460 3069 2514 τοῦ
3098 2459 3233 2513 Θεοῦ
3254 2498 3270 2524 ,
3304 2459 3399 2513 τοῦ
3433 2459 3764 2530 δημιουργοῦ

2194 2557 2372 2625 πάσης
2399 2555 2495 2625 τῆς
2526 2555 2775 2618 κτίσεως,
2796 2553 2907 2607 εἴτε
2931 2551 3017 2606 ἀεὶ
3046 2546 3135 2625 ἦν,
3165 2551 3277 2606 εἴτε
3302 2550 3527 2624 ὕστερον
3551 2551 3629 2622 τῷ
3654 2552 3766 2606 Πα-

2191 2646 2281 2717 τρὶ
2312 2645 2688 2717 προσεγένετο.
2735 2644 2799 2697 Τί
2840 2641 2933 2697 οὖν
2975 2644 3105 2715 περὶ
3142 2643 3331 2698 τούτου
3374 2645 3540 2714 φησὶν
3582 2645 3615 2713 ή
3667 2641 3765 2695 τοῦ

2190 2735 2504 2791 διδασκάλου
2532 2737 2717 2806 φωνή;
2745 2735 2863 2789 ’Ὁτι
2884 2735 2945 2788 τὸ
2968 2737 3033 2806 τῇ
3062 2733 3219 2801 φύσει
3247 2735 3430 2801 καλὸν,
3454 2735 3553 2787 οὐκ
3572 2735 3767 2802 εὐαγές

2191 2829 2307 2882 ἐστι
2357 2828 2431 2899 μὴ
2464 2828 2550 2881 ἀεὶ
2593 2829 2650 2880 ὲν
2692 2826 2770 2897 τῷ
2803 2826 2921 2898 Θεῷ
2969 2825 3242 2880 πιστεύειν
3272 2823 3430 2880 εἶναι.
3481 2826 3625 2897 Μηδὲ
3654 2827 3767 2897 γάρ

2191 2919 2367 2973 αἰτίαν
2398 2919 2530 2991 ὁρᾷν
2560 2936 2683 2972 τινα
2725 2917 2846 2971 καθ’
2890 2918 2956 2988 ήν
3003 2918 3151 2981 εἰκός
3195 2918 3310 2971 ἐστι
3347 2917 3410 2971 τὸ
3444 2917 3645 2986 ἀγαθὸν
3684 2918 3768 2988 τῷ

2190 3008 2380 3080 ἀγαθῷ
2409 3009 2483 3081 μή
2520 3008 2793 3081 παρεῖνάι,
2836 3010 2973 3080 μήτε
2996 3009 3138 3063 κατά
3177 3008 3457 3079 δυνάμεως
3499 3009 3756 3079 ἔλλειψιν,

2121 3138 2164 3195 C
2200 3102 2333 3173 μήτε
2363 3100 2505 3154 κατὰ
2536 3100 2631 3172 τὴν
2672 3101 2769 3170 τῆς
2809 3099 3001 3171 βουλῆς
3047 3101 3287 3170 ἀγονίαν.
3327 3100 3393 3154 Τί
3422 3102 3558 3173 πρὸς
3590 3100 3768 3155 ταῦτά

2197 3210 2362 3265 φησιν
2380 3195 2408 3247 6
2431 3195 2541 3257 τοῖς
2562 3192 2869 3263 εἰρημένοις
2893 3192 3233 3263 μαχόμενος;
3259 3192 3382 3246 Ὀτι
3406 3191 3501 3244 ὲάν
3520 3190 3609 3244 τὸν
3632 3190 3768 3245 Θεδν

2195 3285 2365 3354 Λόγον
2395 3283 2499 3354 δῷς
2537 3282 2597 3348 ἐξ
2626 3283 2795 3338 ἀϊδίου
2838 3282 3203 3348 πιστεύεσθαι,
3238 3285 3331 3337 καὶ
3362 3284 3488 3354 περὶ
3526 3282 3635 3336 τῶν
3667 3282 3765 3353 δη-

2198 3391 2428 3445 μιουργη
2437 3375 2619 3445 μάτων
2642 3374 2704 3429 τὸ
2726 3370 2843 3428 ἴσον
2869 3374 3077 3439 δώσεις.
3110 3375 3176 3428 Ὦ
3207 3375 3323 3438 πῶς
3347 3372 3456 3428 οἶδε
3474 3373 3770 3445 διακρίνειν

2193 3465 2272 3536 τῷ
2292 3466 2433 3536 λόγῳ
2484 3465 2974 3539 δημιουργημάτων
3002 3466 3162 3535 φύσιν
3188 3467 3280 3519 καὶ
3309 3464 3458 3519 θείαν
3488 3465 3770 3535 μεγαλειό-

2192 3558 2359 3627 τηταί
2401 3556 2519 3620 πῶς
2557 3555 2842 3610 ἐπίσταται
2888 3556 3017 3627 περὶ
3056 3555 3317 3626 ἑκατέρου
3363 3555 3432 3608 τά
3463 3556 3766 3626 πρόσφορα,

2194 3646 2299 3700 ὅσα
2323 3663 2384 3699 τε
2421 3646 2549 3717 περὶ
2574 3646 2668 3700 τοῦ
2702 3646 2859 3711 Θεοῦ,
2894 3645 2986 3700 καί¹
3015 3646 3125 3700 ὅσαι
3145 3646 3270 3715 περὶ
3296 3647 3396 3717 τῆς
3423 3645 3646 3708 κτίσεως
3676 3646 3773 3697 εῦ-

2197 3738 2368 3801 σεϐῶς
2400 3738 2544 3791 ἐστιν
2582 3737 2819 3791 οίεσθαιί
2867 3738 2930 3791 Εἰ
2971 3740 3000 3791 6
3040 3736 3387 3807 δημιουργὸς,
3431 3738 3614 3807 φησιν,
3660 3738 3773 3790 ἀπὸ

2194 3829 2288 3885 τοῦ
2325 3829 2515 3901 χρόνου
2553 3832 2652 3901 τῆς
2675 3829 3034 3900 δημιουργίας
3068 3829 3313 3898 ἄρχεται.
3361 3827 3437 3880 ()6
3478 3828 3585 3899 γὰρ
3623 3828 3771 3899 ἄλλῳ

2194 3920 2303 3975 τινὶ
2325 3919 2422 3991 τὴν
2452 3918 2559 3972 τῶν
2581 3919 2879 3988 γεγονότων
2900 3917 3072 3989 ἀρχὴν
3095 3916 3213 3970 ἔστι
3237 3916 3667 3987 σημειώσασθαι,
3693 3918 3773 3988 μὴ

2194 4015 2252 4067 ὲν
2291 4012 2369 4083 τῷ
2401 4011 2514 4082 ἰδίῳ
2539 4011 2861 4081 διαστήματι
2883 4008 2976 4063 τοῦ
3011 4008 3203 4080 χρόνου
3235 4007 3333 4070 τάς
3363 4007 3535 4078 ἀρχὰς
3568 4008 3663 4061 καὶ
3704 4007 3779 4058 τὰ

2195 4102 2320 4171 τέλη
2354 4103 2463 4164 τοῖς
2486 4099 2793 4170 γινομένοις
2812 4096 3101 4169 ὁρίζοντος.

526 4197 709 4269 opifex
738 4212 767 4251 a
797 4205 1038 4268 tempore
1071 4198 1348 4269 opiﬁcium
1384 4199 1722 4269 auspicatur.
1767 4196 1886 4252 Non
1932 4199 2080 4254 enim
2124 4196 2234 4251 alio
2262 4196 2450 4266 aliquo
2484 4209 2673 4249 eorum
2704 4207 2825 4262 quae
2858 4198 2984 4245 sunt
3013 4189 3188 4256 facta,
3250 4187 3577 4260 principium
3645 4186 3791 4245 licet

528 4299 739 4356 notare,
805 4291 912 4347 nisi
960 4299 1178 4361 tempus
1234 4293 1286 4347 in
1354 4293 1576 4364 proprio
1607 4292 1891 4349 intervallo
1947 4291 2214 4364 principia
2246 4297 2300 4345 et
2332 4297 2572 4344 extrema
2613 4288 2700 4342 his
2728 4301 2848 4357 quae
2882 4284 3016 4340 ﬁunt
3044 4285 3332 4340 deﬁnierit.

597 4383 864 4449 Quocirca
895 4384 1070 4454 inquit
1132 4392 1382 4455 oportere
1410 4383 1672 4442 factorem
1720 4394 2025 4457 temporum
2065 4401 2095 4442 a

2271 4382 2367 4436 Διά
2407 4380 2562 4435 τοῦτό
2606 4398 2737 4453 φησι
2764 4380 2874 4433 δεῖν
2902 4378 2999 4433 καὶ
3029 4378 3120 4431 τὸν
3162 4378 3391 4449 ποιητὴν
3414 4376 3524 4431 τῶν
3560 4377 3780 4448 χρόνων

529 4475 799 4545 principio
820 4476 983 4532 simili
1015 4492 1137 4531 esse
1168 4478 1425 4547 coepisse.
1462 4475 1567 4534 Sed
1596 4487 1848 4534 creatura
1876 4478 2094 4549 quidem

2201 4475 2309 4529 ἀπὸ
2334 4475 2433 4543 τῆς
2472 4474 2662 4544 ὁμοίας
2694 4473 2864 4544 ἀρχῆς
2910 4470 3004 4526 τοῦ
3037 4466 3175 4524 εἶναι
3223 4469 3510 4541 ἄρξασθαι.
3548 4468 3693 4522 ’Δλλ’
3744 4471 3783 4540 ἡ

531 4568 859 4639 principium
876 4569 1037 4625 habet
1059 4568 1279 4636 saecula,
1315 4568 1538 4626 factoris
1565 4580 1744 4625 autem
1771 4572 2095 4628 saeculorum

2201 4566 2299 4636 μὲν
2330 4564 2503 4624 κτίσις
2524 4563 2701 4634 ἀρχὴν
2730 4563 2857 4625 τοὺς
2889 4561 3091 4626 αἰῶνας
3135 4560 3267 4631 ἔχει,
3301 4560 3395 4613 τοῦ
3440 4559 3498 4613 δὲ
3547 4559 3783 4628 ποιητοῦ

528 4659 805 4729 quodnam
836 4658 1164 4730 principium
1203 4659 1509 4729 cogitabis?
1540 4659 1596 4716 Si
1623 4663 1747 4731 quis
1772 4661 1939 4723 dicat,
1964 4658 2094 4714 illud

2197 4653 2305 4706 τῶν
2334 4653 2542 4705 αἰώνων
2607 4649 2765 4704 ποίαν
2828 4650 3133 4721 ἐπινοήσεις
3165 4651 3381 4720 άρχήν;
3415 4648 3478 4701 Εἰ
3524 4647 3626 4717 μὶν
3661 4648 3781 4717 γὰρ

530 4749 855 4819 principium
887 4763 1011 4806 esse
1042 4748 1187 4818 quod
1220 4756 1305 4804 est
1335 4748 1390 4802 in
1420 4747 1736 4820 Evangelia,
1781 4747 1926 4817 quod
1973 4746 2095 4816 qui-

2198 4743 2295 4815 τὴν
2327 4745 2384 4799 έν
2409 4742 2487 4814 τῷ
2515 4741 2828 4812 Εὐαγγελίῳ
2863 4759 2948 4805 τις
2972 4742 3102 4813 λέγῃ
3126 4783 3140 4807 ,
3172 4742 3307 4810 ὅπερ
3333 4742 3480 4795 ἐστὶν
3504 4743 3685 4794 έκεῖνο
3717 4740 3785 4793 τδ

528 4838 651 4893 dem
683 4848 770 4894 est
791 4838 921 4892 illud
956 4837 1101 4909 quod
1122 4838 1451 4904 declaratur,
1478 4853 1602 4894 cum
1629 4852 1739 4909 quo
1760 4839 2095 4893 cohmrenter

2195 4834 2540 4907 δηλούμενον,
2575 4827 2620 4903 ᾧ
2650 4834 3012 4905 συνημμένως
3037 4834 3131 4887 καὶ
3159 4835 3193 4904 ἡ
3219 4832 3310 4887 τοῦ
3341 4831 3473 4886 Υἰοῦ
3512 4833 3786 4903 ὁμολογία

529 4927 650 4985 Filii
682 4928 958 4986 confessio
987 4929 1149 4986 simul
1170 4930 1595 4996 demonstratur,
1619 4945 1721 4985 nec
1738 4928 1822 4984 t‘as
1849 4936 1934 4985 est
1953 4944 2095 4993 eum,

2198 4926 2694 4991 συναναδείκνυται,
2723 4925 2817 4978 καὶ
2837 4924 2937 4979 οὐκ
2961 4923 3073 4977 ἐστι
3100 4920 3193 4979 τὸν
3223 4922 3280 4976 έν
3306 4923 3383 4994 τῷ
3412 4923 3590 4993 Πατρὶ
3620 4922 3783 4986 ὄντα,

529 5023 624 5091 qui
661 5029 747 5078 est
786 5021 840 5076 in
869 5021 1067 5086 Patre,
1118 5023 1261 5078 sicut
1295 5022 1429 5079 dicit
1475 5020 1735 5078 Dominus
1758 5062 1774 5084 ,
1809 5021 1879 5076 ab
1919 5020 2095 5090 aliqua

2197 5016 2379 5082 καθώς
2417 5034 2578 5088 φησιν
2606 5019 2635 5070 6
2667 5016 2861 5087 Κύριος
2881 5056 2896 5082 ,
2941 5014 3048 5069 ἀπό
3083 5032 3224 5078 τινος
3258 5013 3487 5084 σημείου
3516 5013 3789 5084 χρονικοῦ

530 5119 735 5181 puncto
760 5111 1042 5181 temporali
1079 5113 1333 5182 cmpisse.
1371 5110 1467 5166 Sin
1504 5121 1687 5167 autem
1720 5110 1868 5166 aliud
1921 5110 2095 5180 quod-

2197 5108 2478 5181 ἄρξασθαι.
2507 5109 2569 5162 Εἰ
2611 5108 2666 5162 δὲ
2692 5107 2855 5177 ἄλλην
2886 5124 2969 5171 τις
2996 5106 3169 5178 ἀρχὴν
3202 5107 3328 5175 παρ’
3357 5104 3577 5174 ἐκείνην
3601 5104 3788 5173 λέγει,

529 5204 654 5259 dam
687 5213 881 5274 przeter
906 5204 1036 5260 illud
1068 5204 1393 5275 principium
1426 5219 1549 5259 esse
1577 5205 1791 5271 asserit,
1823 5203 1971 5258 dicat
2000 5218 2094 5258 no~

2202 5202 2406 5257 εἰπάτω
2432 5202 2492 5255 τὸ
2530 5199 2698 5270 ὄνομα
2727 5192 2772 5268 ᾧ
2817 5199 3133 5270 σημειοῦται
3160 5196 3255 5268 τὴν
3287 5195 3540 5265 τοιαύτην
3573 5195 3791 5267 ἀρχὴν,

466 5346 469 5351 .
532 5311 654 5350 men
691 5311 800 5365 quo
837 5297 942 5352 tale
969 5296 1299 5366 principium
1330 5295 1689 5368 signiﬁcatur,
1719 5310 1844 5351 cum
1886 5295 2094 5350 nullum

2205 5294 2429 5363 μηδενὸς
2455 5292 3026 5363 καταλαμϐανομένου,
3052 5290 3157 5361 πρὸ
3184 5290 3281 5360 τῆς
3310 5288 3421 5341 τῶν
3444 5287 3658 5341 αἰώνων
3681 5303 3785 5340 συ-

531 5399 661 5444 ante
712 5391 1036 5446 saeculorum
1091 5390 1533 5446 constitutionem
1582 5388 2093 5460 comprehendatur.

2203 5387 2465 5448 στάσεως.
2490 5383 2699 5437 Οὐκοῦν
2729 5383 2882 5436 οὐδὲν
2920 5382 3067 5453 ήμᾶς
3094 5380 3461 5452 παρακινήσει
3493 5379 3593 5449 τῆς
3623 5379 3789 5432 εῦσεο

534 5477 675 5549 Ergo
715 5482 839 5537 talis
866 5498 1046 5537 sermo
1075 5498 1104 5535 a
1139 5482 1225 5552 pia
1257 5489 1312 5537 et
1361 5482 1616 5552 religiosa
1666 5481 1923 5551 opinione
1968 5493 2095 5549 erga

2200 5476 2333 5541 ϐοῦς
2360 5476 2488 5547 περὶ
2529 5475 2622 5529 τὸν
2657 5474 2917 5545 μονογενῆ
2950 5474 3082 5528 Θεὸν
3111 5471 3431 5543 ὑπολήψεως
3467 5472 3495 5523 6
3531 5469 3797 5532 τοιοῦτος

537 5568 879 5637 unigenitum
941 5575 1107 5627 Deum
1171 5572 1320 5627 nullo
1386 5573 1545 5628 modo
1603 5586 1705 5627 nos
1762 5569 2095 5631 dimovebit,

2205 5569 2359 5639 λόγος
2385 5608 2401 5635 ,
2449 5568 2551 5622 κᾶν
2599 5566 2957 5641 ὲπικροτῶσιν
3011 5567 3068 5621 αἰ
3124 5561 3294 5637 γράες
3342 5563 3419 5627 ώς
3458 5561 3670 5633 ἰσχυρῷ
3708 5558 3800 5630 τῷ

534 5662 751 5716 tametsi
792 5676 928 5718 anus
969 5664 1299 5719 muliercula:
1348 5665 1472 5720 huic
1518 5663 1805 5736 qurestioni
1843 5670 2095 5731 tanquam

2206 5660 2568 5731 προϐλήματι.
2599 5659 2848 5730 Μένομεν
2876 5656 2983 5728 γὰρ
3022 5657 3115 5709 ἐπὶ
3156 5654 3265 5708 τῶν
3294 5653 3354 5720 ἐξ
3398 5651 3577 5725 ἀρχῆς
3610 5653 3803 5720 ἐγνω-

535 5751 726 5806 valida:
756 5752 1106 5821 applaudant,
1168 5755 1435 5826 siquidem
1471 5757 1523 5811 in
1563 5756 1646 5810 his
1687 5770 1804 5824 quae
1836 5756 1902 5809 ab
1946 5754 2095 5809 initio

2211 5750 2846 5825 σμένων,ὲρηρεισμὲνον
2872 5747 3084 5820 ἔχοντες
3128 5747 3220 5801 ἐπὶ
3263 5745 3361 5816 τῆς
3394 5740 3653 5815 ἀληθείας
3698 5741 3803 5795 τὸν
