4002 6218
297 290 409 347 793

1369 288 1640 348 CONTRA
1676 290 2076 375 EUNOMIUM,
2111 288 2239 350 LIB.
2277 291 2407 347 Vill.

3431 294 3534 351 τοι

303 400 489 469 λόγον·
519 400 603 453 δτι
655 400 754 454 ὅσα
793 397 921 469 περὶ
963 397 1059 452 τοῦ
1109 398 1424 467 μονογενοῦς
1474 399 1608 454 Θεοῦ
1649 400 1826 469 λέγειν
1846 402 1873 454 ὁ

1978 408 2104 455 sunt
2153 401 2367 455 decreta
2421 413 2737 464 manemus.
2789 400 3051 457 ﬂrmatam
3088 409 3251 474 atque
3292 394 3530 460 innixam

300 492 404 562 τῆς
433 489 716 553 εὐσεϐείας
745 489 1057 543 ὑποτίθεται
1090 488 1269 556 λόγος,
1317 490 1568 561 οὐδεμίαν
1595 491 1708 561 ἔχει
1738 490 1873 562 πρὸς

301 584 400 655 τὴν
430 582 608 635 κτίσιν
633 579 733 652 τὴν
759 581 1087 650 οίκειότητα.
1116 579 1253 633 ἀλλὰ
1277 580 1454 652 πολλῷ
1475 581 1552 652 τῷ
1580 583 1730 654 μέσῳ
1751 583 1873 636 διώ-

307 689 482 744 ρισται
522 671 618 725 τοῦ
661 689 724 724 τε
781 672 963 725 πάντα
1007 671 1362 740 πεποιηκότος
1386 709 1401 735 ,
1441 672 1666 725 καὶτῶν
1696 673 1872 744 ἔργων

301 760 467 817 αὐτοῦ
510 761 578 813 τὰ
621 760 995 831 γνωρίσματα.
1032 760 1094 812 El
1137 760 1234 830 μὲν
1264 755 1356 813 οὖν
1404 762 1461 813 ὲν
1501 763 1706 834 ἑτέροις
1731 764 1872 816 τισὶν

302 849 415 923 είχέ
442 870 565 907 τινα
594 851 874 905 κοινωνίαν
901 854 929 905 ὁ
961 852 1089 914 Υίὸς
1112 851 1246 924 πρὸς
1270 853 1368 922 τὴν
1389 853 1582 913 κτίσιν.
1613 852 1717 906 ἔδει
1745 851 1870 907 πάν-

299 963 412 1009 τως
456 944 590 1016 μηδι
618 945 761 997 κατὰ
799 943 891 997 τὸν
938 944 1035 1015 τῆς
1088 943 1371 1015 ὑπάρξεως
1409 945 1608 1017 τρόπον
1659 945 1868 1017 παρηλ-

299 1033 496 1105 λάχθαι
521 1033 717 1101 λέγειν.
755 1033 819 1086 Εἰ
859 1031 916 1086 δὲ
952 1033 1177 1105 ἄμοιρος
1206 1035 1240 1104 ή
1271 1034 1446 1098 κτίσις
1472 1034 1580 1088 τῶν
1616 1036 1869 1091 τοιούτων

297 1127 419 1178 ἐστὶ
444 1125 551 1177 τῶν
601 1126 702 1178 ὃσα
745 1124 874 1194 περὶ
921 1122 1013 1177 τὸν
1055 1123 1186 1177 Υίδν
1233 1123 1629 1195 μεμαθήκαμεν
1653 1141 1667 1154 ·
1700 1124 1869 1193 ἀναγ-

302 1220 453 1270 καῖον
476 1215 694 1279 πάντως
709 1254 725 1279 ,
752 1214 887 1286 μηδὲ
911 1214 1052 1268 κατὰ
1075 1214 1231 1268 τοῦτο
1252 1214 1430 1283 λέγειν
1459 1215 1557 1285 τὴν
1586 1214 1867 1269 κοινωνίαν

300 1311 464 1378 ἔχειν.
486 1307 619 1362 Οὐδὲ
648 1307 758 1375 γὰρ
787 1308 846 1359 ὲν
873 1307 1014 1378 ἀρχῇ
1043 1301 1110 1378 ἦν
1143 1307 1177 1377 ἡ
1215 1306 1390 1370 κτίσις
1414 1346 1427 1366 ,
1456 1305 1578 1360 οὔτε
1615 1308 1747 1378 πρὸς
1778 1308 1867 1362 τὸν

297 1399 435 1452 Θεὸν
459 1395 526 1471 ἦν
546 1439 564 1465 ,
604 1397 728 1452 οὔτε
764 1396 898 1462 Θεὸς
939 1393 1028 1468 ἦν,
1064 1398 1125 1451 οὐ
1154 1397 1266 1468 ζωὴ
1287 1437 1301 1461 ,
1336 1398 1396 1451 οὐ
1427 1398 1574 1466 φῶς,
1615 1399 1713 1453 οὐκ
1736 1400 1866 1453 ἀνά-

297 1507 490 1554 στασις
511 1530 528 1556 ,
561 1490 624 1543 ού
654 1488 721 1543 τὰ
745 1488 907 1544 λοιπὰ
929 1489 1037 1544 τῶν
1063 1488 1381 1561 θεοπρεπῶν
1402 1490 1702 1560 ὀνομάτων,
1733 1485 1865 1556 οἷον,

292 1580 524 1651 ἀλήθεια
547 1619 563 1642 ,
600 1578 911 1650 δικαιοσύνη
932 1619 948 1642 ,
998 1579 1266 1648 ἁγιασμὸς
1287 1617 1303 1640 ,
1351 1580 1573 1650 κριτὴς,
1620 1580 1826 1645 δίκαιος
1848 1621 1863 1646 ,

294 1670 528 1742 ποιητὴς
556 1669 651 1725 τοῦ
680 1669 911 1735 παντὸς,
946 1669 1206 1740 ὑπάρχων
1238 1669 1346 1741 πρὸ
1378 1669 1486 1723 τῶν
1516 1669 1743 1735 αἰώνων,
1769 1671 1865 1740 βα-

295 1763 525 1817 σιλεύων
549 1762 639 1816 τὸν
668 1761 859 1826 αίῶνα,
889 1762 984 1814 καί
1014 1761 1097 1814 ἐπ’
1125 1761 1295 1815 αἰῶνα
1324 1760 1419 1814 καὶ
1446 1760 1547 1824 ἔτι,
1564 1761 1663 1815 οὐκ
1691 1760 1865 1815 ἁπαύο

294 1871 489 1924 γασμα
533 1852 690 1922 δόξης
738 1853 773 1922 ἡ
805 1850 1010 1914 κτίσις,
1053 1850 1115 1903 οὐ
1150 1849 1430 1920 χαρακτὴρ
1479 1849 1865 1911 ὑποστάσεως,

292 1948 400 2000 οὐκ
449 1944 785 2014 ἀγαθότητος
827 1940 989 1995 εἰκὼν
1009 1980 1027 2003 ,
1058 1940 1119 1993 οὐ
1151 1942 1309 2011 χάρις
1334 1978 1348 2001 ,
1373 1939 1435 1992 οὐ
1480 1938 1738 2009 δύναμις,
1770 1939 1870 1992 οὐκ

293 2037 557 2107 ἀλήθεια.
602 2034 663 2087 ού
714 2032 995 2103 σωτηρία,
1044 2033 1143 2085 οὐκ
1183 2030 1596 2101 ἀπολύτρωσις,
1648 2029 1769 2083 ούδέ
1816 2047 1868 2082 τι

291 2124 538 2178 τοιοῦτον
566 2123 700 2186 ὅλως
743 2121 853 2174 τῶν
899 2122 978 2183 είς
1006 2120 1163 2186 δόξαν
1193 2118 1288 2173 τοῦ
1339 2116 1674 2187 Μονογενοῦς
1721 2118 1869 2190 παρὰ

289 2221 400 2289 τῆς
421 2219 460 2270 Γ
465 2217 642 2290 ραφῆς
664 2215 991 2286 λεγομένων,
1026 2216 1176 2268 οὐδὲν
1207 2214 1299 2267 ἐπὶ
1326 2216 1422 2284 τῆς
1452 2214 1679 2277 κτίσεως
1704 2256 1716 2277 ,
1744 2214 1868 2268 οὔτε

296 2315 450 2367 ἐστιν
476 2352 492 2375 ,
520 2312 641 2367 οὒτε
670 2313 888 2381 λέγεται
912 2353 928 2378 ,
957 2314 1044 2367 ἴνα
1073 2312 1172 2375 τὰς
1203 2313 1533 2385 ὑψηλοτέρας
1567 2311 1866 2382 παρίστημι

287 2406 625 2476 φωνὰς,τὸ,
675 2405 822 2475 Ἐγὼ
855 2405 926 2458 ἐν
970 2405 1048 2470 τῷ
1090 2405 1269 2473 Harp!
1295 2446 1308 2470 ,
1335 2404 1433 2458 καί
1480 2407 1512 2458 ό
1554 2402 1754 2470 Πατὴρ
1800 2402 1870 2455 ἐν

286 2497 450 2566 ἐμά,
485 2496 599 2559 καὶ,
626 2496 678 2550 '0
694 2496 963 2563 ἑωρακὼς
992 2496 1097 2565 ἐμὲ
1120 2495 1339 2563 ἑώρακε
1359 2495 1466 2548 τὸν
1482 2493 1728 2562 Πατέρα,
1751 2493 1864 2555 καὶ,

294 2587 519 2653 οὐδεὶς
543 2585 664 2642 εἶδε
693 2589 801 2640 τὸν
836 2586 974 2641 Υίὸν
1022 2588 1076 2641 εί
1114 2586 1200 2655 μὴ
1241 2589 1274 2640 ό
1313 2585 1531 2652 Πατήρ.
1554 2587 1619 2641 Εί
1651 2586 1748 2656 μὲν
1776 2580 1868 2638 οὖν

288 2675 419 2748 εἶχε
451 2679 519 2731 τὰ
550 2678 772 2732 τοιαῦτα
798 2677 894 2732 καὶ
921 2676 1221 2748 τηλικαῦτα
1253 2678 1692 2748 προσμαρτυρεῖν
1721 2678 1749 2730 ό
1780 2675 1868 2729 λό-

289 2786 401 2837 γος
430 2772 497 2839 τῇ
516 2770 711 2833 κτίσει,
741 2768 920 2831 καλῶς
940 2768 1007 2822 ἂν
1032 2767 1092 2820 τὺ
1120 2769 1249 2838 περὶ
1272 2768 1473 2837 ταύτην
1501 2765 1869 2836 Θεωρούμενον

293 2858 404 2911 καὶ
424 2859 542 2920 ταῖς
571 2858 698 2928 περὶ
714 2855 809 2910 τοῦ
830 2855 1159 2926 Μονογενοῢς
1183 2856 1510 2927 ὑπολήψεσιν
1541 2855 1869 2927 ἐφαρμόζειν

288 2946 442 3016 ᾤετο
463 2946 569 2999 δεῖν
589 2985 605 3009 ,
636 2949 701 3000 ἐκ
731 2945 838 2999 τῶν
866 2946 1151 3017 ὁμοφύλων
1175 2946 1311 3018 πρὸς
1336 2946 1397 2999 τὸ
1425 2946 1681 3013 συγγενὲς
1722 2960 1869 3013 γινο-

293 3037 476 3130 μένης
497 3037 595 3108 τῆς
624 3037 995 3130 παραθέσεως.
1028 3038 1090 3091 Ei
1116 3037 1174 3091 δὲ
1204 3037 1376 3091 πάντα
1403 3037 1469 3091 τὰ
1497 3035 1715 3090 τοιαῦτα
1749 3036 1871 3106 νοὴο
1897 3070 1941 3130 c

296 3126 462 3199 ματα
482 3143 541 3179 τε
573 3126 666 3181 καὶ
692 3126 927 3197 ὀνόματα
955 3128 1089 3199 πρὸς
1135 3134 1233 3197 μὲν
1270 3127 1360 3180 τὸν
1385 3127 1602 3198 Πατέρα
1633 3130 1731 3197 τὴν
1757 3142 1871 3179 κοι-

291 3218 506 3271 νωνίαν
528 3217 641 3288 ἔχει
664 3257 679 3281 ,
705 3218 805 3283 τῆς
832 3218 889 3271 δὲ
918 3218 1045 3287 περὶ
1079 3218 1179 3287 τὴν
1221 3218 1398 3271 κτίσιν
1424 3218 1675 3280 ὑπονοίας
1704 3217 1872 3287 ὑπέρ-

294 3324 485 3363 κειται
509 3325 524 3339 *
574 3303 663 3378 ἄρ’
690 3309 749 3360 οὐ
778 3308 1098 3362 καταδύεται
1127 3310 1219 3362 ὑπ’
1252 3309 1510 3380 αἰσχύνης
1541 3311 1570 3361 ό
1595 3309 1755 3379 σοφὸς
1778 3308 1873 3362 καὶ

294 3398 559 3467 ἀγχίνους
585 3397 673 3451 διὰ
689 3399 798 3451 τῶν
830 3402 887 3452 ὲν
914 3401 980 3470 τῇ
1014 3398 1185 3453 κτίσει
1216 3398 1599 3470 θεωρουμένων
1627 3399 1874 3468 φυσιολο-

294 3486 419 3556 γῶν
446 3487 545 3556 τῆς
571 3488 800 3550 κτίσεως
833 3486 1052 3559 Κύριον,
1079 3486 1231 3542 οὔπω
1256 3488 1456 3551 συνιεὶς
1492 3489 1576 3542 ὅτι
1612 3487 1747 3541 ἄλλα
1773 3488 1874 3558 τῆς

296 3578 536 3642 κτίσεώς
574 3580 692 3633 ἐστι
719 3579 788 3633 τὰ
812 3579 1203 3651 γνωρίσματας
1246 3579 1365 3633 Τῶν
1394 3582 1503 3651 γὰρ
1537 3580 1710 3634 ὄντων
1736 3579 1875 3632 πάνο

294 3689 414 3725 των
438 3673 476 3743 ἡ
504 3671 765 3725 ἀνωτάτω
785 3670 1046 3742 διαίρεσις
1074 3673 1152 3735 εἰς
1176 3672 1238 3724 τὸ
1262 3672 1475 3725 κτιστδν
1503 3672 1597 3726 καὶ
1624 3670 1874 3725 ἄκτιστον

298 3758 405 3827 τὴν
438 3757 610 3829 τομὴν
663 3757 808 3829 ἔχει’
837 3759 898 3812 τὸ
939 3760 1036 3829 μὲν
1081 3758 1156 3824 ὡς
1210 3760 1382 3814 αίτιον
1428 3758 1520 3813 τοῦ
1554 3759 1835 3828 γεγονότος
1857 3800 1872 3825 ,

296 3850 368 3902 τὸ
390 3850 449 3904 δὲ
514 3849 591 3912 ὡς
628 3849 835 3903 ἐκεῖθεν
860 3849 1166 3918 γενόμενον.
1190 3851 1532 3922 Διῃρημένης
1573 3850 1749 3904 τοίνυν
1775 3850 1875 3920 τῆς

299 3959 365 3996 τε
393 3942 619 4011 κτιστῆς
660 3940 871 4009 φύσεως
901 3942 995 3995 καὶ
1037 3941 1134 4011 τῆς
1174 3941 1319 4005 θείας
1343 3941 1560 4005 οὐσίας,
1600 3942 1693 3994 καὶ
1724 3942 1875 3995 οὐδε-

303 4035 445 4106 μίαν
486 4033 764 4104 ἐπιμιξίαν
796 4032 1025 4104 ἐχούσης
1061 4033 1201 4087 κατὰ
1238 4032 1339 4096 τὰς
1363 4034 1724 4102 γνωριστικὰς
1752 4031 1877 4085 ίδιό·

300 4141 511 4195 τητας,
537 4124 750 4194 ἀνάγκη
799 4127 947 4177 πᾶσα
982 4124 1056 4194 μὴ
1099 4123 1186 4177 διὰ
1222 4123 1331 4176 τῶν
1371 4122 1573 4193 όμοίων
1612 4123 1876 4194 ἑκατέραν

301 4220 455 4270 νοεῖν
476 4258 492 4282 ,
532 4216 668 4287 μηδὲ
696 4218 765 4269 τὰ
796 4216 935 4269 αὐτὰ
982 4215 1333 4287 γνωρίσματα
1362 4214 1472 4269 τῶν
1518 4215 1877 4285 διεστηκότων

300 4306 455 4362 κατὰ
502 4306 594 4359 τὸν
646 4307 744 4377 τῆς
776 4306 991 4375 φύσεως
1019 4305 1173 4374 λόγον
1203 4306 1508 4376 ἀναζητεῖν.
1550 4306 1660 4377 Τῆς
1699 4305 1876 4359 τοίνυν

1974 491 2189 545 veritati
2241 489 2505 544 habentes
2555 489 2862 546 rationem:
2908 491 3035 562 quia
3087 506 3423 562 quascunque
3464 494 3535 551 de

1972 580 2253 651 unigenito
2285 579 2394 635 Deo
2426 579 2609 635 dicere
2650 581 2868 650 pietatis
2906 597 3085 638 sermo
3113 583 3375 653 suggerit,
3410 585 3535 639 nul-

1972 673 2078 726 lam
2108 671 2312 726 habent
2338 686 2460 726 cum
2491 680 2741 727 creatura
2764 675 3238 737 necessitudinem.
3259 676 3352 732 sed
3374 678 3536 747 longo

1972 759 2284 824 intervallo,
2325 769 2380 815 et
2412 761 2531 830 ejus
2557 763 2650 832 qui
2685 762 2833 826 fecit,
2867 772 2921 817 et
2943 778 3166 833 opermn
3199 766 3371 835 ipsius
3396 776 3536 822 notat

1970 861 2023 905 et
2053 850 2255 906 indicia
2287 860 2414 908 sunt
2452 851 2731 908 distincta.
2765 852 2822 907 Si
2862 854 3028 921 igitur
3060 856 3113 909 in
3154 857 3278 911 aliis
3306 858 3534 927 quibus-

1971 941 2099 996 dam
2135 942 2357 996 haberet
2408 943 2644 1013 aliquam
2696 943 3136 999 communionem
3190 945 3360 1002 Filius
3411 962 3534 1001 cum

1969 1041 2248 1096 creatura,
2275 1041 2552 1104 oporteret
2576 1035 2800 1089 omnino
2841 1034 3025 1091 dicere
3065 1051 3188 1090 eum
3234 1037 3535 1093 secundum

1967 1122 2300 1179 exsistehtiae
2333 1124 2550 1179 modum
2579 1139 2687 1179 non
2716 1123 2954 1181 dill‘erre.
2987 1125 3142 1194 Quod
3170 1129 3216 1182 si
3240 1142 3431 1184 exsors
3451 1135 3537 1184 est

1967 1222 2219 1269 creatura
2272 1215 2459 1269 taliqu
2509 1230 2849 1286 quaecunque
2902 1217 2955 1272 in
3007 1218 3144 1273 Filio
3194 1219 3529 1276 didicimus:

1966 1302 2338 1358 necessarium
2395 1304 2591 1373 plane,
2640 1320 2818 1375 neque
2862 1309 3160 1364 secundum
3213 1310 3315 1366 hoc
3353 1313 3535 1368 dicere

1967 1393 2166 1449 habere
2217 1395 2677 1451 communionem.
2734 1397 2921 1468 Neque
2974 1401 3117 1455 enim
3172 1401 3226 1455 in
3266 1403 3535 1473 principio

1965 1493 2078 1537 erat
2108 1493 2380 1548 creatura,
2407 1501 2585 1556 neque
2608 1486 2752 1557 apud
2788 1488 2959 1544 Deum
2988 1496 3135 1555 erat,
3167 1505 3345 1561 neque
3392 1492 3535 1548 Deus

1965 1585 2102 1639 erat,
2125 1591 2300 1646 neque
2327 1578 2457 1645 Vita,
2481 1594 2655 1648 neque
2685 1580 2797 1647 lux,
2833 1596 2941 1635 non
2978 1582 3329 1644 resurrectio.
3360 1598 3536 1654 neque

1967 1671 2175 1740 reliqua
2204 1672 2423 1725 nomina
2445 1686 2565 1740 quae
2593 1671 2760 1726 Deum
2796 1670 3008 1737 decent,
3054 1681 3111 1727 ut
3138 1674 3343 1729 veritas
3367 1712 3383 1738 ,
3441 1674 3533 1745 ju-

1972 1761 2145 1824 stitia,
2168 1761 2545 1827 sanctiﬁcatio,
2569 1761 2757 1831 judex,
2782 1762 2985 1830 justus,
3006 1763 3183 1832 opifex
3214 1766 3538 1836 molitorque

1971 1850 2232 1914 universi,
2259 1852 2351 1920 qui
2370 1860 2456 1907 est
2483 1861 2609 1906 ante
2629 1854 2849 1920 strcula,
2881 1853 3170 1909 moderans
3197 1855 3454 1910 saeculum
3480 1865 3536 1910 ει

1968 1956 2200 2012 regnans
2236 1943 2291 1996 in
2324 1943 2585 1999 saeculum
2616 1952 2671 1998 et
2703 1944 2867 2006 ultra,
2921 1957 3030 1998 non
3058 1945 3316 2013 splendor
3348 1946 3536 2015 gloriae

1966 2039 2251 2097 creaturas,
2283 2048 2393 2088 non
2429 2034 2734 2099 character,
2768 2034 2882 2090 sive
2915 2048 3172 2103 expressa
3204 2034 3375 2088 farina
3402 2035 3535 2091 sub-

1969 2123 2207 2188 stantiae,
2242 2139 2352 2179 non
2388 2126 2651 2181 bonitatis
2681 2125 2878 2196 imago,
2913 2139 3023 2179 non
3053 2126 3247 2196 gratia,
3275 2140 3385 2180 non
3423 2126 3537 2180 vir-

1968 2219 2078 2275 tus,
2108 2228 2217 2267 non
2246 2216 2471 2279 veritas,
2499 2229 2608 2270 non
2642 2214 2813 2278 salus,
2846 2229 2955 2268 non
2987 2212 3309 2284 redemptio,
3355 2229 3534 2285 neque

1967 2305 2097 2373 quid
2123 2305 2393 2375 ejusmodi
2419 2320 2607 2361 eorum
2632 2320 2754 2376 quae
2799 2306 2866 2361 ad
2914 2307 3142 2375 gloriam
3180 2303 3453 2376 Unigeniti
3506 2321 3536 2359 a

1971 2391 2255 2465 Scriptura
2283 2396 2564 2459 dicuntur,
2592 2397 2724 2450 nihil
2760 2396 2813 2450 in
2844 2404 3094 2454 creatura
3120 2412 3294 2467 neque
3317 2404 3402 2452 est
3444 2412 3539 2452 ne-

1971 2500 2078 2553 que
2110 2485 2329 2549 dicitur,
2369 2493 2428 2539 ut
2458 2486 2803 2541 sublimiores
2834 2486 2954 2541 illas
2997 2501 3158 2542 voces
3210 2487 3539 2557 praztermit-

1968 2584 2105 2641 tam,
2155 2577 2496 2646 nempe:Ego
2532 2578 2584 2631 in
2622 2578 2782 2631 Patre
2806 2587 2857 2632 et
2893 2578 3050 2632 Pater
3082 2581 3137 2633 in
3173 2595 3292 2642 me;
3325 2586 3401 2643 et,
3435 2578 3541 2644 Qui

1969 2667 2100 2719 vidit
2135 2683 2237 2731 me,
2285 2667 2415 2720 vidit
2456 2676 2506 2721 et
2550 2666 2786 2731 Patrem,
2835 2677 2913 2732 et,
2951 2666 3148 2722 Nullus
3174 2670 3303 2723 vidit
3334 2666 3541 2722 Filium

1970 2758 2077 2811 nisi
2118 2755 2283 2809 Pater
2307 2757 2370 2811 ⁸⁸.
2407 2756 2465 2811 Si
2513 2757 2681 2826 igitur
2727 2758 2852 2810 talia
2899 2765 2954 2812 et
3001 2767 3150 2812 tanta
3194 2758 3260 2812 de
3289 2766 3540 2814 creatura

1971 2854 2156 2917 posset
2187 2861 2368 2902 sermo
2400 2848 2608 2910 testari,
2645 2856 2792 2903 recte
2841 2848 2943 2917 ipsi
2974 2849 3288 2904 viderentur
3312 2864 3434 2920 qua:
3486 2849 3540 2903 in

1972 2939 2092 3009 ipsa
2127 2946 2469 3008 spectantur,
2504 2938 2903 2994 accommodari
2929 2954 3090 3010 posse
3120 2940 3434 2996 notionibus
3453 2940 3544 2994 his

1972 3046 2111 3101 quas
2140 3031 2208 3084 de
2244 3027 2764 3100 Unigenitojtahere
2809 3031 3092 3094 debemus,
3141 3031 3544 3101 comparatione

1973 3121 2116 3176 facta
2145 3136 2335 3176 eorum
2364 3135 2485 3189 quas
2532 3130 2660 3176 sunt
2706 3121 2949 3191 ejusdem
2997 3122 3213 3192 generis
3264 3122 3407 3178 inter
3460 3136 3541 3178 se.

1971 3214 2126 3279 Quod
2154 3216 2200 3268 si
2229 3228 2419 3268 omnes
2451 3213 2534 3268 hae
2566 3214 2819 3270 notiones
2838 3222 2893 3270 et
2924 3215 3142 3270 nomina
3172 3229 3294 3285 qua
3320 3216 3388 3270 de
3408 3212 3545 3270 Filio

1973 3302 2252 3365 dicuntur,
2284 3313 2408 3353 cum
2444 3299 2601 3354 Patre
2626 3299 2825 3355 habent
2858 3300 3297 3354 communionem
3318 3336 3334 3365 ,
3364 3297 3546 3355 notio-

1978 3407 2077 3448 nes
2107 3402 2288 3447 autem
2319 3407 2439 3463 qua
2462 3392 2530 3448 de
2563 3401 2813 3448 creatura
2841 3399 2970 3448 sunt
3008 3402 3268 3462 superant
3292 3430 3308 3457 ,
3360 3405 3542 3447 annon

1970 3484 2076 3540 iste
2104 3485 2319 3556 sapiens
2350 3492 2403 3539 et
2435 3484 2608 3540 solers
2637 3484 2845 3554 pudore
2876 3483 3252 3549 confunditur,
3280 3482 3410 3538 dum
3444 3498 3545 3554 per
3620 3499 3637 3516 ⁸

1972 3590 2037 3631 ea
2069 3590 2192 3645 quae
2219 3575 2274 3629 in
2302 3581 2553 3630 creatura
2585 3574 3022 3636 considerantur,
3049 3572 3116 3628 de
3135 3572 3363 3629 Domino
3390 3587 3545 3628 crea-

1975 3675 2131 3730 turae,
2171 3667 2319 3721 velut
2349 3665 2581 3719 naturali
2616 3665 2827 3719 ratione
2871 3663 3135 3726 disserit,
3171 3663 3403 3718 necdum
3454 3662 3544 3717 in-

1977 3757 2227 3827 telligens
2251 3756 2357 3808 alia
2383 3770 2505 3810 esse
2534 3755 2688 3824 signa
2715 3761 2769 3808 et
2793 3752 2997 3807 indicia
3023 3765 3118 3821 per
3143 3766 3265 3820 qua:
3292 3758 3544 3806 creatura

1975 3845 2320 3916 dignoscitur
2334 3844 2357 3897 ?
2371 3842 2571 3897 Eorum
2593 3842 2739 3897 enim
2758 3841 2999 3897 omnium
3023 3855 3143 3910 qua:
3159 3846 3306 3904 sunt,
3329 3855 3542 3895 summa

1975 3937 2174 3992 divisio
2223 3936 2277 3991 in
2314 3935 2365 3990 id
2389 3934 2535 4006 quod
2567 3944 2810 3989 creatum
2841 3941 2943 3996 est,
2967 3940 3021 3987 et
3046 3930 3188 4001 quod
3217 3931 3537 3995 increatum,

1978 4028 2326 4099 partitionem
2382 4027 2584 4082 habet:
2616 4026 2720 4080 hoc
2769 4024 2988 4094 quidem
3041 4029 3104 4077 ut
3149 4036 3371 4077 causam
3419 4022 3540 4090 ejus

1977 4119 2124 4190 quod
2154 4119 2354 4173 factum
2394 4125 2500 4179 est,
2544 4115 2677 4170 illud
2709 4129 2837 4168 vero
2868 4122 2927 4167 ut
2959 4113 3109 4167 illinc
3140 4111 3366 4167 factum.
3404 4111 3537 4168 Cum

1978 4211 2145 4282 igitur
2174 4219 2370 4264 natura
2404 4216 2586 4262 creata
2617 4214 2672 4260 et
2706 4205 2889 4261 divina
2935 4204 3174 4260 essentia
3214 4204 3288 4260 sit
3334 4204 3405 4257 ita
3456 4203 3542 4257 di-

1978 4307 2215 4369 stincta,
2266 4300 2583 4368 nullamque
2634 4300 2949 4352 societatem
3001 4295 3197 4350 habeat
3238 4292 3538 4350 secundum

299 4401 365 4451 ὲν
396 4399 467 4468 τῇ
499 4396 671 4450 κτίσει
697 4396 940 4465 φύσεως,
970 4395 1152 4459 καθὼς
1180 4412 1312 4467 φησι
1341 4397 1441 4468 τῆς
1464 4399 1767 4468 παναρέτου
1796 4397 1873 4451 Σο

1980 4394 2359 4465 pr0prietates,
2392 4390 2592 4460 quibus
2619 4389 3039 4459 dignoscuntur;
3066 4387 3291 4441 omnino
3321 4399 3544 4441 necesse

300 4490 438 4558 φίας
465 4491 496 4543 ό
535 4488 718 4557 λόγος,
750 4487 922 4560 ἀρχὴν
952 4488 1046 4542 καὶ
1072 4487 1221 4551 τέλος
1248 4488 1342 4542 καὶ
1377 4489 1645 4560 μεσότητα
1672 4491 1878 4559 χρόνων

301 4581 394 4648 ἐφ’
419 4579 617 4651 ἑαυτῆς
635 4579 1000 4644 δεικνυούσης,
1027 4580 1121 4633 καὶ
1145 4581 1277 4634 πᾶσι
1302 4582 1878 4653 συμπαρατεινομένης

302 4672 422 4733 τοῖς
446 4672 714 4740 χρονικοῖς
742 4669 1096 4740 διαστήμασι,
1124 4670 1326 4742 ταύτην
1349 4673 1447 4739 τὴν
1477 4673 1731 4744 ίδιότητα,
1765 4669 1877 4729 οἷόν

301 4777 432 4812 τινα
459 4759 783 4831 χαρακτῆρα
804 4758 896 4813 τοῦ
924 4760 1282 4831 ὑποκειμένου
1307 4760 1674 4832 λαμὸἀνομεν,
1709 4765 1767 4817 ὲν
1800 4762 1877 4834 τῷ

303 4853 527 4915 ⁸ιιάντως
571 4852 666 4903 καὶ
699 4849 871 4922 ἀρχὴν
899 4852 1065 4905 αὐτοῦ
1115 4870 1233 4907 τινα
1274 4853 1375 4922 τῆς
1421 4854 1730 4918 συστάσεως
1757 4853 1878 4924 βλέ-

306 4960 457 5003 πειν.
480 4941 571 4995 καὶ
588 4943 723 5012 πρὸς
745 4943 804 4995 τὸ
836 4941 998 5013 μέσον
1023 4945 1176 5016 όρᾷν.
1201 4945 1295 4997 καὶ
1322 4944 1456 5012 πρὸς
1480 4945 1542 4997 τὸ
1562 4944 1735 5016 πέρας
1757 4946 1879 5009 ταῖς

303 5032 492 5086 ἐλπίσι
559 5031 1105 5103 συμπαρατείνεσθαι.
1155 5032 1567 5103 Μεμαθήκαμεν
1631 5034 1738 5104 γὰρ
1796 5034 1878 5088 ὅτι

303 5124 436 5178 οὔτε
464 5121 526 5189 ἐξ
555 5124 725 5178 ἀϊδίου
748 5120 817 5195 ἦν
842 5126 872 5178 ό
913 5125 1137 5197 οὐρανὸς
1158 5164 1173 5189 ,
1211 5124 1305 5178 καὶ
1339 5126 1373 5195 ἠ
1405 5125 1509 5196 γῆ,
1554 5124 1678 5180 οὔτε
1708 5126 1787 5188 είς
1818 5125 1878 5179 τὸ

305 5215 483 5268 ἀΐδιον
517 5218 668 5269 ἔσται
693 5256 709 5280 ,
743 5217 820 5280 ὡς
849 5220 915 5271 ὲκ
938 5218 1124 5272 τούτου
1158 5218 1316 5288 δῆλον
1358 5212 1516 5283 εῖναι,
1546 5217 1628 5270 ὅτι
1653 5218 1744 5272 καὶ
1769 5216 1878 5271 ἀπὸ

304 5307 486 5377 ἀρχῆς
517 5324 659 5371 τινος
698 5308 767 5362 τὰ
789 5309 915 5363 ὄντα
942 5309 1145 5380 ἤρξατο
1165 5349 1179 5372 ,
1219 5310 1311 5362 καὶ
1337 5310 1417 5374 εἷς
1442 5327 1494 5363 τι
1528 5309 1742 5373 πάντως
1779 5325 1877 5363 κα-

305 5398 531 5468 ταλήξει
560 5399 752 5470 πέρας.
807 5402 872 5455 Ἡ
914 5402 970 5455 δὲ
1013 5401 1134 5455 Θεία
1166 5400 1325 5470 φύσις
1370 5401 1489 5455 κατ’
1534 5401 1686 5455 οὑδὶν
1713 5402 1877 5473 μέρος

308 5490 693 5563 περατουμένη
717 5532 733 5557 ,
767 5493 903 5548 ἀλλὰ
941 5495 1269 5566 πανταχόθεν
1314 5496 1373 5549 ὲν
1399 5493 1478 5566 τῷ
1504 5495 1740 5569 ἀορίστῳ
1767 5496 1876 5550 πᾶν

407 5667 622 5729 “Joau.
660 5688 772 5740 xiv,
802 5674 853 5730 9.

1971 4493 2058 4543 est
2088 4501 2196 4539 non
2251 4499 2347 4553 per
2401 4483 2600 4538 similia
2639 4492 2926 4552 utramque
2976 4481 3312 4551 intelligere,
3365 4495 3543 4549 neque

1971 4576 2189 4632 easdem
2218 4583 2377 4630 notas
2416 4589 2513 4630 seu
2569 4573 2899 4645 cognitionis
2931 4573 3165 4643 insignia
3194 4588 3384 4627 eorum
3421 4587 3544 4642 quas

1973 4667 2274 4725 secundum
2298 4676 2509 4722 naturae
2537 4667 2804 4721 rationem
2827 4665 3053 4728 distant,
3085 4667 3381 4737 inquirere.
3402 4665 3539 4720 Cum

1974 4758 2140 4828 igitur
2166 4765 2362 4811 natura
2398 4764 2605 4821 creata,
2638 4756 2780 4810 sicut
2808 4754 2884 4808 ait
2906 4750 3296 4822 omnipotentis
3312 4754 3544 4824 Sapien-

1976 4851 2065 4906 tia:
2091 4864 2295 4915 sermo,
2325 4849 2648 4919 principium
2681 4854 2735 4903 et
2769 4847 2928 4901 linem
2957 4855 3011 4901 et
3053 4846 3290 4902 medium
3354 4861 3543 4915 empo-

1978 4955 2099 4994 rum
2134 4941 2189 4993 in
2224 4939 2403 5008 seipsa
2425 4939 2785 5000 demonstret,
2814 4945 2869 4990 et
2896 4949 3022 4990 cum
3050 4935 3305 4990 omnibus
3334 4943 3545 5005 tempo-

1977 5031 2187 5086 ralibus
2231 5030 2533 5085 intervallis
2563 5028 2889 5083 extendatur
2909 5066 2927 5094 ,
2957 5026 3101 5081 hanc
3154 5025 3542 5097 proprietatem

1979 5123 2129 5178 velut
2157 5122 2528 5176 characterem
2559 5118 2869 5190 quemdam,
2900 5117 2951 5170 id
2981 5124 3065 5171 est
3099 5127 3282 5170 notam
3309 5116 3544 5185 subjecti

1980 5215 2271 5278 sumimus,
2304 5213 2359 5266 in
2390 5227 2457 5266 eo
2490 5211 2637 5282 quod
2656 5209 2877 5281 aliquod
2912 5208 3241 5279 principium
3273 5221 3385 5262 suae
3406 5222 3545 5262 con-

1980 5307 2285 5364 stitutionis
2330 5304 2581 5360 videmus
2604 5342 2619 5368 ,
2654 5312 2708 5357 et
2743 5302 2978 5357 medium
3024 5301 3300 5356 cernimus
3323 5340 3338 5365 ,
3373 5308 3429 5355 ει
3476 5297 3545 5354 ad

1978 5408 2282 5454 extremum
2311 5396 2603 5453 terminum
2628 5409 2725 5465 spe
2751 5395 2955 5465 pariter
2981 5392 3347 5449 extendimur.
3395 5390 3548 5448 Didi-

1978 5493 2155 5548 cimus
2203 5490 2349 5547 enim
2394 5488 2539 5560 quod
2586 5487 2785 5544 coalum
2837 5500 2947 5542 non
2992 5493 3078 5541 est
3115 5483 3184 5540 ab
3214 5493 3451 5550 teterno,
3488 5497 3546 5543 ει
