4002 6218
386 271 391 277 ’
434 253 538 312 735

1739 252 1796 307 S.
1828 250 2147 307 CREGOllll
2188 246 2478 303 NYSSENI

3570 242 3665 297 I96

435 380 606 434 terra,
633 383 809 440 neque
837 368 892 423 in
926 376 1193 423 aternum
1222 366 1349 432 erit,
1386 373 1444 419 ut
1471 379 1534 420 ex
1577 379 1642 419 eo
1678 365 1749 418 sit
1794 366 2001 436 perspi-

2111 364 2311 434 πέρας,
2351 362 2701 417 διαϐαίνουσα
2729 401 2744 425 ,
2786 358 3066 431 πόρρωθέν
3112 358 3227 411 ἐστι
3269 356 3377 410 τῶν
3428 357 3521 411 ἐπὶ
3573 360 3670 428 τῆς

432 476 620 524 cuum,
655 459 796 529 quod
833 458 902 512 ab
927 457 1111 527 aliquo
1140 457 1408 527 principio
1438 470 1558 525 qua
1585 462 1712 509 sunt
1739 455 1791 508 in
1825 470 2002 508 rerum

433 560 630 606 natura
660 558 964 621 coeperunt,
992 550 1126 604 etin
1164 547 1385 617 aliquod
1423 554 1730 601 extremum
1779 560 2005 614 prorsus

434 643 704 698 desinent.
738 640 927 694 Divina
965 648 1146 696 autem
1185 650 1379 694 natura
1423 639 1573 692 nulla
1623 647 1772 707 parte
1817 639 2004 692 termi-

436 741 585 797 nata,
618 731 711 788 sed
748 733 986 802 undique
1034 733 1088 785 in
1138 731 1410 785 infinitum
1463 745 1678 785 omnem
1715 729 2002 783 terminum

438 839 746 894 permeans,
785 824 942 892 longe
968 823 1120 877 abest
1149 823 1215 875 ab
1242 814 1328 875 his
1357 820 1529 890 signis
1552 830 1605 875 et
1634 820 1778 875 notis
1807 835 1926 889 qua
1952 820 2005 873 in

437 924 689 969 creatura
719 914 1093 968 inveniuntur.
1133 912 1344 967 Etenim
1376 911 1737 966 dimensionis
1788 926 2005 981 expers,

436 1008 552 1061 sine
575 1006 873 1075 quantitate
893 1012 949 1058 et
968 1004 1441 1072 incircumscripta
1470 1002 1729 1072 potentia,
1750 1003 1801 1055 in
1826 1004 2007 1071 seipsa

436 1098 804 1166 complectens
838 1095 1059 1159 sacula,
1094 1101 1147 1149 et
1174 1109 1389 1148 onmem
1417 1109 1540 1163 qua
1576 1093 1628 1146 in
1666 1093 1800 1165 ipsis
1829 1093 2008 1146 conti-

438 1195 597 1242 netur
631 1194 963 1250 creaturam,
994 1195 1157 1256 atque
1185 1186 1333 1239 omni
1360 1200 1427 1239 ex
1471 1193 1627 1254 parte
1676 1185 2003 1239 saculorum

437 1279 758 1333 inlinitatem
787 1279 1021 1349 propria
1050 1286 1256 1331 natura
1298 1277 1601 1331 aeternitate
1648 1292 2004 1346 exsuperans,

439 1370 522 1423 vel
552 1369 761 1422 nullum
792 1369 954 1422 habet
980 1367 1194 1437 signum
1231 1365 1376 1436 quod
1405 1373 1657 1420 naturam
1687 1366 1806 1434 ejus
1845 1366 2011 1433 signi-

439 1460 583 1524 ficet,
623 1460 706 1514 vel
734 1460 879 1513 aliud
910 1457 1167 1527 quiddam
1199 1456 1442 1532 omnino,
1473 1466 1525 1511 et
1570 1458 1712 1526 quod
1760 1466 2007 1510 creatura

438 1567 546 1605 non
576 1551 755 1605 habet.
791 1550 1057 1616 Quoniam
1090 1549 1255 1618 igitur
1279 1548 1560 1618 prOprium
1596 1557 1865 1603 creatura
1900 1555 2005 1609 est,

438 1643 768 1713 principium
816 1642 1055 1705 habere,
1107 1640 1343 1694 alienqu
1389 1657 1613 1710 prorsus
1657 1641 1725 1694 ab
1769 1641 2007 1694 increata

2105 457 2332 517 κτίσεως
2362 451 2762 522 εὑρισκομένων
2797 449 3055 520 σημείων.
3107 448 3171 500 Ἠ
3210 447 3318 518 γὰρ
3355 446 3675 508 ἁδιὰστατος

2106 544 2199 597 καὶ
2221 545 2419 606 ἄποτος
2449 542 2541 594 καὶ
2565 541 2973 612 ἁπερίγραπτος
2999 538 3223 608 δύναμις
3239 580 3253 602 ,
3278 540 3335 589 ὲν
3356 539 3521 605 ἑαυτῇ
3548 538 3677 599 τοὺς

2105 635 2303 697 αἰῶνας
2333 634 2426 687 καὶ
2464 634 2644 686 πᾶσαν
2671 630 2767 701 τὴν
2799 634 2854 683 ὲν
2882 630 3088 692 τούτοις
3118 629 3313 698 ἔχουσα
3335 627 3511 680 κτίσιν
3530 667 3544 687 ,
3580 626 3679 678 καὶ

2107 726 2438 794 πανταχόθεν
2472 725 2568 793 τῆς
2601 723 2709 778 τῶν
2747 722 2956 777 αἰώνων
3003 721 3257 793 ἀπειρίας
3300 723 3366 791 τῇ
3414 719 3676 789 ἀῖδιότητι

2105 817 2206 887 τῆς
2245 817 2375 879 ίδίας
2401 815 2881 887 ὑπερεκπίπτουσα
2905 813 3147 882 φύσεως,
3179 812 3213 883 ἢ
3255 813 3405 864 οὐδὲν
3440 810 3551 880 ἔχει
3578 827 3677 880 ση-

2110 911 2260 979 μεῖον
2288 907 2350 961 τὸ
2381 905 2731 977 καταμηνύον
2759 905 2857 975 τὴν
2886 903 3045 973 φύσιν
3064 943 3080 967 ,
3123 902 3155 972 ἢ
3191 902 3317 956 ἄλλο
3353 919 3405 954 τι
3436 902 3678 965 πάντως,

2107 1002 2200 1053 καὶ
2224 1001 2322 1069 οὑχ
2341 1001 2476 1070 ὅπερ
2501 1001 2535 1069 ἡ
2559 998 2734 1061 κτίσις
2773 997 2905 1066 ἔχει.
2949 996 3104 1050 Ἐπεὶ
3129 991 3221 1049 οὖν
3260 994 3389 1048 ἴδιον
3421 994 3521 1063 τῆς
3557 992 3676 1046 κτί-

2108 1107 2244 1152 σεως
2269 1090 2327 1143 τὸ
2353 1088 2526 1160 ἀρχὴν
2558 1088 2733 1159 ἔχειν,
2758 1087 3036 1158 ἀλλότριον
3062 1088 3129 1144 ἂν
3166 1084 3249 1155 εἴη
3289 1085 3386 1155 τῆς
3417 1084 3677 1138 ἁκτίστου

2110 1181 2324 1251 φύσεως
2347 1182 2406 1233 τὸ
2442 1181 2536 1246 τῆς
2565 1180 2790 1241 κτίσεως
2822 1177 2975 1231 ἴδιον.
3003 1178 3067 1229 El
3094 1176 3200 1247 γὰρ
3229 1175 3348 1227 καθ’
3379 1174 3676 1244 ὁμοιότητα

2109 1272 2333 1334 κτίσεως
2385 1270 2479 1324 καὶ
2511 1270 2607 1340 τὴν
2646 1269 2739 1323 τοῦ
2778 1267 3112 1338 Μονογενοῦς
3165 1266 3393 1337 ὓπαρξιν
3439 1267 3505 1319 ἐκ
3533 1282 3677 1328 τινος

2111 1363 2662 1432 καταλαμϐανομένης
2690 1362 2862 1431 ἀρχῆς
2894 1360 3239 1415 ὑποτίθεσθαί
3279 1377 3361 1422 τις
3401 1358 3674 1424 ἀξιώσειε,

2112 1455 2229 1508 κατ’
2261 1454 2503 1523 ἀνάγκην
2553 1454 2729 1506 πάντα
2774 1452 2914 1505 κατὰ
2949 1450 3043 1521 τὴν
3082 1450 3189 1504 τῶν
3226 1449 3423 1502 λοιπῶν
3453 1447 3677 1501 ἀκολού-

2112 1546 2260 1601 θειαν
2304 1546 2381 1616 τῷ
2433 1546 2560 1614 περὶ
2602 1545 2789 1598 τούτου
2827 1545 2970 1615 λόγῳ
3002 1543 3419 1612 συνεφαρμόσει.
3451 1541 3527 1593 Οὑ
3567 1539 3677 1610 γὰρ

2111 1638 2228 1691 ἔστι
2277 1640 2374 1709 τῆς
2406 1639 2575 1710 ἀρχῆς
2607 1638 2849 1707 δοθείσης
2901 1636 2977 1707 μὴ
3022 1634 3445 1706 συνομολογῆσαι
3487 1635 3580 1686 καὶ
3616 1633 3677 1686 τὸ

439 1742 657 1796 natura,
684 1733 829 1803 quod
858 1740 1120 1788 creatura
1158 1741 1243 1787 est
1297 1735 1598 1802 proprium.
1642 1731 1698 1786 Si
1748 1733 1892 1786 enim
1936 1732 2004 1785 ad

2111 1731 2206 1784 έπό
2213 1746 2391 1801 μενον.

445 1825 861 1879 similitudinem
893 1835 1157 1879 creatura:
1204 1826 1370 1879 etiam
1414 1824 1689 1895 Unigeniti
1740 1825 2117 1879 cxsisteutiam
2190 1823 2259 1878 ab
2323 1822 2507 1892 aliquo
2568 1818 3039 1889 comprehens’ibili
3106 1817 3373 1888 principio
3415 1815 3675 1886 corpisse,

440 1930 748 1986 supponere
801 1916 924 1984 quis
969 1915 1288 1978 censuerit,
1342 1916 1651 1972 necessario
1698 1928 1752 1970 et
1788 1916 1997 1985 reliqua
2035 1915 2244 1985 quain
2289 1923 2543 1969 creatura
2611 1911 2985 1976 invaduntur,
3029 1910 3229 1965 rationi
3268 1907 3388 1979 ejus
3455 1922 3678 1963 accom-

440 2007 764 2062 modaverit.
795 2006 912 2060 Non
948 2007 1092 2061 enim
1123 2008 1393 2077 integrum
1442 2014 1527 2062 est
1573 2009 1701 2061 dato
1744 2008 2009 2077 principio
2048 2022 2156 2060 non
2182 2006 2345 2060 simul
2373 2004 2617 2059 confiteri
2641 2002 2783 2073 quod
2814 2002 3077 2071 sequitur.

516 2097 987 2163 Quemadmodum
1013 2099 1157 2152 enim
1183 2100 1229 2151 si
1259 2099 1384 2166 quis
1414 2098 1688 2153 hominem
1717 2114 1840 2152 esse
1873 2113 2006 2151 con-

440 2189 696 2253 cesserit,
732 2205 854 2257 qua
879 2197 1008 2243 sunt
1040 2198 1246 2242 natura
1268 2189 1519 2243 humana
1542 2204 1666 2243 eum
1692 2191 1891 2243 habere
1913 2205 2008 2259 per

444 2281 589 2333 hanc
617 2278 1025 2333 confessionem
1074 2279 1363 2342 annexuit,
1400 2287 1451 2333 et
1502 2279 1701 2332 animal
1748 2280 1923 2350 ipsum
1955 2287 2009 2334 et

441 2366 713 2421 rationale
741 2365 953 2429 dicens.
976 2369 1093 2421 etsi
1125 2367 1255 2437 quid
1282 2367 1428 2422 aliud
1465 2366 1519 2422 in
1546 2368 1767 2424 homine
1806 2370 2009 2423 intelli-

440 2459 613 2529 gitur:
680 2457 870 2514 eadem
910 2459 1121 2514 ratione
1172 2460 1219 2514 si
1267 2474 1435 2513 unum
1490 2460 1620 2528 quid
1658 2476 1847 2515 eorum
1888 2477 2009 2530 qua

444 2550 666 2621 proprie
694 2558 958 2606 creaturae
1003 2553 1399 2617 attribuuntur,
1444 2549 1500 2604 iu
1540 2552 1723 2607 divina
1757 2553 2001 2609 essentia

443 2642 897 2708 intellexerimus,
942 2642 1056 2710 jam
1130 2658 1236 2697 non
1278 2644 1439 2697 nobis
1474 2644 1703 2698 liberum
1750 2645 1855 2699 erit
1896 2659 2012 2698 am-

451 2736 593 2804 plius
625 2736 888 2787 rationem
942 2748 1132 2787 eorum
1179 2749 1298 2801 qua
1342 2734 1397 2786 in
1437 2734 1554 2803 ipsa
1597 2733 2013 2787 coiisidcrantur

453 2835 665 2879 natura
705 2823 996 2878 immortali
1038 2837 1145 2875 non
1182 2823 1474 2889 applicare.
1504 2820 1836 2892 Principium
1867 2823 2011 2877 enim

443 2917 684 2971 violente
716 2921 770 2969 et
810 2916 1124 2967 necessario
1193 2911 1340 2989 quod
1382 2919 1504 2980 post
1541 2912 1717 2980 ipsmn
1767 2913 2013 2982 sequitur

443 3007 624 3077 exiget
672 3022 685 3058 :
735 3002 1064 3072 principium
1139 3000 1284 3055 enim
1335 3001 1480 3070 quod
1541 3002 1622 3056 sic
1672 3002 2011 3071 intelligitur,

443 3110 633 3149 eorum
661 3110 782 3164 qua
808 3103 929 3163 post
975 3094 1160 3162 ipsum
1190 3099 1318 3146 sunt
1349 3093 1674 3163 principium
1703 3104 1803 3149 est.
1836 3092 2015 3161 Quare

444 3188 492 3242 si
524 3186 614 3239 illa
650 3184 872 3248 fuerint,
909 3194 964 3239 et
1021 3185 1124 3238 hoc
1149 3199 1271 3240 esse
1296 3200 1520 3240 necesse
1539 3193 1663 3240 est:
1698 3187 1743 3241 si
1770 3200 1897 3240 vero
1924 3186 2014 3241 illa

445 3276 657 3332 sublata
716 3275 938 3338 fuerint,
996 3291 1169 3346 neque
1229 3276 1372 3345 quod
1439 3276 1707 3331 antecedit
1770 3292 2010 3332 manere.

2184 2097 2394 2168 Ὥσπερ
2444 2095 2554 2166 γὰρ
2590 2094 2643 2147 εἰ
2677 2112 2761 2157 τις
2793 2093 3076 2162 ἄνθρωπον
3118 2088 3256 2147 εἶναι
3287 2092 3401 2163 δοίη
3423 2133 3437 2157 ,
3469 2091 3563 2145 τὸν
3606 2092 3677 2146 τὰ

2106 2188 2207 2256 τῆς
2253 2187 2465 2254 φύσεως
2505 2187 2593 2238 διὰ
2634 2185 2731 2255 τῆς
2770 2183 3058 2254 ὁμολογίας
3101 2182 3299 2251 ταύτης
3344 2185 3669 2255 συνήρτησε,

2107 2278 2202 2331 καὶ
2231 2277 2365 2339 ζῶον
2397 2275 2559 2329 αὑτὸν
2607 2274 2702 2328 καὶ
2744 2274 2955 2343 λογικὸν
2984 2269 3121 2327 εἶναι
3158 2273 3329 2342 λέγων
3349 2314 3366 2340 ,
3396 2275 3491 2327 καὶ
3528 2275 3582 2326 εἰ
3618 2290 3671 2326 τι

2108 2371 2234 2425 ἄλλο
2271 2373 2470 2423 νοεῖται
2520 2368 2645 2439 περὶ
2696 2368 2784 2422 τὸν
2835 2368 3139 2438 ἄνθρωπον⁸
3202 2366 3349 2421 κατὰ
3375 2366 3466 2419 τὸν
3508 2367 3672 2420 αὑτὸν

2108 2462 2263 2531 λόγον
2290 2500 2305 2525 ,
2334 2463 2383 2515 εί
2416 2462 2473 2513 ἓν
2505 2478 2556 2513 τι
2583 2459 2690 2513 τῶν
2719 2459 2845 2529 περὶ
2874 2460 2971 2530 τὴν
3013 2458 3188 2511 κτίσιν
3236 2458 3541 2527 ἰδιωμάτων
3581 2458 3673 2510 ἐπὶ

2108 2553 2204 2623 τῆς
2254 2551 2402 2616 θείας
2450 2552 2634 2614 οὐσίας
2679 2551 3147 2622 κατανοήσωμεν,
3188 2550 3364 2603 οὐκέτ’
3412 2551 3499 2618 ἐφ’
3541 2551 3673 2619 ἡμῖν

2109 2643 2257 2696 ἔσται
2285 2683 2298 2706 ,
2333 2643 2423 2696 τὸν
2449 2643 2605 2710 λόγον
2634 2642 2739 2695 τῶν
2778 2642 2864 2694 ἐπ’
2914 2642 3082 2711 αὐτῆς
3128 2639 3548 2711 θεωρουμένων,
3597 2639 3675 2709 μὴ

2109 2732 2413 2803 ἐφαρμόσαι
2455 2734 2520 2801 τῇ
2565 2729 2825 2800 ἀκηράτῳ
2854 2728 3031 2798 φύσει.
3076 2726 3136 2780 Ἦ
3184 2727 3293 2796 γὰρ
3316 2727 3457 2798 ἁρχὴ
3487 2726 3670 2795 βιαίως

2109 2840 2167 2876 τε
2192 2823 2284 2876 καὶ
2307 2820 2617 2889 ἀναγκαίως
2645 2820 2705 2873 τὸ
2732 2820 2847 2890 μεθ’
2875 2817 3389 2888 έαυτὴν’ἀκόλουθον
3418 2817 3674 2887 ἐπιζητή-

2113 2932 2214 2968 σει·
2243 2916 2276 2987 ή
2307 2914 2415 2985 γὰρ
2435 2912 2577 2966 οὕτω
2599 2912 2862 2983 νοουμένη
2893 2912 3034 2982 ἁρχὴ
3054 2911 3161 2964 τῶν
3190 2911 3304 2981 μετ’
3324 2912 3494 2981 αὑτήν
3521 2913 3674 2964 ἐστιν

2111 3007 2280 3079 ἀρχὴ,
2312 3006 2453 3059 ὥστε
2508 3008 2556 3059 εἰ
2585 3007 2766 3059 ἐκεῖνα
2789 3004 2873 3076 εἴη
2901 3044 2917 3070 ,
2952 3006 3047 3057 καὶ
3082 3004 3285 3075 ταύτην
3312 2999 3482 3057 εἶναι·
3521 3005 3571 3057 εἰ
3612 3004 3673 3058 δὶ

2111 3099 2384 3169 ἀναιροῖτο
2411 3096 2478 3162 ἠ
2508 3096 2846 3167 συνημμένα,
2881 3097 3013 3167 μηδὲ
3049 3096 3111 3149 τὸ
3142 3096 3544 3167 προηγούμενον
3574 3097 3675 3167 μέ-

2112 3202 2244 3239 νειν.
2268 3185 2378 3254 Τῆς
2406 3186 2582 3239 τοίνυν
2609 3185 2795 3254 σοφίας
2843 3186 2938 3237 καὶ
2998 3185 3268 3256 μεσότητα
3304 3188 3395 3239 καὶ
3424 3185 3573 3250 τέλος
3605 3190 3671 3256 τῇ

2113 3277 2253 3347 ἀρχῇ
2285 3276 2631 3347 προτιθείσης
2651 3315 2665 3337 ,
2696 3277 2745 3328 εἰ
2786 3276 3041 3347 λάὸοιμεν
3067 3277 3159 3329 ἐπὶ
3187 3276 3283 3345 τῆς
3307 3275 3401 3329 τοῦ
3436 3279 3673 3345 Μονογε-

444 3369 583 3421 (ἰιιιιι
609 3366 775 3437 igitur
825 3366 1093 3437 sapientia
1150 3374 1204 3420 et
1232 3366 1573 3422 medietatem
1597 3375 1651 3423 et
1679 3367 1839 3421 finem
1863 3369 2009 3438 prin-

2115 3368 2239 3431 νοῦς
2264 3369 2476 3437 φύσεως
2515 3368 2689 3438 ἀρχήν
2717 3385 2837 3421 τινα
2863 3369 2969 3422 ἀπό
2998 3386 3141 3432 τινος
3172 3367 3394 3439 σημείου
3426 3370 3673 3440 ὁριζομέ-

342 3484 359 3499 ·
445 3459 592 3531 cipio
626 3465 927 3528 prapouat,
971 3457 1015 3513 si
1048 3458 1103 3510 in
1153 3455 1427 3528 Unigeuiti
1456 3467 1648 3512 natura
1678 3459 2009 3529 principium

445 3548 666 3621 aliquod
694 3548 814 3619 ejus
846 3547 1213 3604 subsistentia
1246 3548 1315 3602 ab
1362 3548 1544 3618 aliquo
1583 3557 1784 3618 puncto
1835 3550 2011 3605 deter-

446 3641 711 3696 minatum
745 3638 1160 3709 sumpserimus,
1215 3638 1358 3693 sicut
1398 3638 1729 3708 dogmatizat
1763 3640 2007 3707 haresis,

447 3731 635 3803 procul
672 3730 840 3784 dubio
889 3727 1153 3783 concedet
1175 3727 1458 3797 sapientia,
1504 3736 1558 3782 et
1592 3728 1752 3782 finem
1796 3736 1851 3783 et
1892 3745 2009 3785 me-

446 3825 596 3878 dium
625 3820 896 3893 principio
933 3819 1216 3889 copulare.
1240 3818 1395 3885 Quod
1430 3819 1474 3874 si
1499 3819 1603 3872 hoc
1632 3819 1745 3886 fiat,
1770 3820 2012 3875 invenie-

445 3924 536 3971 tur
598 3913 757 3968 nobis
798 3911 1084 3980 theologus
1137 3910 1238 3965 iste
1270 3910 1604 3980 argumentis
1638 3911 2014 3968 demonstrare

439 4005 618 4059 Deum
667 4002 952 4056 mortalem
995 4016 1137 4055 esse.
1188 3999 1245 4054 Si
1296 3999 1438 4054 enim
1498 4001 1823 4071 principium
1881 4002 2007 4057 finis

448 4095 750 4153 secundum
779 4094 1046 4148 rationem
1076 4092 1359 4162 sapientia
1387 4093 1699 4146 necessario
1741 4094 2009 4163 sequitur,

449 4186 688 4241 medium
737 4186 898 4239 etiam
952 4183 1094 4238 inter
1149 4192 1394 4238 extrema
1450 4182 1853 4237 consideratur:
1921 4181 2012 4253 qui

447 4292 617 4332 unum
648 4276 878 4339 dederit,
902 4282 1170 4345 potestate
1201 4283 1255 4330 et
1284 4275 1389 4329 alia
1418 4275 1580 4330 simul
1606 4275 1825 4339 astruit,
1863 4290 2015 4329 men-

446 4386 609 4425 suras
629 4377 682 4423 et
708 4374 1011 4423 extremum
1039 4368 1161 4420 vita
1191 4366 1349 4420 fincm
1415 4375 1623 4421 natura
1645 4367 1866 4421 infinita
1919 4369 2014 4423 de-

450 4461 771 4516 terminans.
822 4459 980 4526 Quod
1014 4460 1062 4513 si
1094 4462 1199 4512 hoc
1230 4460 1454 4529 impium
1485 4468 1569 4514 est
1610 4468 1663 4514 et
1694 4461 2010 4525 absurdum,

446 4553 643 4621 aequali
702 4552 787 4605 vel
822 4551 988 4605 etiam
1021 4549 1227 4619 majore
1258 4552 1610 4603 accusatione
1654 4551 1876 4620 dignum
1906 4559 2010 4611 est,

455 4641 788 4711 principium
822 4639 955 4695 dare
995 4639 1233 4695 sermoni
1263 4640 1316 4691 in
1351 4639 1679 4706 impietatem
1712 4640 2012 4693 desinenti:

2111 3478 2208 3530 νην
2238 3462 2336 3531 τῆς
2377 3460 2720 3521 ὑποστάσεως
2747 3499 2762 3524 ,
2794 3459 2974 3523 καθὼς
3024 3460 3334 3530 δογματίζει
3377 3463 3411 3530 ἡ
3445 3462 3670 3532 αἵρεσις,
3706 3522 3709 3525 η

2111 3551 2173 3604 ού
2202 3551 2543 3621 συγχωρήσει
2574 3552 2789 3613 πάντως
2823 3553 2857 3620 ἡ
2900 3550 3060 3620 σοφία
3085 3589 3099 3613 ,
3142 3550 3216 3622 μὴ
3267 3553 3360 3604 καὶ
3405 3553 3466 3604 τὸ
3504 3553 3673 3622 πέρας

2111 3642 2205 3695 καὶ
2233 3642 2291 3694 τὸ
2326 3642 2487 3712 μέσον
2516 3644 2582 3712 τῇ
2623 3644 2763 3713 ἀρχῇ
2800 3642 3151 3712 συναρτῆσαι.
3194 3644 3255 3696 Ei
3287 3644 3343 3697 δὲ
3386 3643 3542 3696 τοῦτο
3584 3644 3677 3712 γέ-

2112 3750 2273 3796 νοιτο,
2303 3733 2659 3804 εὑρεθήσεται
2688 3735 2817 3803 ἡμῖν
2842 3734 2870 3784 ὀ
2901 3732 3141 3801 θεολόγος
3160 3772 3175 3797 ,
3208 3734 3398 3803 θνητὸν
3430 3738 3538 3799 τοῖς
3564 3737 3677 3788 ἑπι-

2112 3824 2439 3893 χειρήμασιν
2468 3821 2831 3876 ἀποδεικνύων
2870 3822 2932 3875 τὸ
2966 3822 3138 3876 Θεῖον.
3182 3824 3243 3876 Εἰ
3272 3824 3382 3895 γὰρ
3423 3826 3489 3895 τῇ
3530 3826 3672 3897 ἀρχῇ

2111 3914 2172 3966 τὸ
2194 3914 2343 3977 τέλος
2370 3914 2508 3967 κατὰ
2535 3914 2623 3966 τὸν
2661 3912 2760 3982 τῆς
2817 3913 3007 3981 σοφίας
3043 3913 3198 3982 λόγον
3233 3914 3541 3983 ἀναγκαίως
3581 3918 3679 3984 ἐφ-

2114 4007 2322 4069 έπεται,
2343 4008 2437 4060 καὶ
2467 4006 2526 4059 τὸ
2553 4005 2713 4076 μέσον
2743 4006 3083 4075 ὲνθεωρεῖται
3107 4008 3219 4070 τοῖς
3253 4006 3506 4079 πέρασιν
3562 4011 3592 4062 ὁ
3614 4009 3677 4062 τὸ

2113 4096 2170 4150 ἒν
2214 4096 2374 4162 δοὺς,
2406 4099 2470 4168 τῇ
2507 4096 2730 4165 δυνάμει
2779 4096 2872 4149 καὶ
2918 4096 2987 4149 τὰ
3013 4096 3145 4150 ἄλλα
3182 4097 3674 4166 συγκατεσκεύασε,

2117 4187 2290 4258 μέτρα
2321 4188 2415 4240 καὶ
2448 4187 2617 4258 πέρας
2659 4186 2805 4256 ζωῆς
2853 4187 3049 4258 ὁρίζων
3094 4192 3156 4260 τῇ
3207 4190 3441 4260 ἀορίστῳ
3494 4193 3673 4259 φύσει.

2115 4279 2177 4332 Εἰ
2214 4278 2271 4330 δὲ
2299 4278 2454 4331 τοῦτο
2477 4277 2671 4339 ἀσεῦές
2711 4294 2770 4329 τε
2801 4278 2892 4330 καὶ
2918 4279 3149 4345 ἄτοπον,
3183 4281 3281 4348 τῆς
3316 4280 3437 4350 τσης
3495 4282 3526 4350 ἢ
3580 4283 3678 4336 καὶ

2118 4368 2372 4440 μείζονος
2420 4368 2568 4434 ἄξιον
2614 4367 2947 4438 κατηγορίας
2983 4370 3099 4422 ἐστὶ
3125 4410 3140 4435 ,
3182 4371 3244 4423 τὺ
3275 4373 3448 4444 ἀρχὴν
3495 4374 3681 4429 δοῦναι

2113 4458 2190 4528 τῷ
2219 4457 2360 4527 λόγῳ
2386 4456 2461 4526 τῷ
2491 4456 2741 4510 ἀσέϐειαν
2765 4458 2979 4524 λέγοντι
2998 4474 3011 4487 θ
3051 4459 3193 4528 ἀρχὴ
3215 4458 3272 4511 δὲ
3304 4461 3402 4529 τῆς
3424 4478 3679 4534 totum;

2114 4549 2340 4611 ἀτοπίας
2373 4548 2577 4619 ἐφάνη,
2625 4549 2684 4601 τὸ
2719 4550 2777 4601 ὲν
2819 4550 2960 4620 ἀρχῇ
3008 4566 3112 4602 τινι
3158 4555 3681 4625 περιγεγραμμένην

2124 4637 2205 4690 τοῦ
2248 4637 2376 4691 ἶῖίοῧ
2410 4638 2508 4707 τὴν
2536 4637 2679 4709 ζωὴν
2710 4639 2947 4709 νομίσαι.
2984 4641 3145 4693 ’Ὥστε
3169 4641 3309 4694 δυοῖν
3343 4643 3569 4711 θάτερον
3594 4685 3610 4709 ,
3643 4645 3679 4716 ἦ

451 4710 620 4803 hujus
644 4710 842 4787 autem
878 4730 1240 4785 absurditatis
1277 4730 1603 4797 principium
1652 4729 1778 4782 inde
1809 4729 2008 4788 elucet,

2117 4730 2508 4801 μεταθήσονται
2543 4730 2676 4800 πρὸς
2717 4731 2806 4782 τὸν
2857 4732 3164 4799 ὑγιαίνοντα
3209 4732 3363 4800 λόγον
3415 4710 3521 4786 ὑπὸ
3564 4710 3677 4787 τῶν

450 4822 598 4892 quod
645 4820 966 4876 existiment
1017 4820 1182 4872 vitam
1249 4817 1371 4872 Filii
1428 4818 1536 4871 alio
1596 4818 2014 4885 circumscripto

450 4911 725 4982 principio
757 4924 881 4962 esse
904 4908 1247 4963 conclusam.
1277 4906 1460 4972 Quare
1491 4907 1722 4961 duorum
1756 4906 2011 4969 alterum,

452 5003 535 5056 vel
571 4999 930 5054 mutabuntur
966 4995 1034 5050 ad
1073 5012 1269 5050 sanum
1317 5011 1625 5051 sermonem
1663 5011 1760 5064 per
1797 5010 1861 5049 ea
1892 5008 2016 5065 qua

450 5091 600 5144 dicta
648 5096 779 5143 sunt
825 5085 1023 5150 coacti,
1069 5095 1121 5141 et
1163 5101 1286 5140 cum
1327 5085 1506 5139 Patris
1538 5085 1847 5139 aternitate
1890 5099 2013 5139 eum

449 5182 544 5247 qui
575 5196 641 5235 ex
677 5179 774 5234 illo
803 5187 907 5243 est,
935 5177 1487 5247 contemplabuntur;
1522 5178 1605 5232 vel
1646 5177 1753 5232 nisi
1787 5177 1891 5231 hoc
1928 5192 2017 5231 ve-

451 5273 575 5335 lint,
610 5279 847 5341 utroque
882 5278 1129 5326 extremo
1168 5269 1544 5325 terminabunt
1582 5267 1708 5322 Filii
1735 5268 2015 5324 aternita-

455 5372 588 5425 tem,
644 5377 841 5432 nempe
888 5361 1163 5432 principio
1213 5370 1267 5417 et
1323 5362 1453 5422 fine,
1520 5360 1844 5415 infinitatem
1893 5360 2017 5415 vita

451 5452 629 5521 ipsius
661 5453 728 5506 ad
764 5454 820 5507 id
855 5454 1000 5523 quod
1035 5470 1147 5508 non
1194 5453 1416 5509 exsistit
1458 5452 1812 5508 adducentes.
1860 5451 2017 5518 Quod

453 5544 498 5598 si
545 5550 599 5596 et
639 5544 950 5599 animorum
993 5555 1045 5599 et
1078 5545 1398 5615 angelorum
1455 5552 1652 5599 natura
1703 5544 1807 5599 fine
1840 5551 2011 5608 caret,

454 5650 631 5705 neque
656 5635 976 5704 prohibetur
1003 5636 1057 5690 in
1094 5644 1359 5692 atcrnum
1393 5636 1727 5707 pcrpctuari,
1774 5636 1902 5706 quia
1942 5636 2011 5691 sit

2112 4818 2415 4888 εἰρημένων
2440 4818 2892 4889 ἀναγκαζόμενοι,
2924 4821 3019 4873 καὶ
3048 4823 3113 4891 τῇ
3145 4820 3237 4873 τοῦ
3265 4822 3479 4892 Πατρὸς
3513 4823 3681 4876 diatri—

2110 4925 2232 4978 τητι
2284 4910 2372 4963 τὸν
2403 4908 2463 4974 ἐξ
2495 4911 2704 4963 ἐκείνου
2734 4911 3218 4982 συνθεωρήσουσιν·
3260 4913 3293 4983 ἢ
3324 4914 3371 4965 εί
3417 4913 3493 4984 μὴ
3522 4914 3681 4967 τοῦτο

2114 5000 2384 5070 βούλοιντο
2406 5042 2420 5066 ,
2460 5002 2581 5055 καθ’
2614 5002 2868 5071 ἑκάτερον
2906 5003 3282 5074 περατὼσουσι
3326 5004 3420 5057 τοῦ
3453 5002 3579 5057 Υἱοῦ
3621 5007 3681 5059 τὸ

2113 5091 2278 5144 ἀΐδιον
2303 5132 2317 5153 ,
2358 5095 2424 5163 τῇ
2454 5093 2592 5163 ἀρχῇ
2628 5093 2722 5147 καὶ
2746 5093 2823 5162 τῷ
2860 5093 3001 5145 τέλει
3037 5095 3098 5146 τὸ
3124 5094 3345 5164 ἄπειρον
3373 5094 3537 5148 αὑτοῦ
3577 5095 3681 5165 τῆς

2117 5182 2260 5252 ζωῆς
2287 5186 2364 5246 εἰς
2397 5184 2455 5236 τὸ
2491 5183 2832 5253 ἀνύπαρκτον
2873 5185 3113 5252 ἄγοντες.
3142 5185 3203 5237 Ei
3234 5185 3291 5236 δὲ
3325 5186 3683 5257 ἀτελεύτητος

2114 5274 2208 5326 καὶ
2240 5273 2345 5326 τῶν
2379 5274 2561 5343 ψυχῶν
2591 5274 2811 5327 καὶτῶν
2834 5274 3078 5341 ἀγγέλων
3110 5276 3142 5345 ἡ
3173 5272 3333 5343 φύσις
3355 5314 3371 5338 ,
3400 5277 3495 5329 καὶ
3525 5277 3681 5329 οὐδὲν

2115 5362 2379 5419 κωλύεται
2412 5366 2488 5428 εἰς
2522 5365 2583 5417 τὸ
2612 5365 2775 5417 ἀΐδιον
2806 5367 3065 5436 προϊέναι,
3093 5365 3182 5418 διὰ
3206 5366 3300 5418 τοῦ
3332 5369 3426 5419 καὶ
3456 5366 3683 5438 κτιστὴν

2113 5450 2272 5519 εἶναι,
2309 5455 2401 5507 καὶ
2438 5454 2544 5507 ἀπὸ
2570 5471 2711 5518 τινος
2737 5455 2832 5525 τὴν
2862 5455 3033 5525 ἀρχὴν
3060 5456 3153 5525 τῆς
3183 5456 3494 5518 συστάσεως
3517 5459 3685 5527 ὲσχηο

2119 5546 2290 5609 κέναι,
2328 5545 2519 5608 ὡς.διὰ
2551 5546 2735 5599 τούτου
2760 5546 3017 5600 δύνασθαι
3045 5546 3108 5600 ἂν
3148 5549 3241 5600 καὶ
3280 5548 3371 5600 ἐπὶ
3407 5546 3500 5600 τοῦ
3544 5547 3688 5617 Χρι-

2122 5636 2247 5690 στοῦ
2288 5636 2349 5690 τὸ
2375 5633 2488 5690 ἴσον
2536 5639 2657 5702 τοὺς
2703 5638 3049 5701 ὑπεναντίους
3081 5639 3281 5694 εἰπεῖν’
3327 5638 3401 5703 ὡς
3453 5640 3589 5709 μήτε
3623 5638 3686 5706 ἐξ
