  <div class='ocr_page' id='page_1' title='image "/cluster/home/n/w/nwhite01/storage/ocr_20150623/45/hvd.32044073501876/416.png"; bbox 0 0 4002 6218; ppageno 0'>
   <div class='ocr_carea' id='block_1_1' title="bbox 218 344 322 407">
    <p class='ocr_par' dir='ltr' id='par_1_1' title="bbox 218 344 322 407">
     <span class='ocr_line' id='line_1_1' title="bbox 218 344 322 407; baseline 0.029 -3"><span class='ocrx_word' id='word_1_1' title='bbox 218 344 322 407; x_wconf 80' lang='lat'><strong>797</strong></span> 
     </span>
    </p>
   </div>
   <div class='ocr_carea' id='block_1_2' title="bbox 1336 344 2370 413">
    <p class='ocr_par' dir='ltr' id='par_1_2' title="bbox 1336 344 2370 413">
     <span class='ocr_line' id='line_1_2' title="bbox 1336 344 2370 413; baseline 0.001 -12"><span class='ocrx_word' id='word_1_2' title='bbox 1336 344 1610 401; x_wconf 83' lang='lat' dir='ltr'><strong>CONTRA</strong></span> <span class='ocrx_word' id='word_1_3' title='bbox 1640 344 2025 413; x_wconf 81' lang='lat' dir='ltr'><strong>EUNONIUM,</strong></span> <span class='ocrx_word' id='word_1_4' title='bbox 2066 346 2191 402; x_wconf 87' lang='lat' dir='ltr'><strong>LIB.</strong></span> <span class='ocrx_word' id='word_1_5' title='bbox 2237 347 2370 402; x_wconf 79' lang='lat' dir='ltr'><strong>Vill.</strong></span> 
     </span>
    </p>
   </div>
   <div class='ocr_carea' id='block_1_3' title="bbox 3368 357 3474 415">
    <p class='ocr_par' dir='ltr' id='par_1_3' title="bbox 3368 357 3474 415">
     <span class='ocr_line' id='line_1_3' title="bbox 3368 357 3474 415; baseline 0.019 -2"><span class='ocrx_word' id='word_1_6' title='bbox 3368 357 3474 415; x_wconf 71' lang='lat'><strong>793</strong></span> 
     </span>
    </p>
   </div>
   <div class='ocr_carea' id='block_1_4' title="bbox 220 458 1809 540">
    <p class='ocr_par' dir='ltr' id='par_1_4' title="bbox 220 458 1796 540">
     <span class='ocr_line' id='line_1_4' title="bbox 220 458 1796 540; baseline 0.001 -22"><span class='ocrx_word' id='word_1_7' title='bbox 220 462 395 519; x_wconf 80' lang='grc' dir='ltr'>ἀϊδίου</span> <span class='ocrx_word' id='word_1_8' title='bbox 424 462 576 526; x_wconf 73' lang='grc' dir='ltr'>ὄντος</span> <span class='ocrx_word' id='word_1_9' title='bbox 615 463 709 517; x_wconf 66' lang='grc' dir='ltr'>καὶ</span> <span class='ocrx_word' id='word_1_10' title='bbox 751 464 830 528; x_wconf 85' lang='grc' dir='ltr'><strong>είς</strong></span> <span class='ocrx_word' id='word_1_11' title='bbox 870 463 929 518; x_wconf 81' lang='grc' dir='ltr'>τὸ</span> <span class='ocrx_word' id='word_1_12' title='bbox 960 464 1312 534; x_wconf 80' lang='grc' dir='ltr'><strong>ἀτελεύτητον</strong></span> <span class='ocrx_word' id='word_1_13' title='bbox 1364 458 1796 540; x_wconf 82' lang='grc' dir='ltr'>παρατείνοντος.</span> 
     </span>
    </p>
   </div>
   <div class='ocr_carea' id='block_1_5' title="bbox 1909 458 3472 540">
    <p class='ocr_par' dir='ltr' id='par_1_5' title="bbox 1909 466 3472 539">
     <span class='ocr_line' id='line_1_5' title="bbox 1909 466 3472 539; baseline 0.01 -21"><span class='ocrx_word' id='word_1_14' title='bbox 1909 474 2091 520; x_wconf 90' lang='lat' dir='ltr'><strong>creata</strong></span> <span class='ocrx_word' id='word_1_15' title='bbox 2135 475 2187 521; x_wconf 87' lang='lat' dir='ltr'><strong>et</strong></span> <span class='ocrx_word' id='word_1_16' title='bbox 2224 466 2291 519; x_wconf 89' lang='lat' dir='ltr'><strong>ab</strong></span> <span class='ocrx_word' id='word_1_17' title='bbox 2326 466 2513 535; x_wconf 90' lang='lat' dir='ltr'><strong>aliquo</strong></span> <span class='ocrx_word' id='word_1_18' title='bbox 2565 468 2894 539; x_wconf 84' lang='lat' dir='ltr'><strong>principium</strong></span> <span class='ocrx_word' id='word_1_19' title='bbox 2940 487 3052 527; x_wconf 75' lang='lat' dir='ltr'><strong>sua:</strong></span> <span class='ocrx_word' id='word_1_20' title='bbox 3095 470 3472 533; x_wconf 73' lang='lat' dir='ltr'><strong>subsistentia!</strong></span> 
     </span>
    </p>
   </div>
   <div class='ocr_carea' id='block_1_6' title="bbox 231 553 1797 628">
    <p class='ocr_par' dir='ltr' id='par_1_6' title="bbox 231 553 1797 628">
     <span class='ocr_line' id='line_1_6' title="bbox 231 553 1797 628; baseline 0 -18"><span class='ocrx_word' id='word_1_21' title='bbox 231 555 293 610; x_wconf 81' lang='grc' dir='ltr'><strong>Ὅ</strong></span> <span class='ocrx_word' id='word_1_22' title='bbox 314 553 491 609; x_wconf 77' lang='grc' dir='ltr'>ταῦτα</span> <span class='ocrx_word' id='word_1_23' title='bbox 518 555 811 627; x_wconf 79' lang='grc' dir='ltr'><strong>προφέρων</strong></span> <span class='ocrx_word' id='word_1_24' title='bbox 848 557 1073 610; x_wconf 82' lang='grc' dir='ltr'>κάκεῖνα</span> <span class='ocrx_word' id='word_1_25' title='bbox 1100 556 1413 625; x_wconf 74' lang='grc' dir='ltr'><strong>λογιζέσθω,</strong></span> <span class='ocrx_word' id='word_1_26' title='bbox 1443 558 1566 611; x_wconf 78' lang='grc' dir='ltr'>ὅσον</span> <span class='ocrx_word' id='word_1_27' title='bbox 1597 557 1797 628; x_wconf 78' lang='grc' dir='ltr'>μεταξὺ</span> 
     </span>
    </p>
   </div>
   <div class='ocr_carea' id='block_1_7' title="bbox 221 645 1798 720">
    <p class='ocr_par' dir='ltr' id='par_1_7' title="bbox 221 645 1798 720">
     <span class='ocr_line' id='line_1_7' title="bbox 221 645 1798 720; baseline 0.002 -21"><span class='ocrx_word' id='word_1_28' title='bbox 221 645 325 718; x_wconf 78' lang='grc' dir='ltr'><strong>τῆς</strong></span> <span class='ocrx_word' id='word_1_29' title='bbox 344 647 630 716; x_wconf 83' lang='grc' dir='ltr'>κτίσεωςὴ</span> <span class='ocrx_word' id='word_1_30' title='bbox 664 646 853 718; x_wconf 83' lang='grc' dir='ltr'>θεότης</span> <span class='ocrx_word' id='word_1_31' title='bbox 883 648 1081 718; x_wconf 74' lang='grc' dir='ltr'>ἔστηκε</span> <span class='ocrx_word' id='word_1_32' title='bbox 1115 651 1225 712; x_wconf 78' lang='grc' dir='ltr'>τοῖς</span> <span class='ocrx_word' id='word_1_33' title='bbox 1255 647 1525 720; x_wconf 81' lang='grc' dir='ltr'>ίδιὼμασι.</span> <span class='ocrx_word' id='word_1_34' title='bbox 1562 650 1672 719; x_wconf 84' lang='grc' dir='ltr'><strong>Τῆς</strong></span> <span class='ocrx_word' id='word_1_35' title='bbox 1702 649 1798 719; x_wconf 82' lang='grc' dir='ltr'><strong>μὲν</strong></span> 
     </span>
    </p>
   </div>
   <div class='ocr_carea' id='block_1_8' title="bbox 224 739 1801 809">
    <p class='ocr_par' dir='ltr' id='par_1_8' title="bbox 224 739 1801 809">
     <span class='ocr_line' id='line_1_8' title="bbox 224 739 1801 809; baseline 0.001 -16"><span class='ocrx_word' id='word_1_36' title='bbox 224 740 333 809; x_wconf 68' lang='grc' dir='ltr'>γὰρ</span> <span class='ocrx_word' id='word_1_37' title='bbox 363 739 617 809; x_wconf 72' lang='grc' dir='ltr'><strong>θεότητος</strong></span> <span class='ocrx_word' id='word_1_38' title='bbox 647 739 779 792; x_wconf 81' lang='grc' dir='ltr'>ίδιον</span> <span class='ocrx_word' id='word_1_39' title='bbox 808 739 869 792; x_wconf 79' lang='grc' dir='ltr'>τὸ</span> <span class='ocrx_word' id='word_1_40' title='bbox 897 740 1143 803; x_wconf 79' lang='grc' dir='ltr'>ἀνενδεὲς</span> <span class='ocrx_word' id='word_1_41' title='bbox 1190 740 1392 804; x_wconf 81' lang='grc' dir='ltr'>παντὸς</span> <span class='ocrx_word' id='word_1_42' title='bbox 1436 739 1530 794; x_wconf 77' lang='grc' dir='ltr'>τοῦ</span> <span class='ocrx_word' id='word_1_43' title='bbox 1563 741 1703 794; x_wconf 76' lang='grc' dir='ltr'>κατὰ</span> <span class='ocrx_word' id='word_1_44' title='bbox 1740 741 1801 793; x_wconf 81' lang='grc' dir='ltr'><strong>τὸ</strong></span> 
     </span>
    </p>
   </div>
   <div class='ocr_carea' id='block_1_9' title="bbox 220 830 1803 902">
    <p class='ocr_par' dir='ltr' id='par_1_9' title="bbox 220 830 1803 902">
     <span class='ocr_line' id='line_1_9' title="bbox 220 830 1803 902; baseline -0.002 -16"><span class='ocrx_word' id='word_1_45' title='bbox 220 831 428 900; x_wconf 77' lang='grc' dir='ltr'>ἀγαθον</span> <span class='ocrx_word' id='word_1_46' title='bbox 462 830 835 901; x_wconf 85' lang='grc' dir='ltr'>θεωρουμένου</span> <span class='ocrx_word' id='word_1_47' title='bbox 874 833 1142 901; x_wconf 69' lang='grc' dir='ltr'>νοήματος</span> <span class='ocrx_word' id='word_1_48' title='bbox 1163 850 1176 864; x_wconf 76' lang='grc' dir='ltr'><strong>ο</strong></span> <span class='ocrx_word' id='word_1_49' title='bbox 1207 834 1240 902; x_wconf 79' lang='grc' dir='ltr'><strong>ἡ</strong></span> <span class='ocrx_word' id='word_1_50' title='bbox 1266 832 1321 885; x_wconf 81' lang='grc' dir='ltr'>δὲ</span> <span class='ocrx_word' id='word_1_51' title='bbox 1368 832 1541 896; x_wconf 81' lang='grc' dir='ltr'>κτίσις</span> <span class='ocrx_word' id='word_1_52' title='bbox 1578 834 1639 885; x_wconf 84' lang='grc' dir='ltr'>ὲκ</span> <span class='ocrx_word' id='word_1_53' title='bbox 1674 848 1803 902; x_wconf 81' lang='grc' dir='ltr'>μετο</span> 
     </span>
    </p>
   </div>
   <div class='ocr_carea' id='block_1_10' title="bbox 217 921 1801 995">
    <p class='ocr_par' dir='ltr' id='par_1_10' title="bbox 217 921 1801 995">
     <span class='ocr_line' id='line_1_10' title="bbox 217 921 1801 995; baseline -0.001 -20"><span class='ocrx_word' id='word_1_54' title='bbox 217 922 356 995; x_wconf 79' lang='grc' dir='ltr'>οχῆς</span> <span class='ocrx_word' id='word_1_55' title='bbox 396 922 491 975; x_wconf 78' lang='grc' dir='ltr'>τοῦ</span> <span class='ocrx_word' id='word_1_56' title='bbox 527 921 790 990; x_wconf 80' lang='grc' dir='ltr'>βελτίονος</span> <span class='ocrx_word' id='word_1_57' title='bbox 817 923 874 973; x_wconf 81' lang='grc' dir='ltr'>ἐν</span> <span class='ocrx_word' id='word_1_58' title='bbox 898 922 978 991; x_wconf 83' lang='grc' dir='ltr'>τῷ</span> <span class='ocrx_word' id='word_1_59' title='bbox 1009 922 1155 992; x_wconf 83' lang='grc' dir='ltr'>καλῷ</span> <span class='ocrx_word' id='word_1_60' title='bbox 1199 923 1439 991; x_wconf 82' lang='grc' dir='ltr'>γίνεται·</span> <span class='ocrx_word' id='word_1_61' title='bbox 1467 924 1585 992; x_wconf 70' lang='grc' dir='ltr'>ἥτις</span> <span class='ocrx_word' id='word_1_62' title='bbox 1620 924 1679 976; x_wconf 86' lang='grc' dir='ltr'><strong>ού</strong></span> <span class='ocrx_word' id='word_1_63' title='bbox 1708 923 1801 993; x_wconf 77' lang='grc' dir='ltr'>μό-</span> 
     </span>
    </p>
   </div>
   <div class='ocr_carea' id='block_1_11' title="bbox 220 1008 1800 1084">
    <p class='ocr_par' dir='ltr' id='par_1_11' title="bbox 220 1008 1800 1084">
     <span class='ocr_line' id='line_1_11' title="bbox 220 1008 1800 1084; baseline -0.002 -16"><span class='ocrx_word' id='word_1_64' title='bbox 220 1029 314 1068; x_wconf 88' lang='grc' dir='ltr'><strong>νον</strong></span> <span class='ocrx_word' id='word_1_65' title='bbox 346 1012 443 1065; x_wconf 84' lang='grc' dir='ltr'>τοῦ</span> <span class='ocrx_word' id='word_1_66' title='bbox 470 1008 608 1064; x_wconf 77' lang='grc' dir='ltr'>εἶναι</span> <span class='ocrx_word' id='word_1_67' title='bbox 636 1011 858 1083; x_wconf 75' lang='grc' dir='ltr'>ἧρξατο,</span> <span class='ocrx_word' id='word_1_68' title='bbox 894 1012 1028 1065; x_wconf 84' lang='grc' dir='ltr'><strong>ἀλλά</strong></span> <span class='ocrx_word' id='word_1_69' title='bbox 1055 1014 1147 1066; x_wconf 71' lang='grc' dir='ltr'><strong>καὶ</strong></span> <span class='ocrx_word' id='word_1_70' title='bbox 1173 1013 1264 1066; x_wconf 75' lang='grc' dir='ltr'>τοῦ</span> <span class='ocrx_word' id='word_1_71' title='bbox 1294 1016 1349 1066; x_wconf 83' lang='grc' dir='ltr'>ὲν</span> <span class='ocrx_word' id='word_1_72' title='bbox 1376 1013 1454 1084; x_wconf 81' lang='grc' dir='ltr'>τῷ</span> <span class='ocrx_word' id='word_1_73' title='bbox 1483 1013 1628 1084; x_wconf 83' lang='grc' dir='ltr'>καλῷ</span> <span class='ocrx_word' id='word_1_74' title='bbox 1664 1009 1800 1066; x_wconf 76' lang='grc' dir='ltr'>εἶναι</span> 
     </span>
    </p>
   </div>
   <div class='ocr_carea' id='block_1_12' title="bbox 220 1103 1801 1174">
    <p class='ocr_par' dir='ltr' id='par_1_12' title="bbox 220 1103 1801 1174">
     <span class='ocr_line' id='line_1_12' title="bbox 220 1103 1801 1174; baseline 0.001 -17"><span class='ocrx_word' id='word_1_75' title='bbox 220 1107 457 1157; x_wconf 69' lang='grc' dir='ltr'>πάντοτε</span> <span class='ocrx_word' id='word_1_76' title='bbox 506 1103 593 1156; x_wconf 78' lang='grc' dir='ltr'><strong>διὰ</strong></span> <span class='ocrx_word' id='word_1_77' title='bbox 620 1103 723 1171; x_wconf 88' lang='grc' dir='ltr'><strong>τῆς</strong></span> <span class='ocrx_word' id='word_1_78' title='bbox 766 1103 901 1174; x_wconf 81' lang='grc' dir='ltr'>πρὸς</span> <span class='ocrx_word' id='word_1_79' title='bbox 934 1104 994 1156; x_wconf 82' lang='grc' dir='ltr'><strong>τὸ</strong></span> <span class='ocrx_word' id='word_1_80' title='bbox 1032 1107 1276 1174; x_wconf 83' lang='grc' dir='ltr'>κρεῖττον</span> <span class='ocrx_word' id='word_1_81' title='bbox 1317 1105 1697 1172; x_wconf 77' lang='grc' dir='ltr'>ἐπαυξὴσεως,</span> <span class='ocrx_word' id='word_1_82' title='bbox 1743 1107 1801 1159; x_wconf 83' lang='grc' dir='ltr'><strong>ὲν</strong></span> 
     </span>
    </p>
   </div>
   <div class='ocr_carea' id='block_1_13' title="bbox 220 1192 1801 1265">
    <p class='ocr_par' dir='ltr' id='par_1_13' title="bbox 220 1192 1801 1265">
     <span class='ocr_line' id='line_1_13' title="bbox 220 1192 1801 1265; baseline -0.001 -17"><span class='ocrx_word' id='word_1_83' title='bbox 220 1194 303 1265; x_wconf 80' lang='grc' dir='ltr'><strong>τῷ</strong></span> <span class='ocrx_word' id='word_1_84' title='bbox 340 1193 606 1265; x_wconf 77' lang='grc' dir='ltr'>ἄρχεσθαι</span> <span class='ocrx_word' id='word_1_85' title='bbox 655 1192 1147 1262; x_wconf 79' lang='grc' dir='ltr'>καταλαμϐάνεται.</span> <span class='ocrx_word' id='word_1_86' title='bbox 1217 1194 1361 1246; x_wconf 88' lang='grc' dir='ltr'>Διότι</span> <span class='ocrx_word' id='word_1_87' title='bbox 1414 1194 1667 1247; x_wconf 76' lang='grc' dir='ltr'>οὐδέποτε</span> <span class='ocrx_word' id='word_1_88' title='bbox 1712 1196 1801 1247; x_wconf 79' lang='grc' dir='ltr'>ἐπὶ</span> 
     </span>
    </p>
   </div>
   <div class='ocr_carea' id='block_1_14' title="bbox 219 1283 1801 1354">
    <p class='ocr_par' dir='ltr' id='par_1_14' title="bbox 219 1283 1801 1354">
     <span class='ocr_line' id='line_1_14' title="bbox 219 1283 1801 1354; baseline -0.001 -15"><span class='ocrx_word' id='word_1_89' title='bbox 219 1286 321 1340; x_wconf 75' lang='grc' dir='ltr'>τοῦ</span> <span class='ocrx_word' id='word_1_90' title='bbox 357 1284 791 1354; x_wconf 76' lang='grc' dir='ltr'><strong>κατειλημμένου</strong></span> <span class='ocrx_word' id='word_1_91' title='bbox 819 1284 1064 1336; x_wconf 74' lang='grc' dir='ltr'>ἵσταται·</span> <span class='ocrx_word' id='word_1_92' title='bbox 1097 1284 1232 1336; x_wconf 80' lang='grc' dir='ltr'>ἀλλὰ</span> <span class='ocrx_word' id='word_1_93' title='bbox 1261 1286 1367 1337; x_wconf 82' lang='grc' dir='ltr'>πᾶν</span> <span class='ocrx_word' id='word_1_94' title='bbox 1394 1284 1454 1337; x_wconf 78' lang='grc' dir='ltr'><strong>τὸ</strong></span> <span class='ocrx_word' id='word_1_95' title='bbox 1492 1283 1688 1354; x_wconf 77' lang='grc' dir='ltr'>κτηθὲν</span> <span class='ocrx_word' id='word_1_96' title='bbox 1714 1283 1801 1338; x_wconf 77' lang='grc' dir='ltr'><strong>διὰ</strong></span> 
     </span>
    </p>
   </div>
   <div class='ocr_carea' id='block_1_15' title="bbox 220 1360 1800 1447">
    <p class='ocr_par' dir='ltr' id='par_1_15' title="bbox 220 1360 1800 1447">
     <span class='ocr_line' id='line_1_15' title="bbox 220 1360 1800 1447; baseline 0 -19"><span class='ocrx_word' id='word_1_97' title='bbox 220 1378 328 1446; x_wconf 81' lang='grc' dir='ltr'><strong>τῆς</strong></span> <span class='ocrx_word' id='word_1_98' title='bbox 384 1376 669 1447; x_wconf 80' lang='grc' dir='ltr'><strong>μετουσίας</strong></span> <span class='ocrx_word' id='word_1_99' title='bbox 696 1360 846 1445; x_wconf 57' lang='grc' dir='ltr'>’ἀρχὴ</span> <span class='ocrx_word' id='word_1_100' title='bbox 870 1375 966 1445; x_wconf 82' lang='grc' dir='ltr'><strong>τῆς</strong></span> <span class='ocrx_word' id='word_1_101' title='bbox 995 1375 1130 1446; x_wconf 70' lang='grc' dir='ltr'>πρὸς</span> <span class='ocrx_word' id='word_1_102' title='bbox 1154 1374 1215 1426; x_wconf 83' lang='grc' dir='ltr'><strong>τὸ</strong></span> <span class='ocrx_word' id='word_1_103' title='bbox 1240 1376 1422 1445; x_wconf 72' lang='grc' dir='ltr'>μεῖζον</span> <span class='ocrx_word' id='word_1_104' title='bbox 1447 1375 1632 1428; x_wconf 79' lang='grc' dir='ltr'>ἀνόδου</span> <span class='ocrx_word' id='word_1_105' title='bbox 1655 1377 1800 1444; x_wconf 87' lang='grc' dir='ltr'>γίνε-</span> 
     </span>
    </p>
   </div>
   <div class='ocr_carea' id='block_1_16' title="bbox 220 1466 1802 1537">
    <p class='ocr_par' dir='ltr' id='par_1_16' title="bbox 220 1466 1802 1537">
     <span class='ocr_line' id='line_1_16' title="bbox 220 1466 1802 1537; baseline -0.002 -15"><span class='ocrx_word' id='word_1_106' title='bbox 220 1485 334 1522; x_wconf 85' lang='grc' dir='ltr'>ται.</span> <span class='ocrx_word' id='word_1_107' title='bbox 370 1467 483 1521; x_wconf 74' lang='grc' dir='ltr'>Καὶ</span> <span class='ocrx_word' id='word_1_108' title='bbox 507 1466 646 1521; x_wconf 86' lang='grc' dir='ltr'><strong>κατά</strong></span> <span class='ocrx_word' id='word_1_109' title='bbox 671 1467 767 1537; x_wconf 80' lang='grc' dir='ltr'>τὴν</span> <span class='ocrx_word' id='word_1_110' title='bbox 795 1466 1006 1519; x_wconf 78' lang='grc' dir='ltr'>Παύλου</span> <span class='ocrx_word' id='word_1_111' title='bbox 1038 1466 1218 1535; x_wconf 82' lang='grc' dir='ltr'>φωνὴν</span> <span class='ocrx_word' id='word_1_112' title='bbox 1240 1508 1254 1531; x_wconf 88' lang='grc'><strong>,</strong></span> <span class='ocrx_word' id='word_1_113' title='bbox 1289 1466 1540 1520; x_wconf 82' lang='grc' dir='ltr'>οὐδέποτε</span> <span class='ocrx_word' id='word_1_114' title='bbox 1572 1467 1802 1519; x_wconf 87' lang='grc' dir='ltr'>παύεται</span> 
     </span>
    </p>
   </div>
   <div class='ocr_carea' id='block_1_17' title="bbox 219 1556 1801 1629">
    <p class='ocr_par' dir='ltr' id='par_1_17' title="bbox 219 1556 1801 1629">
     <span class='ocr_line' id='line_1_17' title="bbox 219 1556 1801 1629; baseline -0.001 -18"><span class='ocrx_word' id='word_1_115' title='bbox 219 1562 336 1623; x_wconf 78' lang='grc' dir='ltr'>τοῖς</span> <span class='ocrx_word' id='word_1_116' title='bbox 363 1557 673 1629; x_wconf 79' lang='grc' dir='ltr'>ἔμπροσθεν</span> <span class='ocrx_word' id='word_1_117' title='bbox 704 1556 1121 1627; x_wconf 79' lang='grc' dir='ltr'>ἐπεκτεινομένη</span> <span class='ocrx_word' id='word_1_118' title='bbox 1146 1596 1159 1615; x_wconf 88' lang='grc'><strong>.</strong></span> <span class='ocrx_word' id='word_1_119' title='bbox 1190 1557 1281 1609; x_wconf 76' lang='grc' dir='ltr'><strong>καὶ</strong></span> <span class='ocrx_word' id='word_1_120' title='bbox 1307 1556 1473 1626; x_wconf 82' lang='grc' dir='ltr'>λήθην</span> <span class='ocrx_word' id='word_1_121' title='bbox 1503 1557 1801 1627; x_wconf 78' lang='grc' dir='ltr'>ποιουμένη</span> 
     </span>
    </p>
   </div>
   <div class='ocr_carea' id='block_1_18' title="bbox 219 1646 1798 1719">
    <p class='ocr_par' dir='ltr' id='par_1_18' title="bbox 219 1646 1798 1719">
     <span class='ocr_line' id='line_1_18' title="bbox 219 1646 1798 1719; baseline -0.002 -14"><span class='ocrx_word' id='word_1_122' title='bbox 219 1651 332 1705; x_wconf 80' lang='grc' dir='ltr'><strong>τῶν</strong></span> <span class='ocrx_word' id='word_1_123' title='bbox 364 1651 613 1704; x_wconf 74' lang='grc' dir='ltr'>ὕπισθεν.</span> <span class='ocrx_word' id='word_1_124' title='bbox 668 1649 819 1702; x_wconf 75' lang='grc' dir='ltr'>Ἐπεὶ</span> <span class='ocrx_word' id='word_1_125' title='bbox 845 1646 937 1702; x_wconf 78' lang='grc' dir='ltr'><strong>οὖν</strong></span> <span class='ocrx_word' id='word_1_126' title='bbox 969 1651 1002 1719; x_wconf 79' lang='grc' dir='ltr'><strong>ἡ</strong></span> <span class='ocrx_word' id='word_1_127' title='bbox 1031 1648 1128 1719; x_wconf 80' lang='grc' dir='ltr'>μὲν</span> <span class='ocrx_word' id='word_1_128' title='bbox 1163 1648 1350 1719; x_wconf 87' lang='grc' dir='ltr'>θεότης</span> <span class='ocrx_word' id='word_1_129' title='bbox 1383 1649 1625 1719; x_wconf 79' lang='grc' dir='ltr'>αύτοζωή</span> <span class='ocrx_word' id='word_1_130' title='bbox 1663 1652 1798 1702; x_wconf 78' lang='grc' dir='ltr'>ἐστι’</span> 
     </span>
    </p>
   </div>
   <div class='ocr_carea' id='block_1_19' title="bbox 218 1739 1797 1812">
    <p class='ocr_par' dir='ltr' id='par_1_19' title="bbox 218 1739 1797 1812">
     <span class='ocr_line' id='line_1_19' title="bbox 218 1739 1797 1812; baseline -0.002 -16"><span class='ocrx_word' id='word_1_131' title='bbox 218 1743 356 1806; x_wconf 76' lang='grc' dir='ltr'>Θεὸς</span> <span class='ocrx_word' id='word_1_132' title='bbox 383 1743 440 1796; x_wconf 82' lang='grc' dir='ltr'><strong>δὲ</strong></span> <span class='ocrx_word' id='word_1_133' title='bbox 481 1745 510 1796; x_wconf 85' lang='grc' dir='ltr'>ὁ</span> <span class='ocrx_word' id='word_1_134' title='bbox 557 1743 848 1812; x_wconf 75' lang='grc' dir='ltr'>μονογενὴς</span> <span class='ocrx_word' id='word_1_135' title='bbox 874 1780 888 1805; x_wconf 95' lang='grc'><strong>,</strong></span> <span class='ocrx_word' id='word_1_136' title='bbox 937 1741 1067 1803; x_wconf 76' lang='grc' dir='ltr'>Θεὸς</span> <span class='ocrx_word' id='word_1_137' title='bbox 1109 1741 1205 1793; x_wconf 77' lang='grc' dir='ltr'><strong>καὶ</strong></span> <span class='ocrx_word' id='word_1_138' title='bbox 1235 1739 1381 1811; x_wconf 76' lang='grc' dir='ltr'>ζωὴ,</span> <span class='ocrx_word' id='word_1_139' title='bbox 1414 1741 1506 1793; x_wconf 58' lang='grc' dir='ltr'><strong>καὶ⁵</strong></span> <span class='ocrx_word' id='word_1_140' title='bbox 1555 1740 1797 1811; x_wconf 82' lang='grc' dir='ltr'>ἀλήθεια,</span> 
     </span>
    </p>
   </div>
   <div class='ocr_carea' id='block_1_20' title="bbox 1910 557 3474 633">
    <p class='ocr_par' dir='ltr' id='par_1_20' title="bbox 1910 557 3474 633">
     <span class='ocr_line' id='line_1_20' title="bbox 1910 557 3474 633; baseline 0.008 -21"><span class='ocrx_word' id='word_1_141' title='bbox 1910 557 2132 621; x_wconf 85' lang='lat' dir='ltr'><strong>habeat,</strong></span> <span class='ocrx_word' id='word_1_142' title='bbox 2168 560 2240 612; x_wconf 89' lang='lat' dir='ltr'><strong>ita</strong></span> <span class='ocrx_word' id='word_1_143' title='bbox 2274 568 2333 612; x_wconf 91' lang='lat' dir='ltr'><strong>ut</strong></span> <span class='ocrx_word' id='word_1_144' title='bbox 2356 574 2452 627; x_wconf 91' lang='lat' dir='ltr'><strong>per</strong></span> <span class='ocrx_word' id='word_1_145' title='bbox 2477 559 2580 614; x_wconf 90' lang='lat' dir='ltr'><strong>hoc</strong></span> <span class='ocrx_word' id='word_1_146' title='bbox 2607 560 2907 616; x_wconf 76' lang='lat' dir='ltr'><strong>adversarii</strong></span> <span class='ocrx_word' id='word_1_147' title='bbox 2937 564 3151 633; x_wconf 91' lang='lat' dir='ltr'><strong>possint</strong></span> <span class='ocrx_word' id='word_1_148' title='bbox 3178 566 3231 619; x_wconf 92' lang='lat' dir='ltr'><strong>in</strong></span> <span class='ocrx_word' id='word_1_149' title='bbox 3255 566 3474 625; x_wconf 85' lang='lat' dir='ltr'><strong>Christo</strong></span> 
     </span>
    </p>
   </div>
   <div class='ocr_carea' id='block_1_21' title="bbox 1916 647 3471 717">
    <p class='ocr_par' dir='ltr' id='par_1_21' title="bbox 1916 647 3471 717">
     <span class='ocr_line' id='line_1_21' title="bbox 1916 647 3471 717; baseline 0.006 -17"><span class='ocrx_word' id='word_1_150' title='bbox 1916 647 2057 701; x_wconf 88' lang='lat' dir='ltr'><strong>idem</strong></span> <span class='ocrx_word' id='word_1_151' title='bbox 2094 648 2298 711; x_wconf 83' lang='lat' dir='ltr'><strong>dicere,</strong></span> <span class='ocrx_word' id='word_1_152' title='bbox 2332 647 2475 717; x_wconf 86' lang='lat' dir='ltr'><strong>quod</strong></span> <span class='ocrx_word' id='word_1_153' title='bbox 2503 650 2751 717; x_wconf 84' lang='lat' dir='ltr'><strong>quamvis</strong></span> <span class='ocrx_word' id='word_1_154' title='bbox 2773 664 2880 703; x_wconf 89' lang='lat' dir='ltr'><strong>non</strong></span> <span class='ocrx_word' id='word_1_155' title='bbox 2910 651 2980 706; x_wconf 92' lang='lat' dir='ltr'><strong>sit</strong></span> <span class='ocrx_word' id='word_1_156' title='bbox 3012 652 3082 706; x_wconf 85' lang='lat' dir='ltr'><strong>ab</strong></span> <span class='ocrx_word' id='word_1_157' title='bbox 3112 662 3344 717; x_wconf 69' lang='lat' dir='ltr'><strong>aeterno,</strong></span> <span class='ocrx_word' id='word_1_158' title='bbox 3386 665 3471 710; x_wconf 85' lang='lat' dir='ltr'><strong>ta-</strong></span> 
     </span>
    </p>
   </div>
   <div class='ocr_carea' id='block_1_22' title="bbox 1906 736 3470 814">
    <p class='ocr_par' dir='ltr' id='par_1_22' title="bbox 1906 736 3470 814">
     <span class='ocr_line' id='line_1_22' title="bbox 1906 736 3470 814; baseline 0.01 -26"><span class='ocrx_word' id='word_1_159' title='bbox 1906 751 2030 790; x_wconf 83' lang='lat' dir='ltr'><strong>men</strong></span> <span class='ocrx_word' id='word_1_160' title='bbox 2060 736 2113 790; x_wconf 94' lang='lat' dir='ltr'><strong>in</strong></span> <span class='ocrx_word' id='word_1_161' title='bbox 2144 745 2406 790; x_wconf 68' lang='lat' dir='ltr'><strong>aeternum</strong></span> <span class='ocrx_word' id='word_1_162' title='bbox 2443 752 2502 792; x_wconf 85' lang='lat' dir='ltr'><strong>se</strong></span> <span class='ocrx_word' id='word_1_163' title='bbox 2548 740 2853 807; x_wconf 76' lang='lat' dir='ltr'><strong>protendat.</strong></span> <span class='ocrx_word' id='word_1_164' title='bbox 2909 741 3011 806; x_wconf 90' lang='lat' dir='ltr'><strong>Qui</strong></span> <span class='ocrx_word' id='word_1_165' title='bbox 3060 743 3175 797; x_wconf 63' lang='lat' dir='ltr'><strong>haec</strong></span> <span class='ocrx_word' id='word_1_166' title='bbox 3224 746 3470 814; x_wconf 79' lang='lat' dir='ltr'><strong>profert,</strong></span> 
     </span>
    </p>
   </div>
   <div class='ocr_carea' id='block_1_23' title="bbox 1901 829 3472 900">
    <p class='ocr_par' dir='ltr' id='par_1_23' title="bbox 1901 829 3472 900">
     <span class='ocr_line' id='line_1_23' title="bbox 1901 829 3472 900; baseline 0.008 -18"><span class='ocrx_word' id='word_1_167' title='bbox 1901 830 2065 882; x_wconf 88' lang='lat' dir='ltr'><strong>etiam</strong></span> <span class='ocrx_word' id='word_1_168' title='bbox 2098 829 2187 883; x_wconf 88' lang='lat' dir='ltr'><strong>illa</strong></span> <span class='ocrx_word' id='word_1_169' title='bbox 2221 845 2403 883; x_wconf 86' lang='lat' dir='ltr'><strong>secum</strong></span> <span class='ocrx_word' id='word_1_170' title='bbox 2436 839 2684 899; x_wconf 89' lang='lat' dir='ltr'><strong>reputet,</strong></span> <span class='ocrx_word' id='word_1_171' title='bbox 2716 839 2978 900; x_wconf 88' lang='lat' dir='ltr'><strong>quantum</strong></span> <span class='ocrx_word' id='word_1_172' title='bbox 3011 835 3173 890; x_wconf 90' lang='lat' dir='ltr'><strong>distet</strong></span> <span class='ocrx_word' id='word_1_173' title='bbox 3217 837 3472 894; x_wconf 79' lang='lat' dir='ltr'><strong>divinitas</strong></span> 
     </span>
    </p>
   </div>
   <div class='ocr_carea' id='block_1_24' title="bbox 1903 924 3471 993">
    <p class='ocr_par' dir='ltr' id='par_1_24' title="bbox 1903 924 3471 993">
     <span class='ocr_line' id='line_1_24' title="bbox 1903 924 3471 993; baseline 0.007 -20"><span class='ocrx_word' id='word_1_174' title='bbox 1903 935 1933 973; x_wconf 88' lang='lat' dir='ltr'><strong>a</strong></span> <span class='ocrx_word' id='word_1_175' title='bbox 1965 930 2239 984; x_wconf 80' lang='lat' dir='ltr'><strong>creatura,</strong></span> <span class='ocrx_word' id='word_1_176' title='bbox 2267 937 2362 991; x_wconf 91' lang='lat' dir='ltr'><strong>per</strong></span> <span class='ocrx_word' id='word_1_177' title='bbox 2397 924 2759 992; x_wconf 83' lang='lat' dir='ltr'><strong>prOprietates</strong></span> <span class='ocrx_word' id='word_1_178' title='bbox 2788 940 2909 993; x_wconf 63' lang='lat' dir='ltr'><strong>qua:</strong></span> <span class='ocrx_word' id='word_1_179' title='bbox 2941 926 2993 979; x_wconf 93' lang='lat' dir='ltr'><strong>in</strong></span> <span class='ocrx_word' id='word_1_180' title='bbox 3039 941 3101 981; x_wconf 89' lang='lat' dir='ltr'><strong>ea</strong></span> <span class='ocrx_word' id='word_1_181' title='bbox 3140 939 3287 983; x_wconf 88' lang='lat' dir='ltr'><strong>sunt.</strong></span> <span class='ocrx_word' id='word_1_182' title='bbox 3336 929 3471 984; x_wconf 86' lang='lat' dir='ltr'><strong>Nam</strong></span> 
     </span>
    </p>
   </div>
   <div class='ocr_carea' id='block_1_25' title="bbox 1903 1010 3475 1088">
    <p class='ocr_par' dir='ltr' id='par_1_25' title="bbox 1903 1010 3475 1088">
     <span class='ocr_line' id='line_1_25' title="bbox 1903 1010 3475 1088; baseline 0.007 -25"><span class='ocrx_word' id='word_1_183' title='bbox 1903 1010 2207 1066; x_wconf 72' lang='lat' dir='ltr'><strong>divinitatis</strong></span> <span class='ocrx_word' id='word_1_184' title='bbox 2239 1012 2457 1082; x_wconf 85' lang='lat' dir='ltr'><strong>quidem</strong></span> <span class='ocrx_word' id='word_1_185' title='bbox 2494 1013 2775 1083; x_wconf 90' lang='lat' dir='ltr'><strong>proprium</strong></span> <span class='ocrx_word' id='word_1_186' title='bbox 2832 1022 2916 1068; x_wconf 89' lang='lat' dir='ltr'><strong>est</strong></span> <span class='ocrx_word' id='word_1_187' title='bbox 2946 1016 3091 1070; x_wconf 89' lang='lat' dir='ltr'><strong>nulla</strong></span> <span class='ocrx_word' id='word_1_188' title='bbox 3120 1034 3240 1088; x_wconf 72' lang='lat' dir='ltr'><strong>qua:</strong></span> <span class='ocrx_word' id='word_1_189' title='bbox 3277 1035 3475 1074; x_wconf 88' lang='lat' dir='ltr'><strong>secun-</strong></span> 
     </span>
    </p>
   </div>
   <div class='ocr_carea' id='block_1_26' title="bbox 1903 1101 3473 1176">
    <p class='ocr_par' dir='ltr' id='par_1_26' title="bbox 1903 1101 3473 1176">
     <span class='ocr_line' id='line_1_26' title="bbox 1903 1101 3473 1176; baseline 0.006 -22"><span class='ocrx_word' id='word_1_190' title='bbox 1903 1101 2032 1154; x_wconf 90' lang='lat' dir='ltr'><strong>dum</strong></span> <span class='ocrx_word' id='word_1_191' title='bbox 2068 1101 2269 1156; x_wconf 89' lang='lat' dir='ltr'><strong>bonmn</strong></span> <span class='ocrx_word' id='word_1_192' title='bbox 2303 1111 2580 1172; x_wconf 90' lang='lat' dir='ltr'><strong>spectetur</strong></span> <span class='ocrx_word' id='word_1_193' title='bbox 2630 1105 2852 1157; x_wconf 90' lang='lat' dir='ltr'><strong>notione</strong></span> <span class='ocrx_word' id='word_1_194' title='bbox 2902 1105 3178 1176; x_wconf 80' lang='lat' dir='ltr'><strong>indigere;</strong></span> <span class='ocrx_word' id='word_1_195' title='bbox 3221 1115 3473 1163; x_wconf 90' lang='lat' dir='ltr'><strong>creatura</strong></span> 
     </span>
    </p>
   </div>
   <div class='ocr_carea' id='block_1_27' title="bbox 1909 1192 3474 1266">
    <p class='ocr_par' dir='ltr' id='par_1_27' title="bbox 1909 1192 3474 1266">
     <span class='ocr_line' id='line_1_27' title="bbox 1909 1192 3474 1266; baseline 0.006 -24"><span class='ocrx_word' id='word_1_196' title='bbox 1909 1206 2040 1245; x_wconf 88' lang='lat' dir='ltr'><strong>vero</strong></span> <span class='ocrx_word' id='word_1_197' title='bbox 2084 1192 2327 1247; x_wconf 89' lang='lat' dir='ltr'><strong>melioris</strong></span> <span class='ocrx_word' id='word_1_198' title='bbox 2381 1194 2795 1263; x_wconf 82' lang='lat' dir='ltr'><strong>participatione</strong></span> <span class='ocrx_word' id='word_1_199' title='bbox 2844 1195 2899 1250; x_wconf 90' lang='lat' dir='ltr'><strong>in</strong></span> <span class='ocrx_word' id='word_1_200' title='bbox 2942 1197 3172 1265; x_wconf 90' lang='lat' dir='ltr'><strong>pulchro</strong></span> <span class='ocrx_word' id='word_1_201' title='bbox 3206 1198 3295 1263; x_wconf 88' lang='lat' dir='ltr'><strong>ﬁt,</strong></span> <span class='ocrx_word' id='word_1_202' title='bbox 3354 1214 3474 1266; x_wconf 67' lang='lat' dir='ltr'><strong>qua:</strong></span> 
     </span>
    </p>
   </div>
   <div class='ocr_carea' id='block_1_28' title="bbox 1902 1280 3475 1358">
    <p class='ocr_par' dir='ltr' id='par_1_28' title="bbox 1902 1280 3475 1358">
     <span class='ocr_line' id='line_1_28' title="bbox 1902 1280 3475 1358; baseline 0.007 -27"><span class='ocrx_word' id='word_1_203' title='bbox 1902 1280 2120 1349; x_wconf 85' lang='lat' dir='ltr'><strong>quidem</strong></span> <span class='ocrx_word' id='word_1_204' title='bbox 2154 1298 2262 1335; x_wconf 85' lang='lat' dir='ltr'><strong>non</strong></span> <span class='ocrx_word' id='word_1_205' title='bbox 2309 1284 2482 1337; x_wconf 89' lang='lat' dir='ltr'><strong>solum</strong></span> <span class='ocrx_word' id='word_1_206' title='bbox 2517 1299 2633 1338; x_wconf 86' lang='lat' dir='ltr'><strong>esse</strong></span> <span class='ocrx_word' id='word_1_207' title='bbox 2671 1285 2835 1354; x_wconf 72' lang='lat' dir='ltr'><strong>ccepit</strong></span> <span class='ocrx_word' id='word_1_208' title='bbox 2863 1323 2876 1346; x_wconf 93' lang='lat'><strong>,</strong></span> <span class='ocrx_word' id='word_1_209' title='bbox 2924 1286 3017 1340; x_wconf 88' lang='lat' dir='ltr'><strong>sed</strong></span> <span class='ocrx_word' id='word_1_210' title='bbox 3052 1286 3213 1340; x_wconf 88' lang='lat' dir='ltr'><strong>etiam</strong></span> <span class='ocrx_word' id='word_1_211' title='bbox 3262 1304 3475 1358; x_wconf 78' lang='lat' dir='ltr'><strong>semper</strong></span> 
     </span>
    </p>
   </div>
   <div class='ocr_carea' id='block_1_29' title="bbox 1902 1373 3473 1449">
    <p class='ocr_par' dir='ltr' id='par_1_29' title="bbox 1902 1373 3473 1449">
     <span class='ocr_line' id='line_1_29' title="bbox 1902 1373 3473 1449; baseline 0.006 -24"><span class='ocrx_word' id='word_1_212' title='bbox 1902 1373 2329 1441; x_wconf 85' lang='lat' dir='ltr'><strong>deprehenditur</strong></span> <span class='ocrx_word' id='word_1_213' title='bbox 2364 1375 2600 1443; x_wconf 87' lang='lat' dir='ltr'><strong>incipere</strong></span> <span class='ocrx_word' id='word_1_214' title='bbox 2633 1377 2685 1428; x_wconf 90' lang='lat' dir='ltr'><strong>in</strong></span> <span class='ocrx_word' id='word_1_215' title='bbox 2717 1377 2944 1445; x_wconf 85' lang='lat' dir='ltr'><strong>pulchro</strong></span> <span class='ocrx_word' id='word_1_216' title='bbox 2976 1394 3115 1442; x_wconf 84' lang='lat' dir='ltr'><strong>esse,</strong></span> <span class='ocrx_word' id='word_1_217' title='bbox 3145 1387 3366 1449; x_wconf 86' lang='lat' dir='ltr'><strong>propter</strong></span> <span class='ocrx_word' id='word_1_218' title='bbox 3389 1380 3473 1433; x_wconf 88' lang='lat' dir='ltr'><strong>in-</strong></span> 
     </span>
    </p>
   </div>
   <div class='ocr_carea' id='block_1_30' title="bbox 1903 1468 3474 1537">
    <p class='ocr_par' dir='ltr' id='par_1_30' title="bbox 1903 1468 3474 1537">
     <span class='ocr_line' id='line_1_30' title="bbox 1903 1468 3474 1537; baseline 0.006 -20"><span class='ocrx_word' id='word_1_219' title='bbox 1903 1475 2241 1519; x_wconf 89' lang='lat' dir='ltr'><strong>crementum</strong></span> <span class='ocrx_word' id='word_1_220' title='bbox 2282 1482 2392 1535; x_wconf 92' lang='lat' dir='ltr'><strong>quo</strong></span> <span class='ocrx_word' id='word_1_221' title='bbox 2442 1482 2658 1536; x_wconf 88' lang='lat' dir='ltr'><strong>semper</strong></span> <span class='ocrx_word' id='word_1_222' title='bbox 2701 1468 2866 1522; x_wconf 89' lang='lat' dir='ltr'><strong>tendit</strong></span> <span class='ocrx_word' id='word_1_223' title='bbox 2922 1469 2975 1523; x_wconf 91' lang='lat' dir='ltr'><strong>in</strong></span> <span class='ocrx_word' id='word_1_224' title='bbox 3030 1472 3243 1525; x_wconf 89' lang='lat' dir='ltr'><strong>melius.</strong></span> <span class='ocrx_word' id='word_1_225' title='bbox 3295 1470 3474 1537; x_wconf 85' lang='lat' dir='ltr'><strong>Quare</strong></span> 
     </span>
    </p>
   </div>
   <div class='ocr_carea' id='block_1_31' title="bbox 1902 1556 3470 1625">
    <p class='ocr_par' dir='ltr' id='par_1_31' title="bbox 1902 1556 3470 1625">
     <span class='ocr_line' id='line_1_31' title="bbox 1902 1556 3470 1625; baseline 0.002 -18"><span class='ocrx_word' id='word_1_226' title='bbox 1902 1569 2182 1622; x_wconf 84' lang='lat' dir='ltr'><strong>nunquam</strong></span> <span class='ocrx_word' id='word_1_227' title='bbox 2220 1556 2276 1608; x_wconf 89' lang='lat' dir='ltr'><strong>in</strong></span> <span class='ocrx_word' id='word_1_228' title='bbox 2306 1556 2793 1625; x_wconf 83' lang='lat' dir='ltr'><strong>comprehensione</strong></span> <span class='ocrx_word' id='word_1_229' title='bbox 2826 1561 2994 1611; x_wconf 88' lang='lat' dir='ltr'><strong>totius</strong></span> <span class='ocrx_word' id='word_1_230' title='bbox 3027 1557 3151 1611; x_wconf 88' lang='lat' dir='ltr'><strong>boui</strong></span> <span class='ocrx_word' id='word_1_231' title='bbox 3185 1558 3470 1621; x_wconf 87' lang='lat' dir='ltr'><strong>consistit,</strong></span> 
     </span>
    </p>
   </div>
   <div class='ocr_carea' id='block_1_32' title="bbox 1882 1644 3472 1719">
    <p class='ocr_par' dir='ltr' id='par_1_32' title="bbox 1882 1644 3472 1719">
     <span class='ocr_line' id='line_1_32' title="bbox 1882 1644 3472 1719; baseline -0.001 -16"><span class='ocrx_word' id='word_1_232' title='bbox 1882 1644 1999 1703; x_wconf 87' lang='lat' dir='ltr'><strong>.sed</strong></span> <span class='ocrx_word' id='word_1_233' title='bbox 2045 1660 2207 1700; x_wconf 90' lang='lat' dir='ltr'><strong>omne</strong></span> <span class='ocrx_word' id='word_1_234' title='bbox 2259 1647 2401 1715; x_wconf 90' lang='lat' dir='ltr'><strong>quod</strong></span> <span class='ocrx_word' id='word_1_235' title='bbox 2460 1657 2673 1717; x_wconf 89' lang='lat' dir='ltr'><strong>partum</strong></span> <span class='ocrx_word' id='word_1_236' title='bbox 2729 1656 2811 1703; x_wconf 88' lang='lat' dir='ltr'><strong>est</strong></span> <span class='ocrx_word' id='word_1_237' title='bbox 2862 1664 2957 1718; x_wconf 89' lang='lat' dir='ltr'><strong>per</strong></span> <span class='ocrx_word' id='word_1_238' title='bbox 3003 1649 3472 1719; x_wconf 83' lang='lat' dir='ltr'><strong>participationem</strong></span> 
     </span>
    </p>
   </div>
   <div class='ocr_carea' id='block_1_33' title="bbox 1906 1738 3476 1810">
    <p class='ocr_par' dir='ltr' id='par_1_33' title="bbox 1906 1738 3476 1810">
     <span class='ocr_line' id='line_1_33' title="bbox 1906 1738 3476 1810; baseline 0.003 -20"><span class='ocrx_word' id='word_1_239' title='bbox 1906 1738 2232 1808; x_wconf 88' lang='lat' dir='ltr'><strong>principium</strong></span> <span class='ocrx_word' id='word_1_240' title='bbox 2265 1740 2320 1791; x_wconf 91' lang='lat' dir='ltr'><strong>ﬁt</strong></span> <span class='ocrx_word' id='word_1_241' title='bbox 2351 1754 2611 1794; x_wconf 88' lang='lat' dir='ltr'><strong>ascensus</strong></span> <span class='ocrx_word' id='word_1_242' title='bbox 2641 1741 2704 1794; x_wconf 88' lang='lat' dir='ltr'><strong>ad</strong></span> <span class='ocrx_word' id='word_1_243' title='bbox 2736 1740 2786 1794; x_wconf 88' lang='lat' dir='ltr'><strong>id</strong></span> <span class='ocrx_word' id='word_1_244' title='bbox 2817 1740 2960 1810; x_wconf 91' lang='lat' dir='ltr'><strong>quod</strong></span> <span class='ocrx_word' id='word_1_245' title='bbox 3010 1741 3204 1795; x_wconf 88' lang='lat' dir='ltr'><strong>melius</strong></span> <span class='ocrx_word' id='word_1_246' title='bbox 3250 1749 3354 1797; x_wconf 87' lang='lat' dir='ltr'><strong>est.</strong></span> <span class='ocrx_word' id='word_1_247' title='bbox 3409 1738 3476 1794; x_wconf 87' lang='lat' dir='ltr'><strong>Et</strong></span> 
     </span>
    </p>
   </div>
   <div class='ocr_carea' id='block_1_34' title="bbox 218 1808 1809 1901">
    <p class='ocr_par' dir='ltr' id='par_1_34' title="bbox 218 1808 1800 1901">
     <span class='ocr_line' id='line_1_34' title="bbox 218 1808 1800 1901; baseline -0.003 -14"><span class='ocrx_word' id='word_1_248' title='bbox 218 1834 318 1887; x_wconf 79' lang='grc' dir='ltr'>καὶ</span> <span class='ocrx_word' id='word_1_249' title='bbox 350 1833 460 1885; x_wconf 79' lang='grc' dir='ltr'>πᾶν</span> <span class='ocrx_word' id='word_1_250' title='bbox 500 1808 626 1884; x_wconf 25' lang='grc' dir='ltr'>είττι</span> <span class='ocrx_word' id='word_1_251' title='bbox 669 1808 868 1901; x_wconf 57' lang='grc' dir='ltr'>ὑψηλόν</span> <span class='ocrx_word' id='word_1_252' title='bbox 916 1830 1009 1883; x_wconf 76' lang='grc' dir='ltr'>καὶ</span> <span class='ocrx_word' id='word_1_253' title='bbox 1042 1808 1344 1901; x_wconf 75' lang='grc' dir='ltr'>θεοπρεπὲς</span> <span class='ocrx_word' id='word_1_254' title='bbox 1378 1832 1493 1883; x_wconf 76' lang='grc' dir='ltr'>ἐστι</span> <span class='ocrx_word' id='word_1_255' title='bbox 1532 1808 1800 1901; x_wconf 82' lang='grc' dir='ltr'>νόημα·ἡ</span> 
     </span>
    </p>
   </div>
   <div class='ocr_carea' id='block_1_35' title="bbox 1909 1808 3472 1901">
    <p class='ocr_par' dir='ltr' id='par_1_35' title="bbox 1909 1828 3472 1899">
     <span class='ocr_line' id='line_1_35' title="bbox 1909 1828 3472 1899; baseline 0.005 -21"><span class='ocrx_word' id='word_1_256' title='bbox 1909 1829 2057 1898; x_wconf 78' lang='lat' dir='ltr'><strong>juxta</strong></span> <span class='ocrx_word' id='word_1_257' title='bbox 2090 1828 2241 1882; x_wconf 89' lang='lat' dir='ltr'><strong>Pauli</strong></span> <span class='ocrx_word' id='word_1_258' title='bbox 2285 1844 2508 1892; x_wconf 88' lang='lat' dir='ltr'><strong>vocem,</strong></span> <span class='ocrx_word' id='word_1_259' title='bbox 2558 1846 2836 1899; x_wconf 85' lang='lat' dir='ltr'><strong>nunquam</strong></span> <span class='ocrx_word' id='word_1_260' title='bbox 2882 1840 3062 1885; x_wconf 79' lang='lat' dir='ltr'><strong>cessat</strong></span> <span class='ocrx_word' id='word_1_261' title='bbox 3102 1832 3167 1885; x_wconf 89' lang='lat' dir='ltr'><strong>ad</strong></span> <span class='ocrx_word' id='word_1_262' title='bbox 3197 1832 3472 1887; x_wconf 86' lang='lat' dir='ltr'><strong>anteriora</strong></span> 
     </span>
    </p>
   </div>
   <div class='ocr_carea' id='block_1_36' title="bbox 218 1920 1799 1991">
    <p class='ocr_par' dir='ltr' id='par_1_36' title="bbox 218 1920 1799 1991">
     <span class='ocr_line' id='line_1_36' title="bbox 218 1920 1799 1991; baseline 0.008 -26"><span class='ocrx_word' id='word_1_263' title='bbox 218 1924 278 1977; x_wconf 67' lang='grc' dir='ltr'><strong>δὲ</strong></span> <span class='ocrx_word' id='word_1_264' title='bbox 312 1924 496 1986; x_wconf 79' lang='grc' dir='ltr'><strong>κτίσις</strong></span> <span class='ocrx_word' id='word_1_265' title='bbox 545 1921 752 1975; x_wconf 79' lang='grc' dir='ltr'>ἐκεῖθεν</span> <span class='ocrx_word' id='word_1_266' title='bbox 799 1921 907 1975; x_wconf 83' lang='grc' dir='ltr'><strong>τῶν</strong></span> <span class='ocrx_word' id='word_1_267' title='bbox 938 1920 1155 1990; x_wconf 82' lang='grc' dir='ltr'><strong>ἀγαθῶν</strong></span> <span class='ocrx_word' id='word_1_268' title='bbox 1202 1920 1468 1989; x_wconf 82' lang='grc' dir='ltr'>λαμϐάνει</span> <span class='ocrx_word' id='word_1_269' title='bbox 1506 1921 1606 1991; x_wconf 82' lang='grc' dir='ltr'>τὴν</span> <span class='ocrx_word' id='word_1_270' title='bbox 1635 1937 1799 1991; x_wconf 82' lang='grc' dir='ltr'>χορη-</span> 
     </span>
    </p>
   </div>
   <div class='ocr_carea' id='block_1_37' title="bbox 216 2011 1802 2085">
    <p class='ocr_par' dir='ltr' id='par_1_37' title="bbox 216 2011 1802 2085">
     <span class='ocr_line' id='line_1_37' title="bbox 216 2011 1802 2085; baseline -0.003 -18"><span class='ocrx_word' id='word_1_271' title='bbox 216 2016 368 2084; x_wconf 59' lang='grc' dir='ltr'>γίαν</span> <span class='ocrx_word' id='word_1_272' title='bbox 396 2013 632 2085; x_wconf 78' lang='grc' dir='ltr'>φανερὸν</span> <span class='ocrx_word' id='word_1_273' title='bbox 655 2015 718 2066; x_wconf 81' lang='grc' dir='ltr'>ἐκ</span> <span class='ocrx_word' id='word_1_274' title='bbox 743 2012 946 2065; x_wconf 89' lang='grc' dir='ltr'>τούτων</span> <span class='ocrx_word' id='word_1_275' title='bbox 976 2012 1041 2065; x_wconf 83' lang='grc' dir='ltr'><strong>ἂν</strong></span> <span class='ocrx_word' id='word_1_276' title='bbox 1073 2011 1180 2082; x_wconf 78' lang='grc' dir='ltr'>εἴη,</span> <span class='ocrx_word' id='word_1_277' title='bbox 1201 2012 1283 2064; x_wconf 81' lang='grc' dir='ltr'>ὅτι</span> <span class='ocrx_word' id='word_1_278' title='bbox 1312 2011 1470 2081; x_wconf 77' lang='grc' dir='ltr'>εἴπερ</span> <span class='ocrx_word' id='word_1_279' title='bbox 1498 2011 1802 2081; x_wconf 80' lang='grc' dir='ltr'>μετέχουσα</span> 
     </span>
    </p>
   </div>
   <div class='ocr_carea' id='block_1_38' title="bbox 215 2100 1804 2176">
    <p class='ocr_par' dir='ltr' id='par_1_38' title="bbox 215 2100 1804 2176">
     <span class='ocr_line' id='line_1_38' title="bbox 215 2100 1804 2176; baseline -0.007 -13"><span class='ocrx_word' id='word_1_280' title='bbox 215 2108 321 2176; x_wconf 79' lang='grc' dir='ltr'><strong>τῆς</strong></span> <span class='ocrx_word' id='word_1_281' title='bbox 353 2106 545 2174; x_wconf 78' lang='grc' dir='ltr'>ζωῆς,</span> <span class='ocrx_word' id='word_1_282' title='bbox 600 2106 658 2159; x_wconf 78' lang='grc' dir='ltr'><strong>ἐν</strong></span> <span class='ocrx_word' id='word_1_283' title='bbox 689 2103 767 2174; x_wconf 82' lang='grc' dir='ltr'>τῷ</span> <span class='ocrx_word' id='word_1_284' title='bbox 818 2105 917 2173; x_wconf 80' lang='grc' dir='ltr'>ζῇν</span> <span class='ocrx_word' id='word_1_285' title='bbox 964 2105 1114 2156; x_wconf 72' lang='grc' dir='ltr'>ἐστι·</span> <span class='ocrx_word' id='word_1_286' title='bbox 1151 2104 1246 2156; x_wconf 76' lang='grc' dir='ltr'><strong>καὶ</strong></span> <span class='ocrx_word' id='word_1_287' title='bbox 1294 2104 1343 2155; x_wconf 84' lang='grc' dir='ltr'><strong>εί</strong></span> <span class='ocrx_word' id='word_1_288' title='bbox 1391 2100 1659 2155; x_wconf 86' lang='grc' dir='ltr'>παύσαιτο</span> <span class='ocrx_word' id='word_1_289' title='bbox 1705 2101 1804 2170; x_wconf 84' lang='grc' dir='ltr'><strong>τῆς</strong></span> 
     </span>
    </p>
   </div>
   <div class='ocr_carea' id='block_1_39' title="bbox 219 2191 1803 2269">
    <p class='ocr_par' dir='ltr' id='par_1_39' title="bbox 219 2191 1803 2269">
     <span class='ocr_line' id='line_1_39' title="bbox 219 2191 1803 2269; baseline -0.003 -19"><span class='ocrx_word' id='word_1_290' title='bbox 219 2198 555 2269; x_wconf 82' lang='grc' dir='ltr'>μετουσίας,</span> <span class='ocrx_word' id='word_1_291' title='bbox 599 2197 694 2249; x_wconf 80' lang='grc' dir='ltr'>καὶ</span> <span class='ocrx_word' id='word_1_292' title='bbox 722 2194 813 2248; x_wconf 79' lang='grc' dir='ltr'>τοῦ</span> <span class='ocrx_word' id='word_1_293' title='bbox 848 2198 906 2249; x_wconf 80' lang='grc' dir='ltr'>ὲν</span> <span class='ocrx_word' id='word_1_294' title='bbox 938 2194 1016 2264; x_wconf 83' lang='grc' dir='ltr'>τῷ</span> <span class='ocrx_word' id='word_1_295' title='bbox 1050 2195 1149 2266; x_wconf 79' lang='grc' dir='ltr'><strong>ζῇν</strong></span> <span class='ocrx_word' id='word_1_296' title='bbox 1183 2191 1322 2249; x_wconf 71' lang='grc' dir='ltr'>εἶναι</span> <span class='ocrx_word' id='word_1_297' title='bbox 1355 2194 1622 2248; x_wconf 86' lang='grc' dir='ltr'>παύσεται</span> <span class='ocrx_word' id='word_1_298' title='bbox 1666 2192 1803 2246; x_wconf 83' lang='grc' dir='ltr'>πάν-</span> 
     </span>
    </p>
   </div>
   <div class='ocr_carea' id='block_1_40' title="bbox 214 2282 1805 2356">
    <p class='ocr_par' dir='ltr' id='par_1_40' title="bbox 214 2282 1805 2356">
     <span class='ocr_line' id='line_1_40' title="bbox 214 2282 1805 2356; baseline -0.002 -16"><span class='ocrx_word' id='word_1_299' title='bbox 214 2305 347 2351; x_wconf 82' lang='grc' dir='ltr'>τως.</span> <span class='ocrx_word' id='word_1_300' title='bbox 388 2288 449 2340; x_wconf 84' lang='grc' dir='ltr'>Εί</span> <span class='ocrx_word' id='word_1_301' title='bbox 487 2288 586 2356; x_wconf 80' lang='grc' dir='ltr'><strong>μὲν</strong></span> <span class='ocrx_word' id='word_1_302' title='bbox 611 2282 703 2338; x_wconf 75' lang='grc' dir='ltr'><strong>οὖν</strong></span> <span class='ocrx_word' id='word_1_303' title='bbox 733 2286 827 2339; x_wconf 73' lang='grc' dir='ltr'><strong>καὶ</strong></span> <span class='ocrx_word' id='word_1_304' title='bbox 858 2287 986 2355; x_wconf 69' lang='grc' dir='ltr'>περὶ</span> <span class='ocrx_word' id='word_1_305' title='bbox 1010 2286 1104 2338; x_wconf 82' lang='grc' dir='ltr'>τοῦ</span> <span class='ocrx_word' id='word_1_306' title='bbox 1127 2284 1443 2356; x_wconf 80' lang='grc' dir='ltr'>μονογενοῦς</span> <span class='ocrx_word' id='word_1_307' title='bbox 1467 2285 1600 2338; x_wconf 86' lang='grc' dir='ltr'>Θεοῦ</span> <span class='ocrx_word' id='word_1_308' title='bbox 1631 2284 1805 2338; x_wconf 80' lang='grc' dir='ltr'>ταῦτα</span> 
     </span>
    </p>
   </div>
   <div class='ocr_carea' id='block_1_41' title="bbox 214 2375 1808 2447">
    <p class='ocr_par' dir='ltr' id='par_1_41' title="bbox 214 2375 1808 2447">
     <span class='ocr_line' id='line_1_41' title="bbox 214 2375 1808 2447; baseline -0.003 -16"><span class='ocrx_word' id='word_1_309' title='bbox 214 2378 404 2447; x_wconf 80' lang='grc' dir='ltr'>λέγειν</span> <span class='ocrx_word' id='word_1_310' title='bbox 430 2377 705 2447; x_wconf 81' lang='grc' dir='ltr'>τολμῶσιν</span> <span class='ocrx_word' id='word_1_311' title='bbox 728 2416 744 2439; x_wconf 91' lang='grc'><strong>,</strong></span> <span class='ocrx_word' id='word_1_312' title='bbox 774 2377 877 2430; x_wconf 81' lang='grc' dir='ltr'>ὅσα</span> <span class='ocrx_word' id='word_1_313' title='bbox 901 2376 1029 2447; x_wconf 76' lang='grc' dir='ltr'>περὶ</span> <span class='ocrx_word' id='word_1_314' title='bbox 1055 2379 1154 2446; x_wconf 85' lang='grc' dir='ltr'><strong>τῆς</strong></span> <span class='ocrx_word' id='word_1_315' title='bbox 1193 2376 1422 2439; x_wconf 75' lang='grc' dir='ltr'>κτίσεως</span> <span class='ocrx_word' id='word_1_316' title='bbox 1454 2375 1651 2445; x_wconf 83' lang='grc' dir='ltr'>ἀληθές</span> <span class='ocrx_word' id='word_1_317' title='bbox 1693 2377 1808 2428; x_wconf 78' lang='grc' dir='ltr'>ἐστι</span> 
     </span>
    </p>
   </div>
   <div class='ocr_carea' id='block_1_42' title="bbox 213 2468 1807 2538">
    <p class='ocr_par' dir='ltr' id='par_1_42' title="bbox 213 2468 1807 2538">
     <span class='ocr_line' id='line_1_42' title="bbox 213 2468 1807 2538; baseline -0.003 -14"><span class='ocrx_word' id='word_1_318' title='bbox 213 2470 404 2538; x_wconf 82' lang='grc' dir='ltr'>λέγειν</span> <span class='ocrx_word' id='word_1_319' title='bbox 427 2510 444 2533; x_wconf 89' lang='grc'><strong>,</strong></span> <span class='ocrx_word' id='word_1_320' title='bbox 500 2471 593 2524; x_wconf 71' lang='grc' dir='ltr'>καὶ</span> <span class='ocrx_word' id='word_1_321' title='bbox 646 2468 803 2522; x_wconf 85' lang='grc' dir='ltr'>τοῦτο</span> <span class='ocrx_word' id='word_1_322' title='bbox 857 2468 997 2538; x_wconf 86' lang='grc' dir='ltr'><strong>μετά</strong></span> <span class='ocrx_word' id='word_1_323' title='bbox 1058 2469 1276 2522; x_wconf 82' lang='grc' dir='ltr'>πάντων</span> <span class='ocrx_word' id='word_1_324' title='bbox 1334 2468 1672 2536; x_wconf 81' lang='grc' dir='ltr'>λεγέτωσαν,</span> <span class='ocrx_word' id='word_1_325' title='bbox 1726 2468 1807 2520; x_wconf 83' lang='grc' dir='ltr'>ὅτι</span> 
     </span>
    </p>
   </div>
   <div class='ocr_carea' id='block_1_43' title="bbox 212 2557 1807 2633">
    <p class='ocr_par' dir='ltr' id='par_1_43' title="bbox 212 2557 1807 2633">
     <span class='ocr_line' id='line_1_43' title="bbox 212 2557 1807 2633; baseline -0.002 -18"><span class='ocrx_word' id='word_1_326' title='bbox 212 2562 427 2632; x_wconf 76' lang='grc' dir='ltr'>ὁμοίως</span> <span class='ocrx_word' id='word_1_327' title='bbox 454 2563 521 2631; x_wconf 79' lang='grc' dir='ltr'>τῇ</span> <span class='ocrx_word' id='word_1_328' title='bbox 568 2561 741 2614; x_wconf 82' lang='grc' dir='ltr'>κτίσει</span> <span class='ocrx_word' id='word_1_329' title='bbox 771 2561 983 2615; x_wconf 73' lang='grc' dir='ltr'>καὶτοῦ</span> <span class='ocrx_word' id='word_1_330' title='bbox 1017 2557 1154 2616; x_wconf 83' lang='grc' dir='ltr'>εἶναι</span> <span class='ocrx_word' id='word_1_331' title='bbox 1200 2561 1428 2633; x_wconf 79' lang='grc' dir='ltr'>ἄρχεται</span> <span class='ocrx_word' id='word_1_332' title='bbox 1454 2599 1469 2622; x_wconf 88' lang='grc'><strong>,</strong></span> <span class='ocrx_word' id='word_1_333' title='bbox 1500 2561 1593 2614; x_wconf 77' lang='grc' dir='ltr'><strong>καὶ</strong></span> <span class='ocrx_word' id='word_1_334' title='bbox 1623 2563 1682 2614; x_wconf 80' lang='grc' dir='ltr'><strong>ὲν</strong></span> <span class='ocrx_word' id='word_1_335' title='bbox 1727 2560 1807 2629; x_wconf 85' lang='grc' dir='ltr'>τῷ</span> 
     </span>
    </p>
   </div>
   <div class='ocr_carea' id='block_1_44' title="bbox 214 2650 1808 2723">
    <p class='ocr_par' dir='ltr' id='par_1_44' title="bbox 214 2650 1808 2723">
     <span class='ocr_line' id='line_1_44' title="bbox 214 2650 1808 2723; baseline -0.001 -20"><span class='ocrx_word' id='word_1_336' title='bbox 214 2653 325 2722; x_wconf 78' lang='grc' dir='ltr'><strong>ζῇν</strong></span> <span class='ocrx_word' id='word_1_337' title='bbox 377 2651 509 2705; x_wconf 87' lang='grc' dir='ltr'>καθ’</span> <span class='ocrx_word' id='word_1_338' title='bbox 560 2652 851 2722; x_wconf 85' lang='grc' dir='ltr'>ὁμοιότητα</span> <span class='ocrx_word' id='word_1_339' title='bbox 890 2651 1000 2704; x_wconf 84' lang='grc' dir='ltr'><strong>τῶν</strong></span> <span class='ocrx_word' id='word_1_340' title='bbox 1033 2652 1218 2722; x_wconf 78' lang='grc' dir='ltr'>ψυχῶν</span> <span class='ocrx_word' id='word_1_341' title='bbox 1270 2652 1532 2723; x_wconf 83' lang='grc' dir='ltr'>διαμένει.</span> <span class='ocrx_word' id='word_1_342' title='bbox 1570 2651 1631 2703; x_wconf 78' lang='lat' dir='ltr'><strong>Et</strong></span> <span class='ocrx_word' id='word_1_343' title='bbox 1676 2650 1733 2702; x_wconf 81' lang='grc' dir='ltr'><strong>δὲ</strong></span> <span class='ocrx_word' id='word_1_344' title='bbox 1779 2651 1808 2702; x_wconf 86' lang='grc' dir='ltr'>ὁ</span> 
     </span>
    </p>
   </div>
   <div class='ocr_carea' id='block_1_45' title="bbox 216 2742 1810 2824">
    <p class='ocr_par' dir='ltr' id='par_1_45' title="bbox 216 2742 1810 2824">
     <span class='ocr_line' id='line_1_45' title="bbox 216 2742 1810 2824; baseline -0.003 -26"><span class='ocrx_word' id='word_1_345' title='bbox 216 2746 325 2816; x_wconf 81' lang='grc' dir='ltr'><strong>μὲν</strong></span> <span class='ocrx_word' id='word_1_346' title='bbox 359 2742 609 2815; x_wconf 78' lang='grc' dir='ltr'>αὑτοζωή</span> <span class='ocrx_word' id='word_1_347' title='bbox 640 2746 757 2796; x_wconf 80' lang='grc' dir='ltr'>ἐστι</span> <span class='ocrx_word' id='word_1_348' title='bbox 777 2783 792 2808; x_wconf 89' lang='grc'><strong>,</strong></span> <span class='ocrx_word' id='word_1_349' title='bbox 822 2746 915 2817; x_wconf 78' lang='grc' dir='ltr'>καὶ</span> <span class='ocrx_word' id='word_1_350' title='bbox 942 2744 1037 2798; x_wconf 81' lang='grc' dir='ltr'>τοῦ</span> <span class='ocrx_word' id='word_1_351' title='bbox 1073 2744 1391 2797; x_wconf 76' lang='grc' dir='ltr'>ἐπείσακτον</span> <span class='ocrx_word' id='word_1_352' title='bbox 1424 2744 1566 2814; x_wconf 78' lang='grc' dir='ltr'>ἔχειν</span> <span class='ocrx_word' id='word_1_353' title='bbox 1594 2744 1651 2824; x_wconf 67' lang='grc' dir='ltr'>έν</span> <span class='ocrx_word' id='word_1_354' title='bbox 1686 2744 1810 2795; x_wconf 81' lang='grc' dir='ltr'>ἑαυ-</span> 
     </span>
    </p>
   </div>
   <div class='ocr_carea' id='block_1_46' title="bbox 211 2831 1810 2906">
    <p class='ocr_par' dir='ltr' id='par_1_46' title="bbox 211 2831 1810 2906">
     <span class='ocr_line' id='line_1_46' title="bbox 211 2831 1810 2906; baseline -0.003 -18"><span class='ocrx_word' id='word_1_355' title='bbox 211 2836 295 2905; x_wconf 77' lang='grc' dir='ltr'><strong>τῷ</strong></span> <span class='ocrx_word' id='word_1_356' title='bbox 316 2836 427 2906; x_wconf 80' lang='grc' dir='ltr'><strong>τὴν</strong></span> <span class='ocrx_word' id='word_1_357' title='bbox 460 2835 603 2905; x_wconf 80' lang='grc' dir='ltr'>ζωὴν</span> <span class='ocrx_word' id='word_1_358' title='bbox 634 2836 695 2887; x_wconf 78' lang='grc' dir='ltr'>οὐ</span> <span class='ocrx_word' id='word_1_359' title='bbox 727 2835 1041 2906; x_wconf 81' lang='grc' dir='ltr'>προσδέεται</span> <span class='ocrx_word' id='word_1_360' title='bbox 1068 2852 1080 2866; x_wconf 89' lang='grc'><strong>·</strong></span> <span class='ocrx_word' id='word_1_361' title='bbox 1122 2834 1191 2888; x_wconf 82' lang='grc' dir='ltr'>τὰ</span> <span class='ocrx_word' id='word_1_362' title='bbox 1216 2835 1272 2888; x_wconf 85' lang='grc' dir='ltr'><strong>δὲ</strong></span> <span class='ocrx_word' id='word_1_363' title='bbox 1303 2834 1436 2888; x_wconf 81' lang='grc' dir='ltr'>ἄλλα</span> <span class='ocrx_word' id='word_1_364' title='bbox 1471 2833 1646 2888; x_wconf 84' lang='grc' dir='ltr'>πάντα</span> <span class='ocrx_word' id='word_1_365' title='bbox 1689 2831 1810 2902; x_wconf 55' lang='grc' dir='ltr'><strong>οὐχ)⁹</strong></span> 
     </span>
    </p>
   </div>
   <div class='ocr_carea' id='block_1_47' title="bbox 212 2925 1611 3004">
    <p class='ocr_par' dir='ltr' id='par_1_47' title="bbox 212 2925 1611 3004">
     <span class='ocr_line' id='line_1_47' title="bbox 212 2925 1611 3004; baseline -0.001 -24"><span class='ocrx_word' id='word_1_366' title='bbox 212 2926 337 2998; x_wconf 75' lang='grc' dir='ltr'><strong>ζωή</strong></span> <span class='ocrx_word' id='word_1_367' title='bbox 373 2929 544 2990; x_wconf 77' lang='grc' dir='ltr'>ἐστιν,</span> <span class='ocrx_word' id='word_1_368' title='bbox 575 2926 709 3004; x_wconf 76' lang='grc' dir='ltr'><strong>ἀλλά</strong></span> <span class='ocrx_word' id='word_1_369' title='bbox 741 2925 1038 2997; x_wconf 81' lang='grc' dir='ltr'>μεθεκτικά</span> <span class='ocrx_word' id='word_1_370' title='bbox 1071 2927 1171 2995; x_wconf 86' lang='grc' dir='ltr'><strong>τῆς</strong></span> <span class='ocrx_word' id='word_1_371' title='bbox 1212 2926 1357 2995; x_wconf 75' lang='grc' dir='ltr'>ζωῆς</span> <span class='ocrx_word' id='word_1_372' title='bbox 1384 2926 1611 2995; x_wconf 86' lang='grc' dir='ltr'>γίνεται.</span> 
     </span>
    </p>
   </div>
   <div class='ocr_carea' id='block_1_48' title="bbox 1906 1920 3471 1990">
    <p class='ocr_par' dir='ltr' id='par_1_48' title="bbox 1906 1920 3471 1990">
     <span class='ocr_line' id='line_1_48' title="bbox 1906 1920 3471 1990; baseline 0.003 -18"><span class='ocrx_word' id='word_1_373' title='bbox 1906 1920 2199 1974; x_wconf 83' lang='lat' dir='ltr'><strong>extendere</strong></span> <span class='ocrx_word' id='word_1_374' title='bbox 2242 1934 2300 1974; x_wconf 91' lang='lat' dir='ltr'><strong>se</strong></span> <span class='ocrx_word' id='word_1_375' title='bbox 2330 1928 2381 1973; x_wconf 90' lang='lat' dir='ltr'><strong>et</strong></span> <span class='ocrx_word' id='word_1_376' title='bbox 2424 1920 2667 1974; x_wconf 84' lang='lat' dir='ltr'><strong>oblivisci</strong></span> <span class='ocrx_word' id='word_1_377' title='bbox 2703 1936 2889 1974; x_wconf 90' lang='lat' dir='ltr'><strong>eorum</strong></span> <span class='ocrx_word' id='word_1_378' title='bbox 2920 1937 3039 1990; x_wconf 66' lang='lat' dir='ltr'><strong>qua:</strong></span> <span class='ocrx_word' id='word_1_379' title='bbox 3078 1930 3203 1976; x_wconf 88' lang='lat' dir='ltr'><strong>sunt</strong></span> <span class='ocrx_word' id='word_1_380' title='bbox 3235 1930 3380 1977; x_wconf 85' lang='lat' dir='ltr'><strong>retro</strong></span> <span class='ocrx_word' id='word_1_381' title='bbox 3407 1922 3471 1976; x_wconf 78' lang='lat'><strong>“.</strong></span> 
     </span>
    </p>
   </div>
   <div class='ocr_carea' id='block_1_49' title="bbox 1906 2008 3473 2080">
    <p class='ocr_par' dir='ltr' id='par_1_49' title="bbox 1906 2008 3473 2080">
     <span class='ocr_line' id='line_1_49' title="bbox 1906 2008 3473 2080; baseline 0.008 -25"><span class='ocrx_word' id='word_1_382' title='bbox 1906 2008 2174 2071; x_wconf 80' lang='lat' dir='ltr'><strong>Quoniam</strong></span> <span class='ocrx_word' id='word_1_383' title='bbox 2204 2010 2368 2077; x_wconf 67' lang='lat' dir='ltr'><strong>igitur</strong></span> <span class='ocrx_word' id='word_1_384' title='bbox 2398 2008 2659 2065; x_wconf 84' lang='lat' dir='ltr'><strong>divinitas</strong></span> <span class='ocrx_word' id='word_1_385' title='bbox 2715 2010 2831 2080; x_wconf 72' lang='lat' dir='ltr'><strong>ipsa</strong></span> <span class='ocrx_word' id='word_1_386' title='bbox 2857 2010 2965 2062; x_wconf 87' lang='lat' dir='ltr'><strong>vita</strong></span> <span class='ocrx_word' id='word_1_387' title='bbox 2990 2021 3091 2075; x_wconf 91' lang='lat' dir='ltr'><strong>est,</strong></span> <span class='ocrx_word' id='word_1_388' title='bbox 3128 2009 3268 2066; x_wconf 91' lang='lat' dir='ltr'><strong>Deus</strong></span> <span class='ocrx_word' id='word_1_389' title='bbox 3294 2022 3473 2067; x_wconf 88' lang='lat' dir='ltr'><strong>autem</strong></span> 
     </span>
    </p>
   </div>
   <div class='ocr_carea' id='block_1_50' title="bbox 1910 2099 3477 2173">
    <p class='ocr_par' dir='ltr' id='par_1_50' title="bbox 1910 2099 3477 2173">
     <span class='ocr_line' id='line_1_50' title="bbox 1910 2099 3477 2173; baseline 0.003 -20"><span class='ocrx_word' id='word_1_390' title='bbox 1910 2100 2225 2168; x_wconf 81' lang='lat' dir='ltr'><strong>unigenitus</strong></span> <span class='ocrx_word' id='word_1_391' title='bbox 2262 2099 2401 2155; x_wconf 90' lang='lat' dir='ltr'><strong>Deus</strong></span> <span class='ocrx_word' id='word_1_392' title='bbox 2436 2108 2489 2155; x_wconf 87' lang='lat' dir='ltr'><strong>et</strong></span> <span class='ocrx_word' id='word_1_393' title='bbox 2518 2102 2647 2164; x_wconf 89' lang='lat' dir='ltr'><strong>vita,</strong></span> <span class='ocrx_word' id='word_1_394' title='bbox 2677 2109 2729 2155; x_wconf 82' lang='lat' dir='ltr'><strong>et</strong></span> <span class='ocrx_word' id='word_1_395' title='bbox 2754 2101 2956 2156; x_wconf 85' lang='lat' dir='ltr'><strong>veritas</strong></span> <span class='ocrx_word' id='word_1_396' title='bbox 2981 2141 2995 2163; x_wconf 89' lang='lat'><strong>.</strong></span> <span class='ocrx_word' id='word_1_397' title='bbox 3028 2112 3079 2156; x_wconf 87' lang='lat' dir='ltr'><strong>et</strong></span> <span class='ocrx_word' id='word_1_398' title='bbox 3113 2101 3477 2173; x_wconf 83' lang='lat' dir='ltr'><strong>quodcunque</strong></span> 
     </span>
    </p>
   </div>
   <div class='ocr_carea' id='block_1_51' title="bbox 1906 2190 3475 2262">
    <p class='ocr_par' dir='ltr' id='par_1_51' title="bbox 1906 2190 3475 2262">
     <span class='ocr_line' id='line_1_51' title="bbox 1906 2190 3475 2262; baseline 0.002 -19"><span class='ocrx_word' id='word_1_399' title='bbox 1906 2190 2187 2243; x_wconf 76' lang='lat' dir='ltr'><strong>excelsum</strong></span> <span class='ocrx_word' id='word_1_400' title='bbox 2221 2199 2274 2245; x_wconf 90' lang='lat' dir='ltr'><strong>et</strong></span> <span class='ocrx_word' id='word_1_401' title='bbox 2324 2190 2431 2245; x_wconf 89' lang='lat' dir='ltr'><strong>Deo</strong></span> <span class='ocrx_word' id='word_1_402' title='bbox 2452 2190 2707 2245; x_wconf 86' lang='lat' dir='ltr'><strong>decorum</strong></span> <span class='ocrx_word' id='word_1_403' title='bbox 2738 2192 2965 2260; x_wconf 80' lang='lat' dir='ltr'><strong>cogitari</strong></span> <span class='ocrx_word' id='word_1_404' title='bbox 2997 2201 3197 2262; x_wconf 78' lang='lat' dir='ltr'><strong>potest,</strong></span> <span class='ocrx_word' id='word_1_405' title='bbox 3226 2203 3475 2248; x_wconf 84' lang='lat' dir='ltr'><strong>creatura</strong></span> 
     </span>
    </p>
   </div>
   <div class='ocr_carea' id='block_1_52' title="bbox 1913 2280 3477 2354">
    <p class='ocr_par' dir='ltr' id='par_1_52' title="bbox 1913 2280 3477 2354">
     <span class='ocr_line' id='line_1_52' title="bbox 1913 2280 3477 2354; baseline 0.006 -21"><span class='ocrx_word' id='word_1_406' title='bbox 1913 2295 2039 2333; x_wconf 88' lang='lat' dir='ltr'><strong>vero</strong></span> <span class='ocrx_word' id='word_1_407' title='bbox 2070 2280 2217 2333; x_wconf 89' lang='lat' dir='ltr'><strong>illinc</strong></span> <span class='ocrx_word' id='word_1_408' title='bbox 2262 2282 2525 2335; x_wconf 89' lang='lat' dir='ltr'><strong>bonorum</strong></span> <span class='ocrx_word' id='word_1_409' title='bbox 2567 2283 3130 2338; x_wconf 84' lang='lat' dir='ltr'><strong>subministrationem</strong></span> <span class='ocrx_word' id='word_1_410' title='bbox 3189 2285 3355 2354; x_wconf 88' lang='lat' dir='ltr'><strong>capit,</strong></span> <span class='ocrx_word' id='word_1_411' title='bbox 3408 2303 3477 2341; x_wconf 77' lang='lat' dir='ltr'><strong>ex</strong></span> 
     </span>
    </p>
   </div>
   <div class='ocr_carea' id='block_1_53' title="bbox 1910 2370 3480 2447">
    <p class='ocr_par' dir='ltr' id='par_1_53' title="bbox 1910 2370 3480 2447">
     <span class='ocr_line' id='line_1_53' title="bbox 1910 2370 3480 2447; baseline 0.006 -24"><span class='ocrx_word' id='word_1_412' title='bbox 1910 2370 1996 2425; x_wconf 88' lang='lat' dir='ltr'><strong>his</strong></span> <span class='ocrx_word' id='word_1_413' title='bbox 2022 2370 2363 2426; x_wconf 80' lang='lat' dir='ltr'><strong>manifestum</strong></span> <span class='ocrx_word' id='word_1_414' title='bbox 2379 2388 2499 2426; x_wconf 90' lang='lat' dir='ltr'><strong>esse</strong></span> <span class='ocrx_word' id='word_1_415' title='bbox 2525 2374 2716 2442; x_wconf 90' lang='lat' dir='ltr'><strong>possit,</strong></span> <span class='ocrx_word' id='word_1_416' title='bbox 2736 2375 2877 2443; x_wconf 89' lang='lat' dir='ltr'><strong>quod</strong></span> <span class='ocrx_word' id='word_1_417' title='bbox 2898 2375 2942 2427; x_wconf 90' lang='lat' dir='ltr'><strong>si</strong></span> <span class='ocrx_word' id='word_1_418' title='bbox 2973 2375 3187 2444; x_wconf 80' lang='lat' dir='ltr'><strong>quidem</strong></span> <span class='ocrx_word' id='word_1_419' title='bbox 3210 2382 3480 2447; x_wconf 80' lang='lat' dir='ltr'><strong>particeps</strong></span> 
     </span>
    </p>
   </div>
   <div class='ocr_carea' id='block_1_54' title="bbox 1908 2463 3481 2537">
    <p class='ocr_par' dir='ltr' id='par_1_54' title="bbox 1908 2463 3481 2537">
     <span class='ocr_line' id='line_1_54' title="bbox 1908 2463 3481 2537; baseline 0.006 -21"><span class='ocrx_word' id='word_1_420' title='bbox 1908 2471 1994 2516; x_wconf 87' lang='lat' dir='ltr'><strong>est</strong></span> <span class='ocrx_word' id='word_1_421' title='bbox 2023 2463 2166 2527; x_wconf 71' lang='lat' dir='ltr'><strong>vitze,</strong></span> <span class='ocrx_word' id='word_1_422' title='bbox 2192 2478 2379 2516; x_wconf 82' lang='lat' dir='ltr'><strong>verum</strong></span> <span class='ocrx_word' id='word_1_423' title='bbox 2411 2471 2494 2516; x_wconf 83' lang='lat' dir='ltr'><strong>cst</strong></span> <span class='ocrx_word' id='word_1_424' title='bbox 2524 2479 2642 2517; x_wconf 87' lang='lat' dir='ltr'><strong>eam</strong></span> <span class='ocrx_word' id='word_1_425' title='bbox 2677 2466 2853 2520; x_wconf 85' lang='lat' dir='ltr'><strong>vivere</strong></span> <span class='ocrx_word' id='word_1_426' title='bbox 2880 2482 2894 2530; x_wconf 90' lang='lat'><strong>;</strong></span> <span class='ocrx_word' id='word_1_427' title='bbox 2932 2467 2975 2520; x_wconf 91' lang='lat' dir='ltr'><strong>si</strong></span> <span class='ocrx_word' id='word_1_428' title='bbox 3015 2470 3336 2537; x_wconf 78' lang='lat' dir='ltr'><strong>participare</strong></span> <span class='ocrx_word' id='word_1_429' title='bbox 3360 2485 3481 2525; x_wconf 85' lang='lat' dir='ltr'><strong>ces-</strong></span> 
     </span>
    </p>
   </div>
   <div class='ocr_carea' id='block_1_55' title="bbox 1912 2554 3480 2628">
    <p class='ocr_par' dir='ltr' id='par_1_55' title="bbox 1912 2554 3480 2628">
     <span class='ocr_line' id='line_1_55' title="bbox 1912 2554 3480 2628; baseline 0.003 -20"><span class='ocrx_word' id='word_1_430' title='bbox 1912 2560 2080 2617; x_wconf 85' lang='lat' dir='ltr'><strong>saret,</strong></span> <span class='ocrx_word' id='word_1_431' title='bbox 2111 2554 2470 2623; x_wconf 85' lang='lat' dir='ltr'><strong>proculdubio</strong></span> <span class='ocrx_word' id='word_1_432' title='bbox 2499 2554 2771 2611; x_wconf 88' lang='lat' dir='ltr'><strong>desineret</strong></span> <span class='ocrx_word' id='word_1_433' title='bbox 2797 2558 2958 2611; x_wconf 89' lang='lat' dir='ltr'><strong>etiam</strong></span> <span class='ocrx_word' id='word_1_434' title='bbox 2989 2559 3188 2612; x_wconf 85' lang='lat' dir='ltr'><strong>vivere.</strong></span> <span class='ocrx_word' id='word_1_435' title='bbox 3228 2558 3283 2612; x_wconf 88' lang='lat' dir='ltr'><strong>Si</strong></span> <span class='ocrx_word' id='word_1_436' title='bbox 3314 2562 3480 2628; x_wconf 87' lang='lat' dir='ltr'><strong>igitur</strong></span> 
     </span>
    </p>
   </div>
   <div class='ocr_carea' id='block_1_56' title="bbox 1903 2646 3480 2721">
    <p class='ocr_par' dir='ltr' id='par_1_56' title="bbox 1903 2646 3480 2721">
     <span class='ocr_line' id='line_1_56' title="bbox 1903 2646 3480 2721; baseline 0.004 -21"><span class='ocrx_word' id='word_1_437' title='bbox 1903 2654 1958 2700; x_wconf 87' lang='lat' dir='ltr'><strong>et</strong></span> <span class='ocrx_word' id='word_1_438' title='bbox 1982 2647 2049 2701; x_wconf 90' lang='lat' dir='ltr'><strong>de</strong></span> <span class='ocrx_word' id='word_1_439' title='bbox 2097 2646 2377 2714; x_wconf 86' lang='lat' dir='ltr'><strong>unigenito</strong></span> <span class='ocrx_word' id='word_1_440' title='bbox 2406 2646 2516 2701; x_wconf 85' lang='lat' dir='ltr'><strong>Deo</strong></span> <span class='ocrx_word' id='word_1_441' title='bbox 2542 2648 2654 2701; x_wconf 73' lang='lat' dir='ltr'><strong>hzec</strong></span> <span class='ocrx_word' id='word_1_442' title='bbox 2686 2649 2868 2702; x_wconf 89' lang='lat' dir='ltr'><strong>dicere</strong></span> <span class='ocrx_word' id='word_1_443' title='bbox 2896 2651 3115 2715; x_wconf 60' lang='lat' dir='ltr'><strong>audent,</strong></span> <span class='ocrx_word' id='word_1_444' title='bbox 3143 2667 3480 2721; x_wconf 67' lang='lat' dir='ltr'><strong>quaecunque</strong></span> 
     </span>
    </p>
   </div>
   <div class='ocr_carea' id='block_1_57' title="bbox 1910 2737 3483 2803">
    <p class='ocr_par' dir='ltr' id='par_1_57' title="bbox 1910 2737 3483 2803">
     <span class='ocr_line' id='line_1_57' title="bbox 1910 2737 3483 2803; baseline 0 -11"><span class='ocrx_word' id='word_1_445' title='bbox 1910 2737 1977 2792; x_wconf 90' lang='lat' dir='ltr'><strong>de</strong></span> <span class='ocrx_word' id='word_1_446' title='bbox 2005 2744 2252 2792; x_wconf 83' lang='lat' dir='ltr'><strong>creatura</strong></span> <span class='ocrx_word' id='word_1_447' title='bbox 2286 2754 2470 2791; x_wconf 89' lang='lat' dir='ltr'><strong>verum</strong></span> <span class='ocrx_word' id='word_1_448' title='bbox 2502 2749 2587 2792; x_wconf 89' lang='lat' dir='ltr'><strong>est</strong></span> <span class='ocrx_word' id='word_1_449' title='bbox 2621 2739 2827 2803; x_wconf 82' lang='lat' dir='ltr'><strong>dicere,</strong></span> <span class='ocrx_word' id='word_1_450' title='bbox 2863 2738 2995 2792; x_wconf 91' lang='lat' dir='ltr'><strong>illud</strong></span> <span class='ocrx_word' id='word_1_451' title='bbox 3029 2741 3189 2793; x_wconf 88' lang='lat' dir='ltr'><strong>etiam</strong></span> <span class='ocrx_word' id='word_1_452' title='bbox 3228 2740 3312 2795; x_wconf 78' lang='lat' dir='ltr'><strong>his</strong></span> <span class='ocrx_word' id='word_1_453' title='bbox 3363 2754 3483 2794; x_wconf 88' lang='lat' dir='ltr'><strong>om-</strong></span> 
     </span>
    </p>
   </div>
   <div class='ocr_carea' id='block_1_58' title="bbox 1906 2829 3477 2900">
    <p class='ocr_par' dir='ltr' id='par_1_58' title="bbox 1906 2829 3477 2900">
     <span class='ocr_line' id='line_1_58' title="bbox 1906 2829 3477 2900; baseline 0.003 -17"><span class='ocrx_word' id='word_1_454' title='bbox 1906 2830 2069 2883; x_wconf 86' lang='lat' dir='ltr'><strong>nibus</strong></span> <span class='ocrx_word' id='word_1_455' title='bbox 2123 2844 2248 2898; x_wconf 75' lang='lat' dir='ltr'><strong>qua:</strong></span> <span class='ocrx_word' id='word_1_456' title='bbox 2304 2829 2496 2883; x_wconf 90' lang='lat' dir='ltr'><strong>dicunt</strong></span> <span class='ocrx_word' id='word_1_457' title='bbox 2553 2829 2796 2893; x_wconf 87' lang='lat' dir='ltr'><strong>addant,</strong></span> <span class='ocrx_word' id='word_1_458' title='bbox 2851 2832 2995 2900; x_wconf 91' lang='lat' dir='ltr'><strong>quod</strong></span> <span class='ocrx_word' id='word_1_459' title='bbox 3055 2833 3305 2888; x_wconf 86' lang='lat' dir='ltr'><strong>similiter</strong></span> <span class='ocrx_word' id='word_1_460' title='bbox 3353 2849 3477 2888; x_wconf 90' lang='lat' dir='ltr'><strong>cum</strong></span> 
     </span>
    </p>
   </div>
   <div class='ocr_carea' id='block_1_59' title="bbox 1907 2921 3479 2990">
    <p class='ocr_par' dir='ltr' id='par_1_59' title="bbox 1907 2921 3479 2990">
     <span class='ocr_line' id='line_1_59' title="bbox 1907 2921 3479 2990; baseline 0.003 -15"><span class='ocrx_word' id='word_1_461' title='bbox 1907 2928 2159 2975; x_wconf 86' lang='lat' dir='ltr'><strong>creatura</strong></span> <span class='ocrx_word' id='word_1_462' title='bbox 2193 2934 2316 2974; x_wconf 85' lang='lat' dir='ltr'><strong>esse</strong></span> <span class='ocrx_word' id='word_1_463' title='bbox 2344 2922 2545 2990; x_wconf 67' lang='lat' dir='ltr'><strong>erepit,</strong></span> <span class='ocrx_word' id='word_1_464' title='bbox 2580 2929 2633 2973; x_wconf 80' lang='lat' dir='ltr'><strong>et</strong></span> <span class='ocrx_word' id='word_1_465' title='bbox 2677 2921 2733 2975; x_wconf 92' lang='lat' dir='ltr'><strong>in</strong></span> <span class='ocrx_word' id='word_1_466' title='bbox 2784 2922 2888 2975; x_wconf 89' lang='lat' dir='ltr'><strong>vita</strong></span> <span class='ocrx_word' id='word_1_467' title='bbox 2940 2922 3117 2977; x_wconf 88' lang='lat' dir='ltr'><strong>instar</strong></span> <span class='ocrx_word' id='word_1_468' title='bbox 3173 2924 3479 2980; x_wconf 89' lang='lat' dir='ltr'><strong>animarum</strong></span> 
     </span>
    </p>
   </div>
   <div class='ocr_carea' id='block_1_60' title="bbox 213 3013 3479 3091">
    <p class='ocr_par' dir='ltr' id='par_1_60' title="bbox 213 3013 3479 3091">
     <span class='ocr_line' id='line_1_60' title="bbox 213 3013 3479 3091; baseline -0.001 -17"><span class='ocrx_word' id='word_1_469' title='bbox 213 3029 536 3091; x_wconf 84' lang='lat' dir='ltr'><strong>permanet.</strong></span> <span class='ocrx_word' id='word_1_470' title='bbox 582 3020 737 3086; x_wconf 85' lang='lat' dir='ltr'><strong>Quod</strong></span> <span class='ocrx_word' id='word_1_471' title='bbox 788 3020 834 3075; x_wconf 90' lang='lat' dir='ltr'><strong>si</strong></span> <span class='ocrx_word' id='word_1_472' title='bbox 887 3021 978 3075; x_wconf 89' lang='lat' dir='ltr'><strong>ille</strong></span> <span class='ocrx_word' id='word_1_473' title='bbox 1010 3021 1233 3091; x_wconf 87' lang='lat' dir='ltr'><strong>quidem</strong></span> <span class='ocrx_word' id='word_1_474' title='bbox 1271 3030 1354 3074; x_wconf 86' lang='lat' dir='ltr'><strong>est</strong></span> <span class='ocrx_word' id='word_1_475' title='bbox 1391 3020 1621 3089; x_wconf 87' lang='lat' dir='ltr'><strong>ipsamet</strong></span> <span class='ocrx_word' id='word_1_476' title='bbox 1653 3017 1763 3070; x_wconf 89' lang='lat' dir='ltr'><strong>vita</strong></span> <span class='ocrx_word' id='word_1_477' title='bbox 1789 3057 1803 3081; x_wconf 92' lang='lat'><strong>,</strong></span> <span class='ocrx_word' id='word_1_478' title='bbox 1843 3029 1948 3069; x_wconf 90' lang='lat' dir='ltr'><strong>nec</strong></span> <span class='ocrx_word' id='word_1_479' title='bbox 1978 3029 2205 3069; x_wconf 85' lang='lat' dir='ltr'><strong>necesse</strong></span> <span class='ocrx_word' id='word_1_480' title='bbox 2245 3024 2330 3069; x_wconf 88' lang='lat' dir='ltr'><strong>cst</strong></span> <span class='ocrx_word' id='word_1_481' title='bbox 2368 3030 2492 3069; x_wconf 90' lang='lat' dir='ltr'><strong>eum</strong></span> <span class='ocrx_word' id='word_1_482' title='bbox 2521 3013 2741 3069; x_wconf 91' lang='lat' dir='ltr'><strong>aliunde</strong></span> <span class='ocrx_word' id='word_1_483' title='bbox 2780 3014 2835 3068; x_wconf 93' lang='lat' dir='ltr'><strong>in</strong></span> <span class='ocrx_word' id='word_1_484' title='bbox 2871 3029 2928 3069; x_wconf 86' lang='lat' dir='ltr'><strong>se</strong></span> <span class='ocrx_word' id='word_1_485' title='bbox 2996 3016 3159 3070; x_wconf 85' lang='lat' dir='ltr'><strong>vitam</strong></span> <span class='ocrx_word' id='word_1_486' title='bbox 3231 3018 3479 3071; x_wconf 82' lang='lat' dir='ltr'><strong>adventi-</strong></span> 
     </span>
    </p>
   </div>
   <div class='ocr_carea' id='block_1_61' title="bbox 218 3108 2980 3184">
    <p class='ocr_par' dir='ltr' id='par_1_61' title="bbox 218 3108 2980 3184">
     <span class='ocr_line' id='line_1_61' title="bbox 218 3108 2980 3184; baseline -0.003 -13"><span class='ocrx_word' id='word_1_487' title='bbox 218 3117 361 3171; x_wconf 83' lang='lat' dir='ltr'><strong>l&#39;am</strong></span> <span class='ocrx_word' id='word_1_488' title='bbox 400 3116 639 3174; x_wconf 83' lang='lat' dir='ltr'><strong>habere;</strong></span> <span class='ocrx_word' id='word_1_489' title='bbox 674 3115 777 3168; x_wconf 88' lang='lat' dir='ltr'><strong>alia</strong></span> <span class='ocrx_word' id='word_1_490' title='bbox 814 3124 994 3169; x_wconf 83' lang='lat' dir='ltr'><strong>autem</strong></span> <span class='ocrx_word' id='word_1_491' title='bbox 1028 3115 1209 3169; x_wconf 89' lang='lat' dir='ltr'><strong>omnia</strong></span> <span class='ocrx_word' id='word_1_492' title='bbox 1248 3129 1358 3169; x_wconf 91' lang='lat' dir='ltr'><strong>non</strong></span> <span class='ocrx_word' id='word_1_493' title='bbox 1393 3116 1500 3167; x_wconf 86' lang='lat' dir='ltr'><strong>vita</strong></span> <span class='ocrx_word' id='word_1_494' title='bbox 1534 3120 1681 3175; x_wconf 90' lang='lat' dir='ltr'><strong>sunt,</strong></span> <span class='ocrx_word' id='word_1_495' title='bbox 1714 3110 1809 3166; x_wconf 89' lang='lat' dir='ltr'><strong>sed</strong></span> <span class='ocrx_word' id='word_1_496' title='bbox 1848 3108 1970 3163; x_wconf 66' lang='lat' dir='ltr'><strong>vita:</strong></span> <span class='ocrx_word' id='word_1_497' title='bbox 2002 3109 2286 3179; x_wconf 88' lang='lat' dir='ltr'><strong>participia</strong></span> <span class='ocrx_word' id='word_1_498' title='bbox 2320 3110 2473 3164; x_wconf 87' lang='lat' dir='ltr'><strong>ﬁunt.</strong></span> <span class='ocrx_word' id='word_1_499' title='bbox 2976 3180 2980 3184; x_wconf 86' lang='lat'><strong><em>_</em></strong></span> 
     </span>
    </p>
   </div>
   <div class='ocr_carea' id='block_1_62' title="bbox 290 3199 1809 3276">
    <p class='ocr_par' dir='ltr' id='par_1_62' title="bbox 290 3203 1808 3276">
     <span class='ocr_line' id='line_1_62' title="bbox 290 3203 1808 3276; baseline -0.005 -15"><span class='ocrx_word' id='word_1_500' title='bbox 290 3205 397 3269; x_wconf 83' lang='grc' dir='ltr'>Τίς</span> <span class='ocrx_word' id='word_1_501' title='bbox 426 3205 639 3276; x_wconf 80' lang='grc' dir='ltr'>ἀνάγκη</span> <span class='ocrx_word' id='word_1_502' title='bbox 680 3204 768 3259; x_wconf 80' lang='grc' dir='ltr'><strong>διὰ</strong></span> <span class='ocrx_word' id='word_1_503' title='bbox 796 3204 902 3258; x_wconf 83' lang='grc' dir='ltr'>τῶν</span> <span class='ocrx_word' id='word_1_504' title='bbox 941 3207 998 3259; x_wconf 83' lang='grc' dir='ltr'><strong>ὲν</strong></span> <span class='ocrx_word' id='word_1_505' title='bbox 1022 3207 1086 3276; x_wconf 86' lang='grc' dir='ltr'>τῇ</span> <span class='ocrx_word' id='word_1_506' title='bbox 1120 3205 1293 3258; x_wconf 83' lang='grc' dir='ltr'>κτίσει</span> <span class='ocrx_word' id='word_1_507' title='bbox 1324 3203 1668 3274; x_wconf 82' lang='grc' dir='ltr'>βλεπομένων</span> <span class='ocrx_word' id='word_1_508' title='bbox 1702 3219 1808 3254; x_wconf 88' lang='grc' dir='ltr'>πα-</span> 
     </span>
    </p>
   </div>
   <div class='ocr_carea' id='block_1_63' title="bbox 1909 3199 3481 3276">
    <p class='ocr_par' dir='ltr' id='par_1_63' title="bbox 1985 3199 3481 3272">
     <span class='ocr_line' id='line_1_63' title="bbox 1985 3199 3481 3272; baseline 0.005 -20"><span class='ocrx_word' id='word_1_509' title='bbox 1985 3199 2117 3264; x_wconf 65' lang='grc' dir='ltr'><strong>ρυω</strong></span> <span class='ocrx_word' id='word_1_510' title='bbox 2141 3199 2308 3269; x_wconf 73' lang='lat' dir='ltr'><strong>igitur</strong></span> <span class='ocrx_word' id='word_1_511' title='bbox 2325 3203 2625 3256; x_wconf 89' lang='lat' dir='ltr'><strong>necessitas</strong></span> <span class='ocrx_word' id='word_1_512' title='bbox 2647 3202 2811 3272; x_wconf 75' lang='lat' dir='ltr'><strong>cogit,</strong></span> <span class='ocrx_word' id='word_1_513' title='bbox 2837 3203 2987 3257; x_wconf 77' lang='lat' dir='ltr'><strong>exiis</strong></span> <span class='ocrx_word' id='word_1_514' title='bbox 3007 3219 3126 3272; x_wconf 72' lang='lat' dir='ltr'><strong>quze</strong></span> <span class='ocrx_word' id='word_1_515' title='bbox 3153 3202 3204 3257; x_wconf 91' lang='lat' dir='ltr'><strong>in</strong></span> <span class='ocrx_word' id='word_1_516' title='bbox 3231 3213 3481 3259; x_wconf 86' lang='lat' dir='ltr'><strong>creatura</strong></span> 
     </span>
    </p>
   </div>
   <div class='ocr_carea' id='block_1_64' title="bbox 218 3292 1809 3367">
    <p class='ocr_par' dir='ltr' id='par_1_64' title="bbox 218 3292 1809 3367">
     <span class='ocr_line' id='line_1_64' title="bbox 218 3292 1809 3367; baseline -0.002 -19"><span class='ocrx_word' id='word_1_517' title='bbox 218 3294 610 3367; x_wconf 62' lang='lat' dir='ltr'><strong>paypiqieadat</strong></span> <span class='ocrx_word' id='word_1_518' title='bbox 651 3293 727 3364; x_wconf 82' lang='grc' dir='ltr'>τῷ</span> <span class='ocrx_word' id='word_1_519' title='bbox 775 3295 1068 3362; x_wconf 79' lang='grc' dir='ltr'>Μονογενεῖ</span> <span class='ocrx_word' id='word_1_520' title='bbox 1100 3295 1160 3347; x_wconf 83' lang='grc' dir='ltr'><strong>τὸ</strong></span> <span class='ocrx_word' id='word_1_521' title='bbox 1206 3294 1411 3361; x_wconf 57' lang='lat' dir='ltr'><strong>dimov;</strong></span> <span class='ocrx_word' id='word_1_522' title='bbox 1452 3293 1525 3346; x_wconf 78' lang='grc' dir='ltr'><strong>Τὸ</strong></span> <span class='ocrx_word' id='word_1_523' title='bbox 1560 3294 1658 3364; x_wconf 86' lang='grc' dir='ltr'><strong>μὲν</strong></span> <span class='ocrx_word' id='word_1_524' title='bbox 1702 3292 1809 3364; x_wconf 80' lang='grc' dir='ltr'>γὰρ</span> 
     </span>
    </p>
   </div>
   <div class='ocr_carea' id='block_1_65' title="bbox 216 3385 1808 3458">
    <p class='ocr_par' dir='ltr' id='par_1_65' title="bbox 216 3385 1808 3458">
     <span class='ocr_line' id='line_1_65' title="bbox 216 3385 1808 3458; baseline -0.003 -16"><span class='ocrx_word' id='word_1_525' title='bbox 216 3389 313 3442; x_wconf 71' lang='grc' dir='ltr'>ἀεὶ</span> <span class='ocrx_word' id='word_1_526' title='bbox 342 3386 610 3449; x_wconf 72' lang='grc' dir='ltr'>ὡσαύτως</span> <span class='ocrx_word' id='word_1_527' title='bbox 639 3386 782 3440; x_wconf 87' lang='grc' dir='ltr'><strong>κατά</strong></span> <span class='ocrx_word' id='word_1_528' title='bbox 807 3387 905 3458; x_wconf 83' lang='grc' dir='ltr'><strong>τὴν</strong></span> <span class='ocrx_word' id='word_1_529' title='bbox 934 3386 1093 3455; x_wconf 77' lang='grc' dir='ltr'>φύσιν</span> <span class='ocrx_word' id='word_1_530' title='bbox 1122 3385 1263 3456; x_wconf 81' lang='grc' dir='ltr'>ἔχον,</span> <span class='ocrx_word' id='word_1_531' title='bbox 1293 3386 1667 3456; x_wconf 77' lang='grc' dir='ltr'>ἀπαράδεκτόν</span> <span class='ocrx_word' id='word_1_532' title='bbox 1692 3388 1808 3439; x_wconf 77' lang='grc' dir='ltr'>ἐστι</span> 
     </span>
    </p>
   </div>
   <div class='ocr_carea' id='block_1_66' title="bbox 215 3476 1809 3549">
    <p class='ocr_par' dir='ltr' id='par_1_66' title="bbox 215 3476 1809 3549">
     <span class='ocr_line' id='line_1_66' title="bbox 215 3476 1809 3549; baseline -0.002 -16"><span class='ocrx_word' id='word_1_533' title='bbox 215 3478 317 3533; x_wconf 74' lang='grc' dir='ltr'>τοῦ</span> <span class='ocrx_word' id='word_1_534' title='bbox 375 3478 619 3531; x_wconf 73' lang='grc' dir='ltr'>ἐναντίου</span> <span class='ocrx_word' id='word_1_535' title='bbox 645 3519 660 3542; x_wconf 96' lang='grc'><strong>,</strong></span> <span class='ocrx_word' id='word_1_536' title='bbox 710 3478 806 3530; x_wconf 78' lang='grc' dir='ltr'>καὶ</span> <span class='ocrx_word' id='word_1_537' title='bbox 851 3480 950 3548; x_wconf 76' lang='grc' dir='ltr'><strong>τῆς</strong></span> <span class='ocrx_word' id='word_1_538' title='bbox 995 3477 1133 3547; x_wconf 79' lang='grc' dir='ltr'>πρὸς</span> <span class='ocrx_word' id='word_1_539' title='bbox 1181 3476 1241 3529; x_wconf 80' lang='grc' dir='ltr'><strong>τὸ</strong></span> <span class='ocrx_word' id='word_1_540' title='bbox 1293 3477 1477 3549; x_wconf 74' lang='grc' dir='ltr'>ἕτερον</span> <span class='ocrx_word' id='word_1_541' title='bbox 1509 3478 1809 3547; x_wconf 75' lang='grc' dir='ltr'>μεταδολῆς</span> 
     </span>
    </p>
   </div>
   <div class='ocr_carea' id='block_1_67' title="bbox 218 3563 1811 3639">
    <p class='ocr_par' dir='ltr' id='par_1_67' title="bbox 218 3563 1811 3639">
     <span class='ocr_line' id='line_1_67' title="bbox 218 3563 1811 3639; baseline -0.003 -15"><span class='ocrx_word' id='word_1_542' title='bbox 218 3571 601 3625; x_wconf 77' lang='grc' dir='ltr'>ἀνεπίδεκτον.</span> <span class='ocrx_word' id='word_1_543' title='bbox 631 3563 728 3632; x_wconf 67' lang='lat' dir='ltr'><strong>Ui;</strong></span> <span class='ocrx_word' id='word_1_544' title='bbox 759 3569 815 3622; x_wconf 78' lang='grc' dir='ltr'><strong>δὲ</strong></span> <span class='ocrx_word' id='word_1_545' title='bbox 839 3571 873 3639; x_wconf 78' lang='grc' dir='ltr'><strong>ἡ</strong></span> <span class='ocrx_word' id='word_1_546' title='bbox 900 3568 1059 3637; x_wconf 72' lang='grc' dir='ltr'>φύσις</span> <span class='ocrx_word' id='word_1_547' title='bbox 1087 3567 1335 3639; x_wconf 80' lang='grc' dir='ltr'>μεθόριος</span> <span class='ocrx_word' id='word_1_548' title='bbox 1359 3609 1372 3630; x_wconf 89' lang='grc'><strong>,</strong></span> <span class='ocrx_word' id='word_1_549' title='bbox 1398 3567 1607 3631; x_wconf 85' lang='grc' dir='ltr'>τούτοις</span> <span class='ocrx_word' id='word_1_550' title='bbox 1634 3571 1811 3637; x_wconf 71' lang='grc' dir='ltr'>ἐπαμ-</span> 
     </span>
    </p>
   </div>
   <div class='ocr_carea' id='block_1_68' title="bbox 220 3656 1810 3730">
    <p class='ocr_par' dir='ltr' id='par_1_68' title="bbox 220 3656 1810 3730">
     <span class='ocr_line' id='line_1_68' title="bbox 220 3656 1810 3730; baseline -0.003 -18"><span class='ocrx_word' id='word_1_551' title='bbox 220 3659 511 3730; x_wconf 75' lang='grc' dir='ltr'>φοτερίζει</span> <span class='ocrx_word' id='word_1_552' title='bbox 539 3659 674 3729; x_wconf 81' lang='grc' dir='ltr'>πρὸς</span> <span class='ocrx_word' id='word_1_553' title='bbox 701 3658 959 3728; x_wconf 77' lang='grc' dir='ltr'>ἑκάτερον</span> <span class='ocrx_word' id='word_1_554' title='bbox 979 3661 1012 3728; x_wconf 82' lang='grc' dir='ltr'>ἡ</span> <span class='ocrx_word' id='word_1_555' title='bbox 1050 3658 1191 3728; x_wconf 78' lang='grc' dir='ltr'>ῥοπὴ</span> <span class='ocrx_word' id='word_1_556' title='bbox 1216 3698 1229 3721; x_wconf 88' lang='grc'><strong>,</strong></span> <span class='ocrx_word' id='word_1_557' title='bbox 1272 3659 1390 3711; x_wconf 84' lang='grc' dir='ltr'>κατ’</span> <span class='ocrx_word' id='word_1_558' title='bbox 1423 3656 1670 3722; x_wconf 79' lang='grc' dir='ltr'>ἐξουσίαν</span> <span class='ocrx_word' id='word_1_559' title='bbox 1699 3659 1810 3721; x_wconf 71' lang='grc' dir='ltr'>τοῖς</span> 
     </span>
    </p>
   </div>
   <div class='ocr_carea' id='block_1_69' title="bbox 219 3742 1808 3820">
    <p class='ocr_par' dir='ltr' id='par_1_69' title="bbox 219 3742 1808 3820">
     <span class='ocr_line' id='line_1_69' title="bbox 219 3742 1808 3820; baseline -0.005 -15"><span class='ocrx_word' id='word_1_560' title='bbox 219 3751 373 3806; x_wconf 70' lang='grc' dir='ltr'><strong>κατά</strong></span> <span class='ocrx_word' id='word_1_561' title='bbox 403 3748 629 3820; x_wconf 82' lang='grc' dir='ltr'>γνώμην</span> <span class='ocrx_word' id='word_1_562' title='bbox 658 3747 1161 3819; x_wconf 86' lang='grc' dir='ltr'>προσκινουμένοις.</span> <span class='ocrx_word' id='word_1_563' title='bbox 1197 3748 1257 3800; x_wconf 78' lang='grc' dir='ltr'><strong>ΕΞ</strong></span> <span class='ocrx_word' id='word_1_564' title='bbox 1298 3742 1391 3800; x_wconf 81' lang='grc' dir='ltr'><strong>οὖν</strong></span> <span class='ocrx_word' id='word_1_565' title='bbox 1421 3747 1453 3816; x_wconf 83' lang='grc' dir='ltr'><strong>ή</strong></span> <span class='ocrx_word' id='word_1_566' title='bbox 1490 3746 1661 3809; x_wconf 74' lang='grc' dir='ltr'>ὅντως</span> <span class='ocrx_word' id='word_1_567' title='bbox 1695 3744 1808 3815; x_wconf 77' lang='grc' dir='ltr'><strong>ζωὴ</strong></span> 
     </span>
    </p>
   </div>
   <div class='ocr_carea' id='block_1_70' title="bbox 220 3835 1805 3909">
    <p class='ocr_par' dir='ltr' id='par_1_70' title="bbox 220 3835 1805 3909">
     <span class='ocr_line' id='line_1_70' title="bbox 220 3835 1805 3909; baseline -0.004 -16"><span class='ocrx_word' id='word_1_568' title='bbox 220 3842 284 3894; x_wconf 68' lang='grc' dir='ltr'><strong>ἀν</strong></span> <span class='ocrx_word' id='word_1_569' title='bbox 312 3843 382 3909; x_wconf 80' lang='grc' dir='ltr'>τῇ</span> <span class='ocrx_word' id='word_1_570' title='bbox 419 3839 539 3909; x_wconf 78' lang='grc' dir='ltr'>θείᾳ</span> <span class='ocrx_word' id='word_1_571' title='bbox 568 3855 625 3890; x_wconf 87' lang='grc' dir='ltr'><strong>τε</strong></span> <span class='ocrx_word' id='word_1_572' title='bbox 666 3838 761 3891; x_wconf 54' lang='grc' dir='ltr'><strong>καὶ⁶</strong></span> <span class='ocrx_word' id='word_1_573' title='bbox 805 3836 1171 3907; x_wconf 80' lang='grc' dir='ltr'>ὑπερκειμένη</span> <span class='ocrx_word' id='word_1_574' title='bbox 1220 3836 1501 3908; x_wconf 80' lang='grc' dir='ltr'>θεωρεῖται</span> <span class='ocrx_word' id='word_1_575' title='bbox 1534 3835 1729 3905; x_wconf 75' lang='grc' dir='ltr'>φύσει,</span> <span class='ocrx_word' id='word_1_576' title='bbox 1772 3837 1805 3905; x_wconf 83' lang='grc' dir='ltr'>ή</span> 
     </span>
    </p>
   </div>
   <div class='ocr_carea' id='block_1_71' title="bbox 220 3926 1807 3998">
    <p class='ocr_par' dir='ltr' id='par_1_71' title="bbox 220 3926 1807 3998">
     <span class='ocr_line' id='line_1_71' title="bbox 220 3926 1807 3998; baseline -0.004 -13"><span class='ocrx_word' id='word_1_577' title='bbox 220 3933 555 3993; x_wconf 81' lang='grc' dir='ltr'>ἀπόπτωσις</span> <span class='ocrx_word' id='word_1_578' title='bbox 605 3928 808 3998; x_wconf 80' lang='grc' dir='ltr'>ταύτης</span> <span class='ocrx_word' id='word_1_579' title='bbox 871 3927 1005 3998; x_wconf 73' lang='grc' dir='ltr'>πρὸς</span> <span class='ocrx_word' id='word_1_580' title='bbox 1068 3927 1128 3979; x_wconf 80' lang='grc' dir='ltr'>τὸ</span> <span class='ocrx_word' id='word_1_581' title='bbox 1173 3926 1543 3997; x_wconf 85' lang='grc' dir='ltr'>ἀντικείμενον</span> <span class='ocrx_word' id='word_1_582' title='bbox 1592 3928 1807 3989; x_wconf 79' lang='grc' dir='ltr'>πάντως</span> 
     </span>
    </p>
   </div>
   <div class='ocr_carea' id='block_1_72' title="bbox 220 4015 1808 4089">
    <p class='ocr_par' dir='ltr' id='par_1_72' title="bbox 220 4015 1808 4089">
     <span class='ocr_line' id='line_1_72' title="bbox 220 4015 1808 4089; baseline -0.006 -12"><span class='ocrx_word' id='word_1_583' title='bbox 220 4022 378 4078; x_wconf 72' lang='grc' dir='ltr'>κατὰ</span> <span class='ocrx_word' id='word_1_584' title='bbox 407 4021 472 4074; x_wconf 83' lang='grc' dir='ltr'>τὺ</span> <span class='ocrx_word' id='word_1_585' title='bbox 517 4019 662 4081; x_wconf 70' lang='grc' dir='ltr'>εἰκὸς</span> <span class='ocrx_word' id='word_1_586' title='bbox 716 4018 1027 4089; x_wconf 79' lang='grc' dir='ltr'>καταλήξει.</span> <span class='ocrx_word' id='word_1_587' title='bbox 1066 4017 1385 4087; x_wconf 83' lang='grc' dir='ltr'>Πολύσημος</span> <span class='ocrx_word' id='word_1_588' title='bbox 1416 4017 1471 4069; x_wconf 80' lang='grc' dir='ltr'><strong>δὲ</strong></span> <span class='ocrx_word' id='word_1_589' title='bbox 1513 4016 1611 4086; x_wconf 80' lang='grc' dir='ltr'><strong>τῆς</strong></span> <span class='ocrx_word' id='word_1_590' title='bbox 1664 4015 1808 4086; x_wconf 77' lang='grc' dir='ltr'>ζωῆς</span> 
     </span>
    </p>
   </div>
   <div class='ocr_carea' id='block_1_73' title="bbox 224 4106 1807 4179">
    <p class='ocr_par' dir='ltr' id='par_1_73' title="bbox 224 4106 1807 4179">
     <span class='ocr_line' id='line_1_73' title="bbox 224 4106 1807 4179; baseline -0.006 -10"><span class='ocrx_word' id='word_1_591' title='bbox 224 4116 327 4169; x_wconf 64' lang='grc' dir='ltr'>καὶ</span> <span class='ocrx_word' id='word_1_592' title='bbox 361 4112 457 4166; x_wconf 77' lang='grc' dir='ltr'>τοῦ</span> <span class='ocrx_word' id='word_1_593' title='bbox 489 4111 721 4164; x_wconf 84' lang='grc' dir='ltr'>θανάτου</span> <span class='ocrx_word' id='word_1_594' title='bbox 774 4111 807 4179; x_wconf 81' lang='grc' dir='ltr'>ἡ</span> <span class='ocrx_word' id='word_1_595' title='bbox 838 4109 1013 4163; x_wconf 79' lang='grc' dir='ltr'>ἔννοια</span> <span class='ocrx_word' id='word_1_596' title='bbox 1036 4148 1051 4171; x_wconf 92' lang='grc'><strong>,</strong></span> <span class='ocrx_word' id='word_1_597' title='bbox 1084 4107 1176 4161; x_wconf 75' lang='grc' dir='ltr'><strong>καὶ</strong></span> <span class='ocrx_word' id='word_1_598' title='bbox 1221 4109 1281 4159; x_wconf 85' lang='grc' dir='ltr'><strong>ού</strong></span> <span class='ocrx_word' id='word_1_599' title='bbox 1327 4106 1467 4160; x_wconf 82' lang='grc' dir='ltr'><strong>κατά</strong></span> <span class='ocrx_word' id='word_1_600' title='bbox 1512 4108 1602 4160; x_wconf 74' lang='grc' dir='ltr'>τὸν</span> <span class='ocrx_word' id='word_1_601' title='bbox 1647 4107 1807 4160; x_wconf 73' lang='grc' dir='ltr'>αὐτὸν</span> 
     </span>
    </p>
   </div>
   <div class='ocr_carea' id='block_1_74' title="bbox 224 4196 1808 4275">
    <p class='ocr_par' dir='ltr' id='par_1_74' title="bbox 224 4196 1808 4275">
     <span class='ocr_line' id='line_1_74' title="bbox 224 4196 1808 4275; baseline -0.007 -15"><span class='ocrx_word' id='word_1_602' title='bbox 224 4205 503 4275; x_wconf 78' lang='grc' dir='ltr'>νοουμένη</span> <span class='ocrx_word' id='word_1_603' title='bbox 533 4202 751 4273; x_wconf 85' lang='grc' dir='ltr'>τρόπον,</span> <span class='ocrx_word' id='word_1_604' title='bbox 794 4201 917 4253; x_wconf 71' lang='grc' dir='ltr'><strong>Ἐπὶ</strong></span> <span class='ocrx_word' id='word_1_605' title='bbox 968 4200 1066 4269; x_wconf 70' lang='grc' dir='ltr'><strong>μὲν</strong></span> <span class='ocrx_word' id='word_1_606' title='bbox 1105 4197 1212 4267; x_wconf 78' lang='grc' dir='ltr'>γὰρ</span> <span class='ocrx_word' id='word_1_607' title='bbox 1247 4198 1343 4267; x_wconf 86' lang='grc' dir='ltr'><strong>τῆς</strong></span> <span class='ocrx_word' id='word_1_608' title='bbox 1380 4196 1603 4268; x_wconf 66' lang='grc' dir='ltr'>σαρκὸς,</span> <span class='ocrx_word' id='word_1_609' title='bbox 1637 4196 1808 4266; x_wconf 80' lang='grc' dir='ltr'>ἡτῶν</span> 
     </span>
    </p>
   </div>
   <div class='ocr_carea' id='block_1_75' title="bbox 225 4288 1841 4367">
    <p class='ocr_par' dir='ltr' id='par_1_75' title="bbox 225 4288 1841 4367">
     <span class='ocr_line' id='line_1_75' title="bbox 225 4288 1841 4367; baseline -0.006 -16"><span class='ocrx_word' id='word_1_610' title='bbox 225 4295 567 4367; x_wconf 79' lang='grc' dir='ltr'>σωματικῶν</span> <span class='ocrx_word' id='word_1_611' title='bbox 596 4294 899 4362; x_wconf 83' lang='grc' dir='ltr'>αἰσθήσεων</span> <span class='ocrx_word' id='word_1_612' title='bbox 942 4290 1188 4361; x_wconf 80' lang='grc' dir='ltr'>ἐνέργειά</span> <span class='ocrx_word' id='word_1_613' title='bbox 1223 4306 1279 4342; x_wconf 87' lang='grc' dir='ltr'><strong>τε</strong></span> <span class='ocrx_word' id='word_1_614' title='bbox 1318 4289 1412 4342; x_wconf 77' lang='grc' dir='ltr'>καὶ</span> <span class='ocrx_word' id='word_1_615' title='bbox 1451 4290 1658 4360; x_wconf 85' lang='grc' dir='ltr'>κίνησις</span> <span class='ocrx_word' id='word_1_616' title='bbox 1694 4288 1805 4359; x_wconf 75' lang='grc' dir='ltr'>ζωὴ</span> <span class='ocrx_word' id='word_1_617' title='bbox 1830 4346 1841 4355; x_wconf 40' lang='grc' dir='ltr'><strong><em>ο</em></strong></span> 
     </span>
    </p>
   </div>
   <div class='ocr_carea' id='block_1_76' title="bbox 221 4380 1808 4457">
    <p class='ocr_par' dir='ltr' id='par_1_76' title="bbox 221 4380 1808 4457">
     <span class='ocr_line' id='line_1_76' title="bbox 221 4380 1808 4457; baseline -0.006 -15"><span class='ocrx_word' id='word_1_618' title='bbox 221 4389 490 4457; x_wconf 69' lang='grc' dir='ltr'>λέγεται*</span> <span class='ocrx_word' id='word_1_619' title='bbox 536 4385 723 4438; x_wconf 76' lang='grc' dir='ltr'>καὶτὸ</span> <span class='ocrx_word' id='word_1_620' title='bbox 766 4381 999 4453; x_wconf 72' lang='grc' dir='ltr'>ἔμπαλιν</span> <span class='ocrx_word' id='word_1_621' title='bbox 1025 4383 1059 4451; x_wconf 78' lang='grc' dir='ltr'>ἡ</span> <span class='ocrx_word' id='word_1_622' title='bbox 1112 4382 1294 4444; x_wconf 80' lang='grc' dir='ltr'>σὸέσις</span> <span class='ocrx_word' id='word_1_623' title='bbox 1342 4381 1518 4434; x_wconf 79' lang='grc' dir='ltr'>αὐτῶν</span> <span class='ocrx_word' id='word_1_624' title='bbox 1552 4382 1644 4434; x_wconf 69' lang='grc' dir='ltr'>καὶ</span> <span class='ocrx_word' id='word_1_625' title='bbox 1693 4380 1808 4433; x_wconf 79' lang='grc' dir='ltr'><strong>διά·</strong></span> 
     </span>
    </p>
   </div>
   <div class='ocr_carea' id='block_1_77' title="bbox 221 4470 1809 4544">
    <p class='ocr_par' dir='ltr' id='par_1_77' title="bbox 221 4470 1809 4544">
     <span class='ocr_line' id='line_1_77' title="bbox 221 4470 1809 4544; baseline -0.005 -12"><span class='ocrx_word' id='word_1_626' title='bbox 221 4479 391 4541; x_wconf 79' lang='grc' dir='ltr'>λυσις</span> <span class='ocrx_word' id='word_1_627' title='bbox 408 4516 426 4541; x_wconf 82' lang='grc'><strong>,</strong></span> <span class='ocrx_word' id='word_1_628' title='bbox 455 4477 681 4537; x_wconf 82' lang='grc' dir='ltr'>θάνατος</span> <span class='ocrx_word' id='word_1_629' title='bbox 722 4474 1064 4543; x_wconf 75' lang='grc' dir='ltr'>ὀνομάζεται.</span> <span class='ocrx_word' id='word_1_630' title='bbox 1115 4474 1235 4526; x_wconf 73' lang='grc' dir='ltr'>Ἐπὶ</span> <span class='ocrx_word' id='word_1_631' title='bbox 1262 4472 1319 4525; x_wconf 80' lang='grc' dir='ltr'><strong>δὲ</strong></span> <span class='ocrx_word' id='word_1_632' title='bbox 1350 4474 1447 4543; x_wconf 89' lang='grc' dir='ltr'><strong>τῆς</strong></span> <span class='ocrx_word' id='word_1_633' title='bbox 1496 4474 1685 4544; x_wconf 82' lang='grc' dir='ltr'>νοερᾶς</span> <span class='ocrx_word' id='word_1_634' title='bbox 1709 4470 1809 4540; x_wconf 83' lang='grc' dir='ltr'><strong>φύ-</strong></span> 
     </span>
    </p>
   </div>
   <div class='ocr_carea' id='block_1_78' title="bbox 224 4565 1809 4643">
    <p class='ocr_par' dir='ltr' id='par_1_78' title="bbox 224 4565 1809 4643">
     <span class='ocr_line' id='line_1_78' title="bbox 224 4565 1809 4643; baseline -0.004 -18"><span class='ocrx_word' id='word_1_635' title='bbox 224 4587 420 4633; x_wconf 78' lang='grc' dir='ltr'>σεως,</span> <span class='ocrx_word' id='word_1_636' title='bbox 452 4571 486 4638; x_wconf 76' lang='grc' dir='ltr'>ἡ</span> <span class='ocrx_word' id='word_1_637' title='bbox 542 4568 679 4638; x_wconf 79' lang='grc' dir='ltr'>πρὸς</span> <span class='ocrx_word' id='word_1_638' title='bbox 714 4567 773 4619; x_wconf 83' lang='grc' dir='ltr'><strong>τὸ</strong></span> <span class='ocrx_word' id='word_1_639' title='bbox 794 4569 946 4624; x_wconf 80' lang='grc' dir='ltr'><strong>Θείον</strong></span> <span class='ocrx_word' id='word_1_640' title='bbox 995 4567 1297 4628; x_wconf 76' lang='grc' dir='ltr'>οἰκείωσις,</span> <span class='ocrx_word' id='word_1_641' title='bbox 1355 4566 1388 4634; x_wconf 85' lang='grc' dir='ltr'>ή</span> <span class='ocrx_word' id='word_1_642' title='bbox 1438 4565 1644 4643; x_wconf 80' lang='grc' dir='ltr'>ἀληθής</span> <span class='ocrx_word' id='word_1_643' title='bbox 1696 4566 1809 4618; x_wconf 77' lang='grc' dir='ltr'>ἐστι</span> 
     </span>
    </p>
   </div>
   <div class='ocr_carea' id='block_1_79' title="bbox 225 4658 1811 4733">
    <p class='ocr_par' dir='ltr' id='par_1_79' title="bbox 225 4658 1811 4733">
     <span class='ocr_line' id='line_1_79' title="bbox 225 4658 1811 4733; baseline -0.003 -17"><span class='ocrx_word' id='word_1_644' title='bbox 225 4665 395 4733; x_wconf 69' lang='grc' dir='ltr'><strong>ζωή*</strong></span> <span class='ocrx_word' id='word_1_645' title='bbox 449 4664 541 4715; x_wconf 75' lang='grc' dir='ltr'><strong>καὶ</strong></span> <span class='ocrx_word' id='word_1_646' title='bbox 585 4663 620 4731; x_wconf 77' lang='grc' dir='ltr'>ἡ</span> <span class='ocrx_word' id='word_1_647' title='bbox 670 4661 860 4714; x_wconf 78' lang='grc' dir='ltr'>τούτου</span> <span class='ocrx_word' id='word_1_648' title='bbox 912 4659 1228 4722; x_wconf 79' lang='grc' dir='ltr'>ἀπόπτωσις</span> <span class='ocrx_word' id='word_1_649' title='bbox 1315 4658 1542 4713; x_wconf 81' lang='grc' dir='ltr'>θάνατον</span> <span class='ocrx_word' id='word_1_650' title='bbox 1592 4659 1706 4729; x_wconf 75' lang='grc' dir='ltr'>ἔχει</span> <span class='ocrx_word' id='word_1_651' title='bbox 1752 4659 1811 4712; x_wconf 86' lang='grc' dir='ltr'>τὸ</span> 
     </span>
    </p>
   </div>
   <div class='ocr_carea' id='block_1_80' title="bbox 222 4749 1812 4823">
    <p class='ocr_par' dir='ltr' id='par_1_80' title="bbox 222 4749 1812 4823">
     <span class='ocr_line' id='line_1_80' title="bbox 222 4749 1812 4823; baseline -0.003 -17"><span class='ocrx_word' id='word_1_652' title='bbox 222 4756 431 4823; x_wconf 72' lang='grc' dir='ltr'>ὄνομα.</span> <span class='ocrx_word' id='word_1_653' title='bbox 455 4753 547 4804; x_wconf 78' lang='grc' dir='ltr'><strong>Διὸ</strong></span> <span class='ocrx_word' id='word_1_654' title='bbox 579 4752 670 4804; x_wconf 73' lang='grc' dir='ltr'><strong>καὶ</strong></span> <span class='ocrx_word' id='word_1_655' title='bbox 707 4750 768 4803; x_wconf 84' lang='grc' dir='ltr'><strong>τό</strong></span> <span class='ocrx_word' id='word_1_656' title='bbox 804 4750 1098 4819; x_wconf 80' lang='grc' dir='ltr'>ἀρχέγονον</span> <span class='ocrx_word' id='word_1_657' title='bbox 1138 4749 1304 4802; x_wconf 72' lang='grc' dir='ltr'>κακὸν</span> <span class='ocrx_word' id='word_1_658' title='bbox 1347 4749 1375 4801; x_wconf 84' lang='grc' dir='ltr'>ὁ</span> <span class='ocrx_word' id='word_1_659' title='bbox 1405 4749 1681 4813; x_wconf 77' lang='grc' dir='ltr'>διάϐολος,</span> <span class='ocrx_word' id='word_1_660' title='bbox 1719 4749 1812 4802; x_wconf 59' lang='grc' dir='ltr'><strong>καὶ⁸</strong></span> 
     </span>
    </p>
   </div>
   <div class='ocr_carea' id='block_1_81' title="bbox 224 4839 1812 4912">
    <p class='ocr_par' dir='ltr' id='par_1_81' title="bbox 224 4839 1812 4912">
     <span class='ocr_line' id='line_1_81' title="bbox 224 4839 1812 4912; baseline -0.002 -15"><span class='ocrx_word' id='word_1_661' title='bbox 224 4845 471 4906; x_wconf 69' lang='grc' dir='ltr'>θάνατος</span> <span class='ocrx_word' id='word_1_662' title='bbox 500 4844 712 4911; x_wconf 84' lang='grc' dir='ltr'>λέγεται</span> <span class='ocrx_word' id='word_1_663' title='bbox 736 4883 751 4906; x_wconf 92' lang='grc'><strong>,</strong></span> <span class='ocrx_word' id='word_1_664' title='bbox 798 4842 892 4896; x_wconf 70' lang='grc' dir='ltr'><strong>καὶ</strong></span> <span class='ocrx_word' id='word_1_665' title='bbox 943 4839 1177 4912; x_wconf 70' lang='grc' dir='ltr'>εὑρετὴς</span> <span class='ocrx_word' id='word_1_666' title='bbox 1221 4840 1482 4894; x_wconf 82' lang='grc' dir='ltr'>θανάτου·</span> <span class='ocrx_word' id='word_1_667' title='bbox 1533 4841 1666 4894; x_wconf 83' lang='grc' dir='ltr'><strong>ἀλλά</strong></span> <span class='ocrx_word' id='word_1_668' title='bbox 1720 4841 1812 4894; x_wconf 80' lang='grc' dir='ltr'>καὶ</span> 
     </span>
    </p>
   </div>
   <div class='ocr_carea' id='block_1_82' title="bbox 224 4931 1806 5007">
    <p class='ocr_par' dir='ltr' id='par_1_82' title="bbox 224 4931 1806 5007">
     <span class='ocr_line' id='line_1_82' title="bbox 224 4931 1806 5007; baseline -0.003 -17"><span class='ocrx_word' id='word_1_669' title='bbox 224 4937 445 5007; x_wconf 68' lang='grc' dir='ltr'>κράτος</span> <span class='ocrx_word' id='word_1_670' title='bbox 478 4934 620 5003; x_wconf 76' lang='grc' dir='ltr'>ἔχειν</span> <span class='ocrx_word' id='word_1_671' title='bbox 646 4934 874 4987; x_wconf 82' lang='grc' dir='ltr'>θανάτου</span> <span class='ocrx_word' id='word_1_672' title='bbox 905 4932 1053 5002; x_wconf 78' lang='grc' dir='ltr'><strong>παρά</strong></span> <span class='ocrx_word' id='word_1_673' title='bbox 1080 4931 1173 4984; x_wconf 77' lang='grc' dir='ltr'>τοῦ</span> <span class='ocrx_word' id='word_1_674' title='bbox 1211 4932 1528 4985; x_wconf 78' lang='grc' dir='ltr'>Ἀποστόλου</span> <span class='ocrx_word' id='word_1_675' title='bbox 1573 4933 1806 4999; x_wconf 84' lang='grc' dir='ltr'>λέγεται.</span> 
     </span>
    </p>
   </div>
   <div class='ocr_carea' id='block_1_83' title="bbox 224 5020 1815 5093">
    <p class='ocr_par' dir='ltr' id='par_1_83' title="bbox 224 5020 1815 5093">
     <span class='ocr_line' id='line_1_83' title="bbox 224 5020 1815 5093; baseline -0.006 -10"><span class='ocrx_word' id='word_1_676' title='bbox 224 5027 457 5084; x_wconf 71' lang='grc' dir='ltr'>Οὐκοῦν</span> <span class='ocrx_word' id='word_1_677' title='bbox 485 5026 708 5093; x_wconf 84' lang='grc' dir='ltr'>διπλῆς,</span> <span class='ocrx_word' id='word_1_678' title='bbox 740 5022 923 5086; x_wconf 87' lang='grc' dir='ltr'>καθὼς</span> <span class='ocrx_word' id='word_1_679' title='bbox 952 5023 1184 5093; x_wconf 81' lang='grc' dir='ltr'>εἴρηται,</span> <span class='ocrx_word' id='word_1_680' title='bbox 1220 5023 1315 5092; x_wconf 88' lang='grc' dir='ltr'><strong>τῆς</strong></span> <span class='ocrx_word' id='word_1_681' title='bbox 1340 5020 1432 5074; x_wconf 78' lang='grc' dir='ltr'>τοῦ</span> <span class='ocrx_word' id='word_1_682' title='bbox 1463 5022 1691 5076; x_wconf 76' lang='grc' dir='ltr'>θανάτου</span> <span class='ocrx_word' id='word_1_683' title='bbox 1720 5040 1815 5093; x_wconf 83' lang='grc' dir='ltr'>ση-</span> 
     </span>
    </p>
   </div>
   <div class='ocr_carea' id='block_1_84' title="bbox 228 5109 1816 5186">
    <p class='ocr_par' dir='ltr' id='par_1_84' title="bbox 228 5109 1816 5186">
     <span class='ocr_line' id='line_1_84' title="bbox 228 5109 1816 5186; baseline -0.001 -20"><span class='ocrx_word' id='word_1_684' title='bbox 228 5112 448 5186; x_wconf 75' lang='grc' dir='ltr'>μασίας</span> <span class='ocrx_word' id='word_1_685' title='bbox 486 5115 551 5165; x_wconf 78' lang='grc' dir='ltr'>ὲκ</span> <span class='ocrx_word' id='word_1_686' title='bbox 579 5112 687 5164; x_wconf 83' lang='grc' dir='ltr'><strong>τῶν</strong></span> <span class='ocrx_word' id='word_1_687' title='bbox 737 5110 967 5181; x_wconf 80' lang='grc' dir='ltr'>Γραφῶν</span> <span class='ocrx_word' id='word_1_688' title='bbox 1005 5110 1322 5182; x_wconf 77' lang='grc' dir='ltr'>νοουμένης,</span> <span class='ocrx_word' id='word_1_689' title='bbox 1376 5112 1403 5163; x_wconf 84' lang='grc' dir='ltr'>ὁ</span> <span class='ocrx_word' id='word_1_690' title='bbox 1461 5109 1559 5179; x_wconf 70' lang='grc' dir='ltr'><strong>μὲν</strong></span> <span class='ocrx_word' id='word_1_691' title='bbox 1603 5111 1816 5181; x_wconf 82' lang='grc' dir='ltr'>ἀληθῶς</span> 
     </span>
    </p>
   </div>
   <div class='ocr_carea' id='block_1_85' title="bbox 224 5202 1814 5275">
    <p class='ocr_par' dir='ltr' id='par_1_85' title="bbox 224 5202 1814 5275">
     <span class='ocr_line' id='line_1_85' title="bbox 224 5202 1814 5275; baseline -0.008 -15"><span class='ocrx_word' id='word_1_692' title='bbox 224 5205 514 5275; x_wconf 79' lang='grc' dir='ltr'>ἂτρεπτός</span> <span class='ocrx_word' id='word_1_693' title='bbox 553 5221 613 5257; x_wconf 83' lang='grc' dir='ltr'><strong>τε</strong></span> <span class='ocrx_word' id='word_1_694' title='bbox 646 5205 741 5258; x_wconf 71' lang='grc' dir='ltr'><strong>καὶ</strong></span> <span class='ocrx_word' id='word_1_695' title='bbox 772 5202 1125 5265; x_wconf 76' lang='grc' dir='ltr'>ἀναλλοίωτος</span> <span class='ocrx_word' id='word_1_696' title='bbox 1153 5243 1168 5267; x_wconf 93' lang='grc'><strong>,</strong></span> <span class='ocrx_word' id='word_1_697' title='bbox 1220 5204 1378 5272; x_wconf 83' lang='grc' dir='ltr'>μόνος</span> <span class='ocrx_word' id='word_1_698' title='bbox 1412 5202 1522 5272; x_wconf 80' lang='grc' dir='ltr'>ἔχει</span> <span class='ocrx_word' id='word_1_699' title='bbox 1550 5202 1647 5274; x_wconf 72' lang='grc' dir='ltr'>τὴν</span> <span class='ocrx_word' id='word_1_700' title='bbox 1681 5206 1814 5259; x_wconf 87' lang='grc' dir='ltr'>ἀοα..</span> 
     </span>
    </p>
   </div>
   <div class='ocr_carea' id='block_1_86' title="bbox 227 5293 1818 5366">
    <p class='ocr_par' dir='ltr' id='par_1_86' title="bbox 227 5293 1818 5366">
     <span class='ocr_line' id='line_1_86' title="bbox 227 5293 1818 5366; baseline -0.002 -15"><span class='ocrx_word' id='word_1_701' title='bbox 227 5317 266 5351; x_wconf 75' lang='grc' dir='ltr'><strong>ν</strong></span> <span class='ocrx_word' id='word_1_702' title='bbox 292 5297 439 5349; x_wconf 70' lang='grc' dir='ltr'>,τίαν</span> <span class='ocrx_word' id='word_1_703' title='bbox 463 5338 478 5361; x_wconf 83' lang='grc'><strong>,</strong></span> <span class='ocrx_word' id='word_1_704' title='bbox 511 5297 604 5349; x_wconf 80' lang='grc' dir='ltr'>καὶ</span> <span class='ocrx_word' id='word_1_705' title='bbox 628 5294 742 5365; x_wconf 80' lang='grc' dir='ltr'><strong>φῶς</strong></span> <span class='ocrx_word' id='word_1_706' title='bbox 770 5296 909 5347; x_wconf 83' lang='grc' dir='ltr'>οἰκεῖ</span> <span class='ocrx_word' id='word_1_707' title='bbox 933 5293 1012 5363; x_wconf 85' lang='grc' dir='ltr'>τῷ</span> <span class='ocrx_word' id='word_1_708' title='bbox 1052 5293 1199 5364; x_wconf 70' lang='grc' dir='ltr'>ζόφῳ</span> <span class='ocrx_word' id='word_1_709' title='bbox 1236 5293 1333 5361; x_wconf 82' lang='grc' dir='ltr'><strong>τῆς</strong></span> <span class='ocrx_word' id='word_1_710' title='bbox 1365 5294 1560 5355; x_wconf 83' lang='grc' dir='ltr'>κακίας</span> <span class='ocrx_word' id='word_1_711' title='bbox 1592 5295 1818 5366; x_wconf 74' lang='grc' dir='ltr'>ἀπρόσι-</span> 
     </span>
    </p>
   </div>
   <div class='ocr_carea' id='block_1_87' title="bbox 227 5381 1819 5457">
    <p class='ocr_par' dir='ltr' id='par_1_87' title="bbox 227 5381 1819 5457">
     <span class='ocr_line' id='line_1_87' title="bbox 227 5381 1819 5457; baseline -0.005 -13"><span class='ocrx_word' id='word_1_712' title='bbox 227 5389 333 5444; x_wconf 67' lang='grc' dir='ltr'><strong>τόν</strong></span> <span class='ocrx_word' id='word_1_713' title='bbox 354 5405 413 5440; x_wconf 87' lang='grc' dir='ltr'><strong>τε</strong></span> <span class='ocrx_word' id='word_1_714' title='bbox 439 5386 533 5439; x_wconf 79' lang='grc' dir='ltr'><strong>καὶ</strong></span> <span class='ocrx_word' id='word_1_715' title='bbox 560 5385 1021 5457; x_wconf 81' lang='grc' dir='ltr'>ἀπροσπέλαστον.</span> <span class='ocrx_word' id='word_1_716' title='bbox 1052 5384 1191 5437; x_wconf 80' lang='grc' dir='ltr'>Ὅσα</span> <span class='ocrx_word' id='word_1_717' title='bbox 1216 5382 1272 5436; x_wconf 83' lang='grc' dir='ltr'><strong>δὲ</strong></span> <span class='ocrx_word' id='word_1_718' title='bbox 1301 5381 1393 5434; x_wconf 78' lang='grc' dir='ltr'><strong>τοῦ</strong></span> <span class='ocrx_word' id='word_1_719' title='bbox 1420 5381 1645 5436; x_wconf 75' lang='grc' dir='ltr'>θανάτου</span> <span class='ocrx_word' id='word_1_720' title='bbox 1687 5401 1819 5453; x_wconf 87' lang='grc' dir='ltr'>μετ-</span> 
     </span>
    </p>
   </div>
   <div class='ocr_carea' id='block_1_88' title="bbox 228 5474 1818 5548">
    <p class='ocr_par' dir='ltr' id='par_1_88' title="bbox 228 5474 1818 5548">
     <span class='ocr_line' id='line_1_88' title="bbox 228 5474 1818 5548; baseline -0.004 -15"><span class='ocrx_word' id='word_1_721' title='bbox 228 5483 381 5547; x_wconf 67' lang='grc' dir='ltr'>έχει,</span> <span class='ocrx_word' id='word_1_722' title='bbox 430 5479 529 5548; x_wconf 84' lang='grc' dir='ltr'><strong>τῆς</strong></span> <span class='ocrx_word' id='word_1_723' title='bbox 559 5476 855 5540; x_wconf 76' lang='grc' dir='ltr'>ἀθανασίας</span> <span class='ocrx_word' id='word_1_724' title='bbox 894 5475 983 5530; x_wconf 69' lang='grc' dir='ltr'><strong>διὰ</strong></span> <span class='ocrx_word' id='word_1_725' title='bbox 1017 5475 1117 5545; x_wconf 85' lang='grc' dir='ltr'><strong>τῆς</strong></span> <span class='ocrx_word' id='word_1_726' title='bbox 1150 5475 1243 5526; x_wconf 73' lang='grc' dir='ltr'>ἐπὶ</span> <span class='ocrx_word' id='word_1_727' title='bbox 1288 5474 1346 5526; x_wconf 72' lang='grc' dir='ltr'><strong>τὸ</strong></span> <span class='ocrx_word' id='word_1_728' title='bbox 1376 5476 1615 5528; x_wconf 77' lang='grc' dir='ltr'>ἐναντίον</span> <span class='ocrx_word' id='word_1_729' title='bbox 1646 5476 1818 5546; x_wconf 76' lang='grc' dir='ltr'>ῥοπῆς</span> 
     </span>
    </p>
   </div>
   <div class='ocr_carea' id='block_1_89' title="bbox 230 5566 1817 5642">
    <p class='ocr_par' dir='ltr' id='par_1_89' title="bbox 230 5566 1817 5642">
     <span class='ocr_line' id='line_1_89' title="bbox 230 5566 1817 5642; baseline -0.004 -16"><span class='ocrx_word' id='word_1_730' title='bbox 230 5571 441 5642; x_wconf 74' lang='grc' dir='ltr'>τεόρρω</span> <span class='ocrx_word' id='word_1_731' title='bbox 485 5567 784 5638; x_wconf 74' lang='grc' dir='ltr'>γινόμεναο</span> <span class='ocrx_word' id='word_1_732' title='bbox 830 5569 879 5620; x_wconf 79' lang='grc' dir='ltr'><strong>εί</strong></span> <span class='ocrx_word' id='word_1_733' title='bbox 933 5566 990 5621; x_wconf 80' lang='grc' dir='ltr'><strong>δὲ</strong></span> <span class='ocrx_word' id='word_1_734' title='bbox 1041 5566 1288 5638; x_wconf 68' lang='grc' dir='ltr'>ἀπορρυᾕ</span> <span class='ocrx_word' id='word_1_735' title='bbox 1327 5566 1423 5636; x_wconf 85' lang='grc' dir='ltr'><strong>τῆς</strong></span> <span class='ocrx_word' id='word_1_736' title='bbox 1472 5566 1567 5619; x_wconf 80' lang='grc' dir='ltr'>τοῦ</span> <span class='ocrx_word' id='word_1_737' title='bbox 1613 5567 1817 5635; x_wconf 80' lang='grc' dir='ltr'>ἀγαθοῦ</span> 
     </span>
    </p>
   </div>
   <div class='ocr_carea' id='block_1_90' title="bbox 1911 3293 3484 3364">
    <p class='ocr_par' dir='ltr' id='par_1_90' title="bbox 1911 3293 3484 3364">
     <span class='ocr_line' id='line_1_90' title="bbox 1911 3293 3484 3364; baseline 0.004 -19"><span class='ocrx_word' id='word_1_738' title='bbox 1911 3298 2223 3363; x_wconf 86' lang='lat' dir='ltr'><strong>cernuntur</strong></span> <span class='ocrx_word' id='word_1_739' title='bbox 2252 3294 2614 3348; x_wconf 66' lang='lat' dir='ltr'><strong>aeternitatem</strong></span> <span class='ocrx_word' id='word_1_740' title='bbox 2645 3295 2767 3349; x_wconf 73' lang='lat' dir='ltr'><strong>vita:</strong></span> <span class='ocrx_word' id='word_1_741' title='bbox 2794 3293 3081 3364; x_wconf 90' lang='lat' dir='ltr'><strong>Unigenito</strong></span> <span class='ocrx_word' id='word_1_742' title='bbox 3101 3296 3484 3363; x_wconf 73' lang='lat' dir='ltr'><strong>przescribcre?</strong></span> 
     </span>
    </p>
   </div>
   <div class='ocr_carea' id='block_1_91' title="bbox 1910 3379 3484 3451">
    <p class='ocr_par' dir='ltr' id='par_1_91' title="bbox 1910 3379 3484 3451">
     <span class='ocr_line' id='line_1_91' title="bbox 1910 3379 3484 3451; baseline 0.005 -18"><span class='ocrx_word' id='word_1_743' title='bbox 1910 3379 2063 3446; x_wconf 85' lang='lat' dir='ltr'><strong>Quod</strong></span> <span class='ocrx_word' id='word_1_744' title='bbox 2082 3381 2227 3435; x_wconf 86' lang='lat' dir='ltr'><strong>enim</strong></span> <span class='ocrx_word' id='word_1_745' title='bbox 2248 3395 2461 3451; x_wconf 90' lang='lat' dir='ltr'><strong>semper</strong></span> <span class='ocrx_word' id='word_1_746' title='bbox 2472 3382 2657 3437; x_wconf 88' lang='lat' dir='ltr'><strong>eodem</strong></span> <span class='ocrx_word' id='word_1_747' title='bbox 2680 3385 2839 3438; x_wconf 89' lang='lat' dir='ltr'><strong>tnodo</strong></span> <span class='ocrx_word' id='word_1_748' title='bbox 2862 3395 3055 3438; x_wconf 87' lang='lat' dir='ltr'><strong>natura</strong></span> <span class='ocrx_word' id='word_1_749' title='bbox 3075 3401 3132 3439; x_wconf 91' lang='lat' dir='ltr'><strong>se</strong></span> <span class='ocrx_word' id='word_1_750' title='bbox 3156 3386 3336 3442; x_wconf 86' lang='lat' dir='ltr'><strong>habet.</strong></span> <span class='ocrx_word' id='word_1_751' title='bbox 3358 3402 3484 3441; x_wconf 86' lang='lat' dir='ltr'><strong>eou-</strong></span> 
     </span>
    </p>
   </div>
   <div class='ocr_carea' id='block_1_92' title="bbox 1911 3473 3483 3545">
    <p class='ocr_par' dir='ltr' id='par_1_92' title="bbox 1911 3473 3483 3545">
     <span class='ocr_line' id='line_1_92' title="bbox 1911 3473 3483 3545; baseline 0.006 -20"><span class='ocrx_word' id='word_1_752' title='bbox 1911 3473 2066 3526; x_wconf 82' lang='lat' dir='ltr'><strong>trarii</strong></span> <span class='ocrx_word' id='word_1_753' title='bbox 2106 3487 2280 3542; x_wconf 76' lang='lat' dir='ltr'><strong>capax</strong></span> <span class='ocrx_word' id='word_1_754' title='bbox 2312 3489 2418 3526; x_wconf 87' lang='lat' dir='ltr'><strong>non</strong></span> <span class='ocrx_word' id='word_1_755' title='bbox 2451 3483 2566 3536; x_wconf 88' lang='lat' dir='ltr'><strong>est,</strong></span> <span class='ocrx_word' id='word_1_756' title='bbox 2611 3490 2788 3545; x_wconf 90' lang='lat' dir='ltr'><strong>neque</strong></span> <span class='ocrx_word' id='word_1_757' title='bbox 2816 3477 2867 3528; x_wconf 93' lang='lat' dir='ltr'><strong>in</strong></span> <span class='ocrx_word' id='word_1_758' title='bbox 2898 3477 3128 3531; x_wconf 89' lang='lat' dir='ltr'><strong>alterum</strong></span> <span class='ocrx_word' id='word_1_759' title='bbox 3158 3479 3483 3534; x_wconf 86' lang='lat' dir='ltr'><strong>mutationis</strong></span> 
     </span>
    </p>
   </div>
   <div class='ocr_carea' id='block_1_93' title="bbox 1910 3565 3478 3635">
    <p class='ocr_par' dir='ltr' id='par_1_93' title="bbox 1910 3565 3478 3635">
     <span class='ocr_line' id='line_1_93' title="bbox 1910 3565 3478 3635; baseline 0.004 -17"><span class='ocrx_word' id='word_1_760' title='bbox 1910 3573 1995 3618; x_wconf 90' lang='lat' dir='ltr'><strong>est</strong></span> <span class='ocrx_word' id='word_1_761' title='bbox 2027 3566 2324 3635; x_wconf 89' lang='lat' dir='ltr'><strong>particeps.</strong></span> <span class='ocrx_word' id='word_1_762' title='bbox 2358 3565 2570 3630; x_wconf 87' lang='lat' dir='ltr'><strong>Quibus</strong></span> <span class='ocrx_word' id='word_1_763' title='bbox 2596 3582 2725 3620; x_wconf 88' lang='lat' dir='ltr'><strong>vero</strong></span> <span class='ocrx_word' id='word_1_764' title='bbox 2756 3578 2951 3620; x_wconf 86' lang='lat' dir='ltr'><strong>natura</strong></span> <span class='ocrx_word' id='word_1_765' title='bbox 2980 3579 3063 3621; x_wconf 90' lang='lat' dir='ltr'><strong>est</strong></span> <span class='ocrx_word' id='word_1_766' title='bbox 3100 3570 3478 3635; x_wconf 85' lang='lat' dir='ltr'><strong>contermina,</strong></span> 
     </span>
    </p>
   </div>
   <div class='ocr_carea' id='block_1_94' title="bbox 1911 3657 3474 3723">
    <p class='ocr_par' dir='ltr' id='par_1_94' title="bbox 1911 3657 3474 3723">
     <span class='ocr_line' id='line_1_94' title="bbox 1911 3657 3474 3723; baseline 0.007 -14"><span class='ocrx_word' id='word_1_767' title='bbox 1911 3671 2007 3710; x_wconf 87' lang='lat' dir='ltr'><strong>seu</strong></span> <span class='ocrx_word' id='word_1_768' title='bbox 2053 3657 2107 3709; x_wconf 92' lang='lat' dir='ltr'><strong>in</strong></span> <span class='ocrx_word' id='word_1_769' title='bbox 2156 3657 2396 3711; x_wconf 84' lang='lat' dir='ltr'><strong>conﬁnio</strong></span> <span class='ocrx_word' id='word_1_770' title='bbox 2438 3659 2565 3711; x_wconf 88' lang='lat' dir='ltr'><strong>boni</strong></span> <span class='ocrx_word' id='word_1_771' title='bbox 2616 3668 2668 3713; x_wconf 90' lang='lat' dir='ltr'><strong>et</strong></span> <span class='ocrx_word' id='word_1_772' title='bbox 2714 3660 2841 3713; x_wconf 79' lang='lat' dir='ltr'><strong>mali</strong></span> <span class='ocrx_word' id='word_1_773' title='bbox 2892 3663 3224 3723; x_wconf 88' lang='lat' dir='ltr'><strong>constituta,</strong></span> <span class='ocrx_word' id='word_1_774' title='bbox 3277 3664 3474 3720; x_wconf 89' lang='lat' dir='ltr'><strong>horum</strong></span> 
     </span>
    </p>
   </div>
   <div class='ocr_carea' id='block_1_95' title="bbox 1911 3748 3478 3823">
    <p class='ocr_par' dir='ltr' id='par_1_95' title="bbox 1911 3748 3478 3823">
     <span class='ocr_line' id='line_1_95' title="bbox 1911 3748 3478 3823; baseline 0.009 -27"><span class='ocrx_word' id='word_1_775' title='bbox 1911 3748 2208 3816; x_wconf 85' lang='lat' dir='ltr'><strong>propensio</strong></span> <span class='ocrx_word' id='word_1_776' title='bbox 2237 3762 2443 3817; x_wconf 88' lang='lat' dir='ltr'><strong>anceps</strong></span> <span class='ocrx_word' id='word_1_777' title='bbox 2476 3749 2529 3802; x_wconf 91' lang='lat' dir='ltr'><strong>in</strong></span> <span class='ocrx_word' id='word_1_778' title='bbox 2561 3750 2887 3804; x_wconf 86' lang='lat' dir='ltr'><strong>alterutrum</strong></span> <span class='ocrx_word' id='word_1_779' title='bbox 2925 3753 3134 3821; x_wconf 88' lang='lat' dir='ltr'><strong>vergit,</strong></span> <span class='ocrx_word' id='word_1_780' title='bbox 3166 3770 3265 3823; x_wconf 90' lang='lat' dir='ltr'><strong>pro</strong></span> <span class='ocrx_word' id='word_1_781' title='bbox 3298 3755 3478 3810; x_wconf 87' lang='lat' dir='ltr'><strong>libera</strong></span> 
     </span>
    </p>
   </div>
   <div class='ocr_carea' id='block_1_96' title="bbox 1912 3838 3480 3907">
    <p class='ocr_par' dir='ltr' id='par_1_96' title="bbox 1912 3838 3480 3907">
     <span class='ocr_line' id='line_1_96' title="bbox 1912 3838 3480 3907; baseline 0.008 -22"><span class='ocrx_word' id='word_1_782' title='bbox 1912 3843 2184 3907; x_wconf 83' lang='lat' dir='ltr'><strong>potestate</strong></span> <span class='ocrx_word' id='word_1_783' title='bbox 2210 3851 2399 3889; x_wconf 90' lang='lat' dir='ltr'><strong>eorum</strong></span> <span class='ocrx_word' id='word_1_784' title='bbox 2428 3838 2521 3905; x_wconf 91' lang='lat' dir='ltr'><strong>qui</strong></span> <span class='ocrx_word' id='word_1_785' title='bbox 2559 3855 2620 3891; x_wconf 80' lang='lat' dir='ltr'><strong>ex</strong></span> <span class='ocrx_word' id='word_1_786' title='bbox 2657 3840 2825 3892; x_wconf 90' lang='lat' dir='ltr'><strong>auitni</strong></span> <span class='ocrx_word' id='word_1_787' title='bbox 2856 3842 3129 3894; x_wconf 90' lang='lat' dir='ltr'><strong>sententia</strong></span> <span class='ocrx_word' id='word_1_788' title='bbox 3171 3851 3480 3899; x_wconf 82' lang='lat' dir='ltr'><strong>moventur.</strong></span> 
     </span>
    </p>
   </div>
   <div class='ocr_carea' id='block_1_97' title="bbox 1912 3927 3484 4001">
    <p class='ocr_par' dir='ltr' id='par_1_97' title="bbox 1912 3927 3484 4001">
     <span class='ocr_line' id='line_1_97' title="bbox 1912 3927 3484 4001; baseline 0.006 -20"><span class='ocrx_word' id='word_1_789' title='bbox 1912 3927 1968 3981; x_wconf 90' lang='lat' dir='ltr'><strong>Si</strong></span> <span class='ocrx_word' id='word_1_790' title='bbox 2007 3927 2176 3997; x_wconf 78' lang='lat' dir='ltr'><strong>igitur</strong></span> <span class='ocrx_word' id='word_1_791' title='bbox 2203 3944 2331 3983; x_wconf 85' lang='lat' dir='ltr'><strong>vera</strong></span> <span class='ocrx_word' id='word_1_792' title='bbox 2366 3929 2476 3982; x_wconf 89' lang='lat' dir='ltr'><strong>vita</strong></span> <span class='ocrx_word' id='word_1_793' title='bbox 2514 3930 2564 3983; x_wconf 91' lang='lat' dir='ltr'><strong>in</strong></span> <span class='ocrx_word' id='word_1_794' title='bbox 2606 3930 2790 3985; x_wconf 86' lang='lat' dir='ltr'><strong>divina</strong></span> <span class='ocrx_word' id='word_1_795' title='bbox 2826 3941 2878 3987; x_wconf 91' lang='lat' dir='ltr'><strong>et</strong></span> <span class='ocrx_word' id='word_1_796' title='bbox 2915 3934 3347 4001; x_wconf 86' lang='lat' dir='ltr'><strong>supereminenti</strong></span> <span class='ocrx_word' id='word_1_797' title='bbox 3384 3951 3484 3990; x_wconf 86' lang='lat' dir='ltr'><strong>na-</strong></span> 
     </span>
    </p>
   </div>
   <div class='ocr_carea' id='block_1_98' title="bbox 1910 4021 3485 4096">
    <p class='ocr_par' dir='ltr' id='par_1_98' title="bbox 1910 4021 3485 4096">
     <span class='ocr_line' id='line_1_98' title="bbox 1910 4021 3485 4096; baseline 0.003 -21"><span class='ocrx_word' id='word_1_798' title='bbox 1910 4030 2036 4075; x_wconf 85' lang='lat' dir='ltr'><strong>tura</strong></span> <span class='ocrx_word' id='word_1_799' title='bbox 2067 4028 2374 4089; x_wconf 85' lang='lat' dir='ltr'><strong>spectatur,</strong></span> <span class='ocrx_word' id='word_1_800' title='bbox 2419 4021 2584 4091; x_wconf 89' lang='lat' dir='ltr'><strong>hujus</strong></span> <span class='ocrx_word' id='word_1_801' title='bbox 2623 4023 2859 4093; x_wconf 83' lang='lat' dir='ltr'><strong>dilapsio</strong></span> <span class='ocrx_word' id='word_1_802' title='bbox 2897 4024 2962 4078; x_wconf 88' lang='lat' dir='ltr'><strong>ad</strong></span> <span class='ocrx_word' id='word_1_803' title='bbox 2989 4026 3302 4095; x_wconf 87' lang='lat' dir='ltr'><strong>oppositum</strong></span> <span class='ocrx_word' id='word_1_804' title='bbox 3334 4043 3485 4096; x_wconf 85' lang='lat' dir='ltr'><strong>pror-</strong></span> 
     </span>
    </p>
   </div>
   <div class='ocr_carea' id='block_1_99' title="bbox 1911 4115 3485 4187">
    <p class='ocr_par' dir='ltr' id='par_1_99' title="bbox 1911 4115 3485 4187">
     <span class='ocr_line' id='line_1_99' title="bbox 1911 4115 3485 4187; baseline 0.003 -18"><span class='ocrx_word' id='word_1_805' title='bbox 1911 4130 2041 4175; x_wconf 85' lang='lat' dir='ltr'><strong>sus,</strong></span> <span class='ocrx_word' id='word_1_806' title='bbox 2078 4121 2139 4167; x_wconf 90' lang='lat' dir='ltr'><strong>ut</strong></span> <span class='ocrx_word' id='word_1_807' title='bbox 2173 4126 2606 4169; x_wconf 87' lang='lat' dir='ltr'><strong>consentaneum</strong></span> <span class='ocrx_word' id='word_1_808' title='bbox 2642 4124 2726 4169; x_wconf 91' lang='lat' dir='ltr'><strong>est</strong></span> <span class='ocrx_word' id='word_1_809' title='bbox 2752 4155 2765 4178; x_wconf 91' lang='lat'><strong>,</strong></span> <span class='ocrx_word' id='word_1_810' title='bbox 2799 4115 3031 4171; x_wconf 86' lang='lat' dir='ltr'><strong>desinet.</strong></span> <span class='ocrx_word' id='word_1_811' title='bbox 3071 4117 3350 4187; x_wconf 66' lang='lat' dir='ltr'><strong>Multiplex</strong></span> <span class='ocrx_word' id='word_1_812' title='bbox 3387 4136 3485 4172; x_wconf 89' lang='lat' dir='ltr'><strong>au-</strong></span> 
     </span>
    </p>
   </div>
   <div class='ocr_carea' id='block_1_100' title="bbox 1911 4205 3480 4276">
    <p class='ocr_par' dir='ltr' id='par_1_100' title="bbox 1911 4205 3480 4276">
     <span class='ocr_line' id='line_1_100' title="bbox 1911 4205 3480 4276; baseline 0.004 -19"><span class='ocrx_word' id='word_1_813' title='bbox 1911 4213 2021 4259; x_wconf 79' lang='lat' dir='ltr'><strong>tem</strong></span> <span class='ocrx_word' id='word_1_814' title='bbox 2052 4206 2176 4260; x_wconf 65' lang='lat' dir='ltr'><strong>vitae</strong></span> <span class='ocrx_word' id='word_1_815' title='bbox 2200 4214 2253 4261; x_wconf 90' lang='lat' dir='ltr'><strong>et</strong></span> <span class='ocrx_word' id='word_1_816' title='bbox 2285 4206 2478 4259; x_wconf 86' lang='lat' dir='ltr'><strong>mortis</strong></span> <span class='ocrx_word' id='word_1_817' title='bbox 2507 4205 2858 4275; x_wconf 86' lang='lat' dir='ltr'><strong>signiﬁcatio,</strong></span> <span class='ocrx_word' id='word_1_818' title='bbox 2893 4223 3069 4276; x_wconf 87' lang='lat' dir='ltr'><strong>neque</strong></span> <span class='ocrx_word' id='word_1_819' title='bbox 3100 4211 3259 4264; x_wconf 89' lang='lat' dir='ltr'><strong>modo</strong></span> <span class='ocrx_word' id='word_1_820' title='bbox 3292 4211 3480 4264; x_wconf 90' lang='lat' dir='ltr'><strong>eodem</strong></span> 
     </span>
    </p>
   </div>
   <div class='ocr_carea' id='block_1_101' title="bbox 1911 4292 3481 4365">
    <p class='ocr_par' dir='ltr' id='par_1_101' title="bbox 1911 4292 3481 4365">
     <span class='ocr_line' id='line_1_101' title="bbox 1911 4292 3481 4365; baseline 0.004 -18"><span class='ocrx_word' id='word_1_821' title='bbox 1911 4292 2256 4363; x_wconf 87' lang='lat' dir='ltr'><strong>intelligitur.</strong></span> <span class='ocrx_word' id='word_1_822' title='bbox 2289 4292 2423 4345; x_wconf 73' lang='lat' dir='ltr'><strong>Nam</strong></span> <span class='ocrx_word' id='word_1_823' title='bbox 2472 4295 2524 4347; x_wconf 92' lang='lat' dir='ltr'><strong>in</strong></span> <span class='ocrx_word' id='word_1_824' title='bbox 2561 4310 2760 4356; x_wconf 79' lang='lat' dir='ltr'><strong>carne,</strong></span> <span class='ocrx_word' id='word_1_825' title='bbox 2792 4311 3182 4365; x_wconf 86' lang='lat' dir='ltr'><strong>corporcortun</strong></span> <span class='ocrx_word' id='word_1_826' title='bbox 3222 4316 3481 4354; x_wconf 87' lang='lat' dir='ltr'><strong>sensuum</strong></span> 
     </span>
    </p>
   </div>
   <div class='ocr_carea' id='block_1_102' title="bbox 1914 4383 3485 4459">
    <p class='ocr_par' dir='ltr' id='par_1_102' title="bbox 1914 4383 3485 4459">
     <span class='ocr_line' id='line_1_102' title="bbox 1914 4383 3485 4459; baseline 0.004 -22"><span class='ocrx_word' id='word_1_827' title='bbox 1914 4383 2127 4437; x_wconf 79' lang='lat' dir='ltr'><strong>functio</strong></span> <span class='ocrx_word' id='word_1_828' title='bbox 2156 4391 2211 4439; x_wconf 90' lang='lat' dir='ltr'><strong>et</strong></span> <span class='ocrx_word' id='word_1_829' title='bbox 2247 4385 2417 4439; x_wconf 89' lang='lat' dir='ltr'><strong>motio</strong></span> <span class='ocrx_word' id='word_1_830' title='bbox 2453 4386 2562 4439; x_wconf 86' lang='lat' dir='ltr'><strong>vita</strong></span> <span class='ocrx_word' id='word_1_831' title='bbox 2595 4384 2798 4441; x_wconf 88' lang='lat' dir='ltr'><strong>dicitur</strong></span> <span class='ocrx_word' id='word_1_832' title='bbox 2827 4406 2841 4453; x_wconf 85' lang='lat'><strong>;</strong></span> <span class='ocrx_word' id='word_1_833' title='bbox 2875 4396 3067 4442; x_wconf 87' lang='lat' dir='ltr'><strong>contra</strong></span> <span class='ocrx_word' id='word_1_834' title='bbox 3107 4389 3349 4459; x_wconf 88' lang='lat' dir='ltr'><strong>ipsorum</strong></span> <span class='ocrx_word' id='word_1_835' title='bbox 3386 4406 3485 4444; x_wconf 75' lang='lat' dir='ltr'><strong>ex-</strong></span> 
     </span>
    </p>
   </div>
   <div class='ocr_carea' id='block_1_103' title="bbox 1914 4476 3482 4537">
    <p class='ocr_par' dir='ltr' id='par_1_103' title="bbox 1914 4476 3482 4537">
     <span class='ocr_line' id='line_1_103' title="bbox 1914 4476 3482 4537; baseline 0.005 -7"><span class='ocrx_word' id='word_1_836' title='bbox 1914 4476 2138 4530; x_wconf 91' lang='lat' dir='ltr'><strong>stinctio</strong></span> <span class='ocrx_word' id='word_1_837' title='bbox 2172 4485 2225 4530; x_wconf 93' lang='lat' dir='ltr'><strong>et</strong></span> <span class='ocrx_word' id='word_1_838' title='bbox 2254 4476 2550 4532; x_wconf 86' lang='lat' dir='ltr'><strong>dissolutio</strong></span> <span class='ocrx_word' id='word_1_839' title='bbox 2588 4493 2737 4533; x_wconf 89' lang='lat' dir='ltr'><strong>mors</strong></span> <span class='ocrx_word' id='word_1_840' title='bbox 2773 4480 3112 4533; x_wconf 88' lang='lat' dir='ltr'><strong>nominatur.</strong></span> <span class='ocrx_word' id='word_1_841' title='bbox 3169 4479 3223 4535; x_wconf 90' lang='lat' dir='ltr'><strong>In</strong></span> <span class='ocrx_word' id='word_1_842' title='bbox 3263 4483 3482 4537; x_wconf 86' lang='lat' dir='ltr'><strong>intelle-</strong></span> 
     </span>
    </p>
   </div>
   <div class='ocr_carea' id='block_1_104' title="bbox 1914 4567 3483 4640">
    <p class='ocr_par' dir='ltr' id='par_1_104' title="bbox 1914 4567 3483 4640">
     <span class='ocr_line' id='line_1_104' title="bbox 1914 4567 3483 4640; baseline 0.004 -19"><span class='ocrx_word' id='word_1_843' title='bbox 1914 4567 2081 4621; x_wconf 89' lang='lat' dir='ltr'><strong>ctuali</strong></span> <span class='ocrx_word' id='word_1_844' title='bbox 2111 4583 2239 4622; x_wconf 90' lang='lat' dir='ltr'><strong>vero</strong></span> <span class='ocrx_word' id='word_1_845' title='bbox 2268 4577 2462 4622; x_wconf 89' lang='lat' dir='ltr'><strong>natura</strong></span> <span class='ocrx_word' id='word_1_846' title='bbox 2493 4571 2899 4640; x_wconf 79' lang='lat' dir='ltr'><strong>approximatio</strong></span> <span class='ocrx_word' id='word_1_847' title='bbox 2931 4571 2996 4625; x_wconf 88' lang='lat' dir='ltr'><strong>ad</strong></span> <span class='ocrx_word' id='word_1_848' title='bbox 3038 4574 3204 4628; x_wconf 88' lang='lat' dir='ltr'><strong>Deum</strong></span> <span class='ocrx_word' id='word_1_849' title='bbox 3237 4589 3363 4628; x_wconf 85' lang='lat' dir='ltr'><strong>vera</strong></span> <span class='ocrx_word' id='word_1_850' title='bbox 3397 4582 3483 4629; x_wconf 89' lang='lat' dir='ltr'><strong>est</strong></span> 
     </span>
    </p>
   </div>
   <div class='ocr_carea' id='block_1_105' title="bbox 1912 4656 3483 4729">
    <p class='ocr_par' dir='ltr' id='par_1_105' title="bbox 1912 4656 3483 4729">
     <span class='ocr_line' id='line_1_105' title="bbox 1912 4656 3483 4729; baseline 0.007 -22"><span class='ocrx_word' id='word_1_851' title='bbox 1912 4656 2024 4708; x_wconf 87' lang='lat' dir='ltr'><strong>vita</strong></span> <span class='ocrx_word' id='word_1_852' title='bbox 2047 4694 2061 4718; x_wconf 92' lang='lat'><strong>,</strong></span> <span class='ocrx_word' id='word_1_853' title='bbox 2090 4657 2308 4711; x_wconf 86' lang='lat' dir='ltr'><strong>aversio</strong></span> <span class='ocrx_word' id='word_1_854' title='bbox 2336 4666 2517 4712; x_wconf 90' lang='lat' dir='ltr'><strong>autem</strong></span> <span class='ocrx_word' id='word_1_855' title='bbox 2554 4668 2608 4713; x_wconf 89' lang='lat' dir='ltr'><strong>et</strong></span> <span class='ocrx_word' id='word_1_856' title='bbox 2644 4661 2833 4729; x_wconf 87' lang='lat' dir='ltr'><strong>lapsus</strong></span> <span class='ocrx_word' id='word_1_857' title='bbox 2896 4676 2924 4713; x_wconf 90' lang='lat' dir='ltr'><strong>a</strong></span> <span class='ocrx_word' id='word_1_858' title='bbox 2967 4661 3076 4715; x_wconf 85' lang='lat' dir='ltr'><strong>Deo</strong></span> <span class='ocrx_word' id='word_1_859' title='bbox 3142 4667 3335 4719; x_wconf 85' lang='lat' dir='ltr'><strong>mortis</strong></span> <span class='ocrx_word' id='word_1_860' title='bbox 3384 4680 3483 4718; x_wconf 84' lang='lat' dir='ltr'><strong>no—</strong></span> 
     </span>
    </p>
   </div>
   <div class='ocr_carea' id='block_1_106' title="bbox 1915 4749 3480 4822">
    <p class='ocr_par' dir='ltr' id='par_1_106' title="bbox 1915 4749 3480 4822">
     <span class='ocr_line' id='line_1_106' title="bbox 1915 4749 3480 4822; baseline 0.004 -20"><span class='ocrx_word' id='word_1_861' title='bbox 1915 4749 2060 4802; x_wconf 89' lang='lat' dir='ltr'><strong>mine</strong></span> <span class='ocrx_word' id='word_1_862' title='bbox 2092 4750 2419 4819; x_wconf 86' lang='lat' dir='ltr'><strong>appellatur.</strong></span> <span class='ocrx_word' id='word_1_863' title='bbox 2464 4750 2811 4821; x_wconf 83' lang='lat' dir='ltr'><strong>Quapmptcr</strong></span> <span class='ocrx_word' id='word_1_864' title='bbox 2843 4752 3098 4822; x_wconf 88' lang='lat' dir='ltr'><strong>princeps</strong></span> <span class='ocrx_word' id='word_1_865' title='bbox 3143 4755 3382 4819; x_wconf 90' lang='lat' dir='ltr'><strong>malum,</strong></span> <span class='ocrx_word' id='word_1_866' title='bbox 3430 4755 3480 4809; x_wconf 89' lang='lat' dir='ltr'><strong>id</strong></span> 
     </span>
    </p>
   </div>
   <div class='ocr_carea' id='block_1_107' title="bbox 1916 4838 3485 4908">
    <p class='ocr_par' dir='ltr' id='par_1_107' title="bbox 1916 4838 3485 4908">
     <span class='ocr_line' id='line_1_107' title="bbox 1916 4838 3485 4908; baseline 0.004 -16"><span class='ocrx_word' id='word_1_867' title='bbox 1916 4847 1999 4892; x_wconf 87' lang='lat' dir='ltr'><strong>est</strong></span> <span class='ocrx_word' id='word_1_868' title='bbox 2036 4838 2246 4908; x_wconf 84' lang='lat' dir='ltr'><strong>primus</strong></span> <span class='ocrx_word' id='word_1_869' title='bbox 2278 4841 2407 4893; x_wconf 89' lang='lat' dir='ltr'><strong>mali</strong></span> <span class='ocrx_word' id='word_1_870' title='bbox 2443 4849 2635 4895; x_wconf 83' lang='lat' dir='ltr'><strong>auctor</strong></span> <span class='ocrx_word' id='word_1_871' title='bbox 2662 4842 2917 4896; x_wconf 83' lang='lat' dir='ltr'><strong>diabolus</strong></span> <span class='ocrx_word' id='word_1_872' title='bbox 2939 4883 2953 4907; x_wconf 92' lang='lat'><strong>,</strong></span> <span class='ocrx_word' id='word_1_873' title='bbox 2982 4852 3034 4897; x_wconf 90' lang='lat' dir='ltr'><strong>et</strong></span> <span class='ocrx_word' id='word_1_874' title='bbox 3067 4860 3213 4900; x_wconf 86' lang='lat' dir='ltr'><strong>mors</strong></span> <span class='ocrx_word' id='word_1_875' title='bbox 3259 4856 3485 4899; x_wconf 86' lang='lat' dir='ltr'><strong>vocatur</strong></span> 
     </span>
    </p>
   </div>
   <div class='ocr_carea' id='block_1_108' title="bbox 1920 4932 3486 5005">
    <p class='ocr_par' dir='ltr' id='par_1_108' title="bbox 1920 4932 3486 5005">
     <span class='ocr_line' id='line_1_108' title="bbox 1920 4932 3486 5005; baseline 0.004 -20"><span class='ocrx_word' id='word_1_876' title='bbox 1920 4941 1974 4986; x_wconf 88' lang='lat' dir='ltr'><strong>et</strong></span> <span class='ocrx_word' id='word_1_877' title='bbox 2003 4933 2199 4987; x_wconf 88' lang='lat' dir='ltr'><strong>mortis</strong></span> <span class='ocrx_word' id='word_1_878' title='bbox 2231 4932 2506 4997; x_wconf 88' lang='lat' dir='ltr'><strong>inventor,</strong></span> <span class='ocrx_word' id='word_1_879' title='bbox 2531 4933 2626 4988; x_wconf 89' lang='lat' dir='ltr'><strong>sed</strong></span> <span class='ocrx_word' id='word_1_880' title='bbox 2658 4942 2711 4988; x_wconf 91' lang='lat' dir='ltr'><strong>et</strong></span> <span class='ocrx_word' id='word_1_881' title='bbox 2742 4935 2934 4989; x_wconf 89' lang='lat' dir='ltr'><strong>mortis</strong></span> <span class='ocrx_word' id='word_1_882' title='bbox 2963 4936 3252 5005; x_wconf 88' lang='lat' dir='ltr'><strong>imperium</strong></span> <span class='ocrx_word' id='word_1_883' title='bbox 3285 4937 3486 4993; x_wconf 88' lang='lat' dir='ltr'><strong>habere</strong></span> 
     </span>
    </p>
   </div>
   <div class='ocr_carea' id='block_1_109' title="bbox 1920 5022 3485 5096">
    <p class='ocr_par' dir='ltr' id='par_1_109' title="bbox 1920 5022 3485 5096">
     <span class='ocr_line' id='line_1_109' title="bbox 1920 5022 3485 5096; baseline 0.005 -23"><span class='ocrx_word' id='word_1_884' title='bbox 1920 5022 1990 5076; x_wconf 88' lang='lat' dir='ltr'><strong>ab</strong></span> <span class='ocrx_word' id='word_1_885' title='bbox 2022 5024 2286 5092; x_wconf 82' lang='lat' dir='ltr'><strong>Apostolo</strong></span> <span class='ocrx_word' id='word_1_886' title='bbox 2317 5024 2523 5077; x_wconf 87' lang='lat' dir='ltr'><strong>dicitur</strong></span> <span class='ocrx_word' id='word_1_887' title='bbox 2563 5026 2625 5078; x_wconf 83' lang='lat'><strong>”.</strong></span> <span class='ocrx_word' id='word_1_888' title='bbox 2674 5025 2810 5079; x_wconf 90' lang='lat' dir='ltr'><strong>Cum</strong></span> <span class='ocrx_word' id='word_1_889' title='bbox 2856 5026 3046 5096; x_wconf 89' lang='lat' dir='ltr'><strong>igitur,</strong></span> <span class='ocrx_word' id='word_1_890' title='bbox 3086 5028 3231 5081; x_wconf 89' lang='lat' dir='ltr'><strong>sicut</strong></span> <span class='ocrx_word' id='word_1_891' title='bbox 3280 5028 3485 5082; x_wconf 88' lang='lat' dir='ltr'><strong>dictum</strong></span> 
     </span>
    </p>
   </div>
   <div class='ocr_carea' id='block_1_110' title="bbox 1920 5115 3489 5189">
    <p class='ocr_par' dir='ltr' id='par_1_110' title="bbox 1920 5115 3489 5189">
     <span class='ocr_line' id='line_1_110' title="bbox 1920 5115 3489 5189; baseline 0.004 -21"><span class='ocrx_word' id='word_1_892' title='bbox 1920 5121 2041 5175; x_wconf 83' lang='lat' dir='ltr'><strong>est,</strong></span> <span class='ocrx_word' id='word_1_893' title='bbox 2079 5116 2274 5169; x_wconf 90' lang='lat' dir='ltr'><strong>mortis</strong></span> <span class='ocrx_word' id='word_1_894' title='bbox 2301 5115 2497 5185; x_wconf 74' lang='lat' dir='ltr'><strong>duplex</strong></span> <span class='ocrx_word' id='word_1_895' title='bbox 2534 5116 2864 5187; x_wconf 86' lang='lat' dir='ltr'><strong>signiﬁcatio</strong></span> <span class='ocrx_word' id='word_1_896' title='bbox 2902 5119 2956 5172; x_wconf 90' lang='lat' dir='ltr'><strong>in</strong></span> <span class='ocrx_word' id='word_1_897' title='bbox 2994 5119 3297 5189; x_wconf 86' lang='lat' dir='ltr'><strong>Scripturis</strong></span> <span class='ocrx_word' id='word_1_898' title='bbox 3332 5122 3489 5175; x_wconf 84' lang='lat' dir='ltr'><strong>intel-</strong></span> 
     </span>
    </p>
   </div>
   <div class='ocr_carea' id='block_1_111' title="bbox 1920 5205 3490 5282">
    <p class='ocr_par' dir='ltr' id='par_1_111' title="bbox 1920 5205 3490 5282">
     <span class='ocr_line' id='line_1_111' title="bbox 1920 5205 3490 5282; baseline 0.006 -24"><span class='ocrx_word' id='word_1_899' title='bbox 1920 5205 2142 5274; x_wconf 83' lang='lat' dir='ltr'><strong>ligatur,</strong></span> <span class='ocrx_word' id='word_1_900' title='bbox 2182 5207 2230 5260; x_wconf 89' lang='lat' dir='ltr'><strong>is</strong></span> <span class='ocrx_word' id='word_1_901' title='bbox 2266 5208 2484 5275; x_wconf 88' lang='lat' dir='ltr'><strong>quidem</strong></span> <span class='ocrx_word' id='word_1_902' title='bbox 2523 5210 2615 5278; x_wconf 90' lang='lat' dir='ltr'><strong>qui</strong></span> <span class='ocrx_word' id='word_1_903' title='bbox 2649 5225 2775 5263; x_wconf 88' lang='lat' dir='ltr'><strong>vere</strong></span> <span class='ocrx_word' id='word_1_904' title='bbox 2813 5210 3172 5266; x_wconf 77' lang='lat' dir='ltr'><strong>immutabilis</strong></span> <span class='ocrx_word' id='word_1_905' title='bbox 3208 5220 3290 5265; x_wconf 65' lang='lat' dir='ltr'><strong>est</strong></span> <span class='ocrx_word' id='word_1_906' title='bbox 3325 5224 3490 5282; x_wconf 85' lang='lat' dir='ltr'><strong>atquc</strong></span> 
     </span>
    </p>
   </div>
   <div class='ocr_carea' id='block_1_112' title="bbox 1917 5296 3490 5367">
    <p class='ocr_par' dir='ltr' id='par_1_112' title="bbox 1917 5296 3490 5367">
     <span class='ocr_line' id='line_1_112' title="bbox 1917 5296 3490 5367; baseline 0.003 -18"><span class='ocrx_word' id='word_1_907' title='bbox 1917 5296 2310 5359; x_wconf 89' lang='lat' dir='ltr'><strong>inalterabilis,</strong></span> <span class='ocrx_word' id='word_1_908' title='bbox 2358 5299 2512 5353; x_wconf 86' lang='lat' dir='ltr'><strong>solus</strong></span> <span class='ocrx_word' id='word_1_909' title='bbox 2553 5298 2716 5352; x_wconf 79' lang='lat' dir='ltr'><strong>habet</strong></span> <span class='ocrx_word' id='word_1_910' title='bbox 2764 5300 3273 5367; x_wconf 87' lang='lat' dir='ltr'><strong>immortalitatem,</strong></span> <span class='ocrx_word' id='word_1_911' title='bbox 3305 5310 3359 5357; x_wconf 93' lang='lat' dir='ltr'><strong>et</strong></span> <span class='ocrx_word' id='word_1_912' title='bbox 3407 5305 3490 5355; x_wconf 89' lang='lat' dir='ltr'><strong>lu-</strong></span> 
     </span>
    </p>
   </div>
   <div class='ocr_carea' id='block_1_113' title="bbox 1918 5388 3489 5459">
    <p class='ocr_par' dir='ltr' id='par_1_113' title="bbox 1918 5388 3489 5459">
     <span class='ocr_line' id='line_1_113' title="bbox 1918 5388 3489 5459; baseline 0.006 -19"><span class='ocrx_word' id='word_1_913' title='bbox 1918 5404 2034 5440; x_wconf 89' lang='lat' dir='ltr'><strong>cem</strong></span> <span class='ocrx_word' id='word_1_914' title='bbox 2071 5388 2278 5441; x_wconf 87' lang='lat' dir='ltr'><strong>habitat</strong></span> <span class='ocrx_word' id='word_1_915' title='bbox 2316 5390 2538 5459; x_wconf 84' lang='lat' dir='ltr'><strong>caligini</strong></span> <span class='ocrx_word' id='word_1_916' title='bbox 2605 5392 2915 5444; x_wconf 82' lang='lat' dir='ltr'><strong>vitiositatis</strong></span> <span class='ocrx_word' id='word_1_917' title='bbox 2949 5391 3284 5447; x_wconf 80' lang='lat' dir='ltr'><strong>inaccessam</strong></span> <span class='ocrx_word' id='word_1_918' title='bbox 3319 5402 3372 5449; x_wconf 90' lang='lat' dir='ltr'><strong>ct</strong></span> <span class='ocrx_word' id='word_1_919' title='bbox 3407 5394 3489 5450; x_wconf 83' lang='lat' dir='ltr'><strong>in-</strong></span> 
     </span>
    </p>
   </div>
   <div class='ocr_carea' id='block_1_114' title="bbox 1919 5480 3491 5554">
    <p class='ocr_par' dir='ltr' id='par_1_114' title="bbox 1919 5480 3491 5554">
     <span class='ocr_line' id='line_1_114' title="bbox 1919 5480 3491 5554; baseline 0.006 -20"><span class='ocrx_word' id='word_1_920' title='bbox 1919 5482 2062 5534; x_wconf 85' lang='lat' dir='ltr'><strong>viam</strong></span> <span class='ocrx_word' id='word_1_921' title='bbox 2110 5481 2172 5533; x_wconf 79' lang='grc'><strong>¹⁸.</strong></span> <span class='ocrx_word' id='word_1_922' title='bbox 2237 5480 2591 5553; x_wconf 85' lang='lat' dir='ltr'><strong>Qua:cunque</strong></span> <span class='ocrx_word' id='word_1_923' title='bbox 2635 5492 2815 5538; x_wconf 87' lang='lat' dir='ltr'><strong>autem</strong></span> <span class='ocrx_word' id='word_1_924' title='bbox 2852 5486 3014 5539; x_wconf 90' lang='lat' dir='ltr'><strong>morti</strong></span> <span class='ocrx_word' id='word_1_925' title='bbox 3051 5496 3179 5540; x_wconf 87' lang='lat' dir='ltr'><strong>sunt</strong></span> <span class='ocrx_word' id='word_1_926' title='bbox 3213 5486 3453 5543; x_wconf 79' lang='lat' dir='ltr'><strong>obnoxia</strong></span> <span class='ocrx_word' id='word_1_927' title='bbox 3476 5528 3491 5554; x_wconf 95' lang='lat'><strong>,</strong></span> 
     </span>
    </p>
   </div>
   <div class='ocr_carea' id='block_1_115' title="bbox 1919 5574 3488 5657">
    <p class='ocr_par' dir='ltr' id='par_1_115' title="bbox 1919 5574 3488 5657">
     <span class='ocr_line' id='line_1_115' title="bbox 1919 5574 3488 5657; baseline 0.006 -29"><span class='ocrx_word' id='word_1_928' title='bbox 1919 5588 2042 5628; x_wconf 90' lang='lat' dir='ltr'><strong>cum</strong></span> <span class='ocrx_word' id='word_1_929' title='bbox 2090 5574 2156 5629; x_wconf 91' lang='lat' dir='ltr'><strong>ab</strong></span> <span class='ocrx_word' id='word_1_930' title='bbox 2190 5574 2607 5634; x_wconf 90' lang='lat' dir='ltr'><strong>immortalitate</strong></span> <span class='ocrx_word' id='word_1_931' title='bbox 2639 5578 2710 5657; x_wconf 86' lang='lat' dir='ltr'><strong>o_b</strong></span> <span class='ocrx_word' id='word_1_932' title='bbox 2745 5578 3169 5649; x_wconf 81' lang='lat' dir='ltr'><strong>propensionem</strong></span> <span class='ocrx_word' id='word_1_933' title='bbox 3200 5595 3362 5653; x_wconf 88' lang='lat' dir='ltr'><strong>quam</strong></span> <span class='ocrx_word' id='word_1_934' title='bbox 3399 5581 3488 5643; x_wconf 76' lang='lat' dir='ltr'><strong>ha-</strong></span> 
     </span>
    </p>
   </div>
   <div class='ocr_carea' id='block_1_116' title="bbox 359 5745 1904 5819">
    <p class='ocr_par' dir='ltr' id='par_1_116' title="bbox 359 5745 1904 5819">
     <span class='ocr_line' id='line_1_116' title="bbox 359 5745 1904 5819; baseline 0.004 -17"><span class='ocrx_word' id='word_1_935' title='bbox 359 5748 403 5782; x_wconf 82' lang='lat'><strong>&quot;</strong></span> <span class='ocrx_word' id='word_1_936' title='bbox 437 5745 671 5819; x_wconf 82' lang='lat' dir='ltr'><strong>Philipp.</strong></span> <span class='ocrx_word' id='word_1_937' title='bbox 706 5762 787 5816; x_wconf 89' lang='lat' dir='ltr'><strong>Ill,</strong></span> <span class='ocrx_word' id='word_1_938' title='bbox 816 5748 900 5805; x_wconf 74' lang='lat' dir='ltr'><strong>i3.</strong></span> <span class='ocrx_word' id='word_1_939' title='bbox 962 5745 1186 5805; x_wconf 75' lang='lat' dir='ltr'><strong>&quot;Hebr.</strong></span> <span class='ocrx_word' id='word_1_940' title='bbox 1216 5763 1269 5814; x_wconf 77' lang='grc' dir='ltr'><strong>ιι,</strong></span> <span class='ocrx_word' id='word_1_941' title='bbox 1312 5750 1391 5805; x_wconf 56' lang='lat' dir='ltr'><strong>ii.</strong></span> <span class='ocrx_word' id='word_1_942' title='bbox 1438 5748 1681 5806; x_wconf 74' lang='lat' dir='ltr'><strong>“l&#39;l‘im.</strong></span> <span class='ocrx_word' id='word_1_943' title='bbox 1720 5765 1790 5817; x_wconf 89' lang='lat' dir='ltr'><strong>vt,</strong></span> <span class='ocrx_word' id='word_1_944' title='bbox 1823 5750 1904 5808; x_wconf 86' lang='lat' dir='ltr'><strong>l6.</strong></span> 
     </span>
    </p>
   </div>
  </div>
