4002 6218
548 305 652 361 δοῖ)

1737 297 1793 352 S.
1837 297 2159 354 GREGORII
2197 301 2489 357 IMSSEM

3674 306 3794 362 ευι

545 415 678 469 tavit
701 457 716 482 ,
747 422 859 468 tum
889 412 1094 467 aridam
1125 409 1398 482 patefecit,
1428 420 1558 465 tunc
1597 424 1768 479 aquas
1811 419 1865 464 tn
1899 413 2103 464 cavita-
2134 466 2136 472 λ

2238 431 2291 466 τε
2320 416 2495 479 καλῶς
2540 416 2680 485 ἔχειν
2710 416 2861 487 ᾠήθη
2895 419 3051 472 τοῦτο
3080 417 3358 486 γενέσθαι,
3390 418 3510 470 τότε
3547 418 3793 487 ἀνέδειξε

547 506 695 560 trbus
744 504 975 560 seorsim
1006 504 1261 566 inclusit;
1305 510 1433 556 tunc
1478 502 1804 556 exstiterunt
1851 505 2115 571 germina,

550 607 676 651 tunc
703 596 938 659 fructus,
970 604 1098 651 tunc
1132 596 1447 649 animalium
1484 603 1659 657 ortus,
1712 602 1842 646 tunc
1882 591 2119 646 hominis

551 689 731 753 lietio,
774 687 992 758 quando
1047 688 1238 741 horum
1277 685 1704 755 unumquodque
1751 689 2118 754 opportunum

549 780 835 835 videbatur
854 778 1134 848 sapientiae
1166 778 1284 845 ejus
1311 777 1406 846 qui
1440 777 1664 830 creavit.
1691 774 1795 840 Qui
1828 779 2010 827 autem
2043 771 2122 825 fc-

550 870 625 923 cit
659 868 839 922 omnia
872 871 1082 937 (rursus
1135 867 1280 920 enim
1335 865 1583 919 eumdem
1626 868 1965 918 resumemus
2004 877 2121 916 ser-

552 961 792 1029 monem)
863 959 1175 1028 unigenitus
1225 968 1307 1013 est
1356 956 1518 1022 Deus,
1563 955 1657 1026 qui
1703 955 1833 1009 fecit
1884 953 2119 1017 saecula;

553 1051 837 1104 intervallo
858 1050 1001 1103 enim
1042 1049 1367 1104 sreculorum
1389 1047 1477 1125 ‘iis
1508 1062 1629 1117 quae
1659 1046 1797 1100 facta
1833 1053 1958 1102 sunt
1988 1058 2124 1115 pra:-

553 1140 857 1210 snpposito,
890 1154 998 1193 non
1034 1148 1251 1208 tempus
1293 1137 1375 1192 fas
1416 1145 1499 1192 est
1544 1138 1724 1191 dicere
1772 1136 1877 1189 hoc
1912 1142 2123 1203 tempo-

556 1234 665 1285 rale
712 1230 1052 1293 adverbium,
1090 1230 1310 1300 quando
1352 1228 1544 1293 voluit,
1592 1237 1721 1281 tunc
1768 1227 1929 1280 etiam
1975 1223 2120 1278 fecit.

553 1323 687 1377 Cum
727 1329 905 1374 autem
938 1335 1044 1374 non
1077 1328 1221 1375 esset
1260 1319 1539 1381 saeculum,
1565 1332 1749 1396 neque
1794 1316 1902 1369 ulla
1952 1313 2125 1368 inter-

555 1416 711 1469 vallis
740 1415 994 1468 distincta
1033 1412 1179 1465 notio
1213 1410 1361 1464 circa
1397 1408 1639 1462 divinam
1667 1414 1918 1459 naturam
1953 1419 2127 1472 quan-

556 1506 727 1559 litatis
775 1511 1073 1573 expertem,
1124 1508 1176 1557 et
1208 1500 1549 1554 dimensione
1584 1505 1863 1551 carentem
1912 1494 2117 1548 intelli-

555 1606 733 1667 gatur,
775 1611 998 1651 necesse
1040 1602 1124 1650 est
1168 1594 1392 1647 omnino
1433 1591 1814 1645 adverbiorum
1862 1599 2126 1655 tempora-

559 1688 688 1741 lium
719 1686 1151 1757 signiﬁcationes
1176 1684 1358 1752 jacere
1390 1681 1597 1735 otiosas
1626 1689 1680 1732 et
1707 1683 1916 1732 inanes.
1944 1676 2124 1742 Quare

556 1750 819 1834 creatura:
851 1777 1069 1847 quidem
1102 1750 1401 1843 temporale
1435 1772 1783 1841 principium,
1828 1778 1885 1821 ut
1923 1769 2124 1837 placuit
2157 1750 2196 1804 Β

558 1871 840 1939 sapientize
866 1869 985 1937 ejus
1015 1866 1107 1936 qui
1136 1865 1318 1919 omnia
1360 1862 1509 1925 fecit,
1541 1861 1726 1916 datum
1769 1876 1888 1913 esse
1920 1859 2122 1919 dicere,

559 1979 671 2017 non
718 1969 871 2016 extra
903 1954 1431 2013 verisimilitudinem
1465 1961 1567 2008 est.
1620 1951 1725 2005 Sed
1778 1952 1947 2020 ipsam
1989 1950 2126 2003 divi-

558 2071 684 2109 nam
748 2062 999 2108 naturam
1057 2050 1111 2104 in
1174 2048 1358 2118 aliqua
1412 2047 1731 2101 extensione
1787 2043 2127 2097 intervallata

560 2145 850 2215 speculari,
898 2156 1083 2196 eorum
1135 2145 1345 2191 tantum
1390 2146 1473 2190 est
1515 2135 1606 2203 qui
1673 2150 1867 2186 novam
1914 2133 2129 2202 sapien-

559 2237 691 2289 tiam
734 2233 909 2289 edocti
954 2240 1099 2285 sunt.
1149 2228 1319 2293 Quale
1346 2227 1487 2280 enim
1532 2233 1584 2279 et
1618 2225 1747 2279 illud
1782 2225 1924 2295 quod
1969 2224 2129 2278 dictis

562 2324 867 2395 appositum
909 2330 991 2376 est
1025 2328 1217 2389 sponte
1260 2326 1678 2389 prtetergressns
1708 2332 1849 2378 sum,
1886 2315 1949 2367 ad
2000 2307 2129 2384 pru-

562 2413 796 2482 positum
836 2409 1123 2470 festinans,
1154 2408 1298 2477 quod
1329 2422 1474 2460 nunc
1506 2406 1571 2459 ad
1606 2404 2128 2459 demonstrationem

565 2502 799 2556 solertia:
828 2498 1115 2568 scriptoris
1147 2505 1395 2566 repetens
1425 2496 1693 2550 recitabo.

639 2591 1101 2646 Eminentissimus
1134 2590 1273 2642 enim
1301 2590 1407 2657 ipse
1441 2588 1578 2641 Deus
1600 2595 1720 2640 ante
1753 2586 1862 2638 alia
1888 2599 2133 2654 qua’cun-

571 2700 670 2756 que
699 2693 821 2738 sunt
849 2683 1046 2753 genita.
1081 2681 1277 2749 inquit,
1307 2680 1389 2733 sui
1426 2679 1587 2748 ipsius
1616 2678 1921 2730 dominatur
1952 2684 2134 2742 poten-

570 2777 683 2829 titv.
720 2773 910 2827 Sermo
943 2771 1161 2839 quidem
1195 2768 1259 2821 ad
1298 2770 1516 2822 verbum
1552 2781 1616 2820 ex
1648 2764 1875 2819 Philone
1911 2763 2136 2819 Hebraeo

569 2866 867 2923 translatus
901 2871 984 2918 est
1012 2877 1041 2914 a
1074 2862 1343 2929 scriptore
1412 2860 1466 2912 in
1498 2859 1778 2928 proprium
1807 2872 2134 2912 sermonem.

573 2958 635 3011 Et
656 2957 742 3011 cui
773 2954 925 3009 cordi
951 2960 1053 3013 est,
1094 2968 1159 3006 ex
1192 2952 1326 3021 ipsis
1361 2949 1599 3003 Philonis
1628 2950 1888 3019 operibus
1921 2947 2126 3001 furtum

576 3047 824 3102 Enuomii
856 3042 1205 3099 manifestum
1237 3041 1345 3095 lict.
1378 3041 1488 3111 Ego
1516 3049 1692 3094 autem
1727 3040 1830 3094 hoc
1871 3040 2052 3094 notavi
2083 3040 2135 3093 in

572 3151 834 3205 prmscns,
879 3149 985 3187 non
1026 3132 1236 3185 tantum
1278 3138 1336 3183 ttt
1365 3130 1654 3184 verborum
1694 3130 2040 3199 propriorum
2084 3135 2137 3181 et

572 3227 857 3283 notionum
885 3224 1168 3295 penuriam
1194 3222 1447 3292 s:-riptori
1480 3222 1680 3291 probro
1708 3231 1934 3276 vertam.
1962 3235 2138 3289 quan-

572 3326 688 3370 tum
740 3314 1045 3383 legentibus
1088 3312 1377 3366 ostendere
1422 3311 1583 3379 cupio
1623 3310 1875 3364 Eunomii
1915 3311 2140 3381 dogma-

575 3416 688 3460 tnm
735 3420 857 3457 eum
888 3399 1200 3457 Iudaeorum
1248 3402 1594 3456 sermonibus
1640 3400 1981 3467 afﬁnitatem;
2029 3418 2137 3457 non

573 3499 719 3554 enim
768 3498 888 3566 ejus
937 3496 1113 3551 oratio
1163 3496 1480 3550 notionibns
1515 3495 1761 3552 Philonis
1796 3496 1860 3549 ad
1912 3496 2137 3551 verbum

561 3588 940 3669 congruisset,
970 3585 1075 3639 nisi
1114 3585 1360 3655 quaedam
1408 3595 1551 3640 esset
1580 3587 1745 3640 etiam
1774 3586 2142 3656 intelligentia:

577 3678 741 3747 hujus
775 3693 899 3731 cum
936 3676 1031 3731 illo
1064 3677 1315 3754 cognatio
1344 3687 1398 3731 et
1438 3678 1695 3733 societas.
1729 3676 1821 3731 Sic
1860 3679 2005 3732 enim
2032 3692 2142 3731 ser-

577 3786 791 3825 monem
848 3769 1092 3824 invenire
1144 3768 1270 3823 licet
1338 3770 1573 3840 positum
1629 3768 1773 3839 apud
1832 3768 2139 3825 Hebraeum:

577 3862 717 3918 Deus
753 3872 873 3917 ante
917 3861 1027 3916 alia
1065 3876 1381 3933 quwcunque
1415 3862 1608 3931 genita.
1641 3861 1796 3925 Quod
1839 3868 2019 3913 autem
2051 3874 2141 3913 se-

576 3954 764 4022 quitur
822 3969 886 4008 ex
937 3967 1142 4021 nupera
1192 3950 1501 4005 Judzeorum
1546 3951 1794 4005 doctrina
1841 3950 2141 4019 projectum

576 4049 683 4105 est,
712 4043 1159 4116 nentpemropriaa
1187 4043 1495 4097 dominatur
1521 4042 1786 4111 potentiae.
1818 4039 1934 4094 Hoc
1962 4047 2141 4092 autem

577 4143 834 4203 quantam
863 4134 1253 4188 absurditatem
1277 4133 1461 4196 habet,
1492 4143 1677 4202 aperte
1698 4130 1945 4186 ostendet
1966 4145 2143 4185 sermo

579 4241 703 4279 eum
733 4225 1015 4279 discussus
1039 4224 1220 4279 fuerit.
1251 4224 1415 4287 Deus,
1448 4225 1543 4287 ait,
1574 4225 1799 4293 propria
1838 4223 2144 4276 dominatur

584 4318 847 4382 patentius.
898 4315 995 4370 Dic
1035 4317 1166 4371 mihi
1199 4318 1325 4388 quid
1357 4316 1629 4371 exsistens
1672 4315 1760 4369 cui
1794 4314 2146 4369 dominatur?

2220 503 2314 573 τὴν
2347 505 2535 575 ξηρὰν,
2573 506 2694 558 τότε
2718 507 2785 558 τά
2828 507 2990 559 ὕδατα
3027 511 3138 570 τοῖς
3170 508 3371 570 κοίλοις
3401 507 3795 575 ὲγκατέκλεισε

2219 593 2446 663 χώροις·
2495 595 2614 647 τότε
2661 598 2751 650 καὶ
2799 596 3175 667 βλαστήματα,
3222 597 3341 650 τότε
3388 598 3613 668 καρποὶ,
3668 599 3795 652 τότε

2221 683 2372 748 ζώων
2406 685 2636 752 γένεσις,
2686 686 2805 739 τότε
2861 687 3143 757 ἀνθρώπου
3184 687 3407 750 πλάσις·
3454 689 3544 740 ὅτε
3581 687 3798 740 τούτων

2220 776 2446 830 ἕκαστον
2467 777 2718 849 εὔκαιρον
2751 777 2924 831 ἐδόκει
2958 781 3023 848 τῇ
3065 779 3227 846 σοφία
3255 777 3347 831 τοῦ
3379 778 3686 839 κτίσαντος.
3737 781 3799 832 '0

2220 869 2276 921 δὲ
2304 869 2372 922 τὰ
2402 869 2575 922 πάντα
2607 872 2829 939 ποιήσας
2861 868 3042 937 (πάλιν
3074 868 3182 939 γὰρ
3210 866 3301 920 τὸν
3327 867 3492 920 αὑτὸν
3523 869 3798 937 ἐπαναλή-

2221 962 2392 1030 ψομαι
2436 960 2613 1028 λόγον)
2650 962 2678 1013 6
2730 962 3017 1034 μονογενής
3059 961 3173 1013 ἐστι
3217 959 3367 1022 Θεὸς,
3395 959 3564 1020 ότοὺς
3592 959 3801 1021 αἰῶνας

2224 1053 2475 1122 ποιήσας,
2505 1051 2594 1105 τοῦ
2618 1050 2722 1123 γὰρ
2742 1052 2836 1104 τοῦ
2882 1052 3248 1121 διαστήματος
3280 1052 3388 1103 τῶν
3413 1049 3630 1102 αἰώνων
3664 1067 3801 1120 προο

2224 1143 2531 1213 καταϐεϐλη
2540 1143 2698 1213 μένου
2719 1143 2825 1195 τῶν
2849 1143 3037 1205 ὅντων,
3060 1143 3120 1194 οὐ
3148 1142 3335 1212 καιρός
3357 1145 3504 1194 ἐστιν
3532 1143 3709 1194 εἰπεῖν
3739 1143 3802 1193 τὸ

2224 1235 2470 1308 χρονικδν
2522 1234 2677 1287 τοῦτο
2722 1234 3026 1305 ἐπίρρημα,
3077 1234 3159 1286 δτι
3203 1233 3323 1286 τότε
3373 1233 3641 1304 ὲῦουλῄθη
3701 1236 3801 1286 καὶ

2223 1330 2344 1380 τότε
2367 1325 2636 1395 ἐποίησεν.
2674 1325 2874 1385 Αἰῶνος
2913 1324 2970 1375 δὲ
2999 1325 3097 1376 οὐκ
3126 1324 3298 1386 ὄντος,
3331 1324 3450 1376 οὺδέ
3494 1340 3641 1387 τινος
3679 1325 3803 1376 δια-

2228 1416 2565 1488 στηματικῆς
2586 1416 2790 1478 ἑννοίας
2817 1417 2941 1486 περὶ
2984 1415 3078 1485 τὴν
3107 1415 3253 1467 θείαν
3284 1416 3443 1483 φύσιν
3468 1416 3568 1485 τὴν
3589 1417 3802 1470 ἄποσόν

2224 1525 2283 1560 τε
2345 1508 2437 1560 καὶ⁵
2494 1506 2809 1560 ἀδιάστατον
2868 1505 3275 1576 θεωρουμένης·
3330 1507 3520 1575 ἀργεῖν
3580 1507 3805 1576 ἀνάγκη

2227 1600 2442 1660 πάντως
2481 1597 2576 1658 τὰς
2609 1598 2714 1650 τῶν
2756 1597 3020 1667 χρονικῶν
3068 1598 3456 1667 ἐπιρρημάτων
3501 1596 3804 1667 ἐμφάσεις.

2230 1674 2390 1741 Ὥστε
2423 1692 2485 1759 τῇ
2543 1689 2639 1757 μὲν
2685 1688 2853 1740 κτίσει
2891 1687 2987 1758 τὴν
3035 1687 3288 1757 χρονικὴν
3335 1688 3508 1759 ἀρχὴν
3553 1689 3700 1741 κατὰ
3740 1687 3806 1741 τὸ

2226 1781 2427 1851 ἀρέσαν
2455 1783 2519 1849 τῇ
2549 1779 2709 1849 σοφίᾳ
2740 1779 2832 1831 τοῦ
2861 1782 2928 1833 τὰ
2963 1781 3137 1833 πάντα
3168 1781 3526 1850 πεποιηκότος
3545 1780 3807 1834 δεδόσθαι

2227 1871 2422 1937 λέγειν,
2470 1870 2569 1922 οὐκ
2614 1870 2717 1933 ἔξω
2756 1870 2848 1923 τοῦ
2893 1872 3099 1933 εἰκότος
3142 1872 3308 1925 ἐστίν.
3362 1872 3540 1942 Αὐτὴν
3592 1873 3648 1926 δὲ

2228 1962 2375 2014 Θείαν
2403 1962 2561 2031 φύσιν
2585 1964 2639 2014 ἐν
2675 1963 2977 2032 παρατάσει
3000 1963 3102 2015 τινὶ
3123 1963 3520 2034 διαστηματικῇ
3543 1963 3801 2034 θεωρεῖν,

2232 2054 2404 2122 μόνων
2448 2053 2554 2106 τῶν
2588 2053 2684 2123 τὴν
2729 2054 2853 2106 νέαν
2901 2055 3091 2123 σοφίαν
3137 2055 3584 2124 πεπαιδευμένων
3626 2056 3803 2110 ἐστίν.

2229 2140 2352 2198 Οἶον
2390 2145 2497 2214 γὰρ
2544 2147 2763 2199 κάκεῖνο
2793 2148 2902 2209 τοῖς
2946 2146 3255 2215 εἰρημένοις
3283 2147 3599 2218 ἐγκείμενον
3626 2151 3811 2220 {imp-

2230 2237 2360 2305 έϐην
2391 2237 2550 2302 ἑκὼν,
2591 2237 2725 2308 πρὸς
2758 2238 2818 2290 τὸ
2849 2238 3205 2307 προκείμενον
3239 2239 3502 2303 σπεύδων,
3533 2239 3561 2293 ὃ
3600 2239 3689 2292 θῦν
3723 2243 3809 2304 εἰς

2232 2326 2500 2390 ἀπόδειξιν
2548 2328 2646 2397 τῆς
2687 2328 2959 2397 ἀγχινοίας
3005 2327 3098 2381 τοῦ
3144 2328 3483 2400 λογογράφου
3527 2332 3814 2387 ἐπαναλα·

2233 2415 2341 2469 ϐίον
2370 2416 2770 2486 ἀναγνώσομαι.

2316 2592 2377 2643 Ὀ
2410 2590 2515 2658 γὰρ
2554 2590 2918 2659 ἐξοχώτατος
2965 2589 3146 2655 αὐτὸς
3191 2590 3327 2656 Θεὸς
3369 2589 3484 2657 πρὸ
3533 2587 3646 2643 τῶν
3706 2590 3825 2644 ἄιτ-

2233 2682 2376 2739 λων,
2408 2678 2588 2748 φησιν,
2621 2678 2736 2729 ὅσα
2774 2678 3049 2746 rer-rma,
3090 2674 3200 2742 τῆς
3234 2675 3424 2742 αὐτῆς
3456 2673 3660 2742 κρατεῖ
3697 2674 3817 2725 δι·-

2234 2768 2479 2836 νάμεως.
2546 2767 2602 2820 '0
2654 2768 2751 2836 μὲν
2796 2767 2949 2833 λόγος
2992 2766 3077 2819 ἐπ’
3121 2764 3291 2833 αὐτῆς
3319 2764 3415 2832 τῆς
3452 2762 3641 2826 λέξεως
3699 2762 3821 2812 ἀπὺ

2236 2856 2328 2909 τοῦ
2377 2856 2607 2917 Φίλωνος
2646 2854 2739 2907 τοῦ
2798 2854 3045 2925 Ἐϐραίου
3097 2855 3479 2925 μετενήνεκται
3525 2852 3679 2922 παρᾶ
3713 2851 3819 2904 τοὺ

2237 2950 2573 3017 λογογράφου
2604 2948 2696 3001 ἐπὶ
2728 2947 2817 2999 τὸν
2863 2948 2989 3000 ἴδιον
3018 2946 3189 3014 λόγον.
3235 2946 3344 2998 Καὶ
3388 2945 3491 3013 ὅτῳ
3530 2944 3709 3012 φίλον,
3758 2944 3822 3007 ἐξ

2240 3044 2416 3097 αὐτῶν
2457 3043 2564 3094 τῶν
2608 3040 2999 3112 πεπονημένων
3039 3038 3117 3110 τῷ
3154 3038 3345 3092 Φίλωνι
3404 3039 3739 3107 κατάφωρος
3783 3040 3819 3107 ἡ

2242 3134 2414 3205 κλοπὴ
2442 3135 2535 3187 τοῦ
2583 3132 2845 3201 Εὑνομίου
2875 3133 3181 3199 γενήσεται.
3228 3128 3368 3197 Ἐγὼ
3392 3130 3449 3183 δὲ
3480 3129 3635 3182 τοῦτο
3664 3148 3823 3200 παρα

2240 3225 2598 3295 εσημηνὰμην
2654 3224 2744 3276 ἐπὶ
2799 3222 2893 3275 τοῦ
2960 3224 3245 3293 παρόντος,
3294 3222 3355 3275 οὺ
3410 3220 3662 3274 τοσοῦτον
3715 3224 3821 3295 τὴν

2240 3316 2512 3385 πτωχείαν
2539 3314 2645 3369 τῶν
2681 3315 2821 3367 ίδῖων
2849 3314 3019 3381 λόγων
3052 3330 3109 3365 τε
3157 3312 3249 3365 καὶ
3282 3313 3565 3382 νοημάτων
3609 3313 3692 3382 τῷ
3721 3314 3815 3366 λο-

2238 3406 2498 3476 γογράφῳ
2525 3405 2881 3469 ὲπονειδίζων,
2911 3406 3032 3457 ὅσον
3059 3403 3225 3468 δεῖξαι
3264 3406 3377 3465 τοίς
3424 3404 3819 3473 ἐντυγχάνουσι

2240 3496 2406 3549 θέλων
2455 3496 2550 3565 τὴν
2600 3496 2903 3564 οἰκειότητα
2953 3493 3087 3564 πρὸς
3122 3495 3248 3557 τοὺς
3309 3493 3573 3547 Ἰουδαίων
3617 3494 3815 3562 λόγους

2239 3586 2344 3640 τῶν
2394 3586 2656 3654 Εὑνομίου
2686 3586 2987 3657 δογμάτων.
3038 3587 3110 3638 Οὐ
3144 3586 3250 3656 γὰρ
3279 3584 3343 3638 ἂν
3377 3587 3462 3638 ἐπ’
3496 3585 3665 3653 αὐτῆς
3710 3587 3814 3657 τῆς

2240 3680 2435 3745 λέξεως
2468 3682 2576 3742 τοῖς
2630 3678 2818 3732 τούτου
2866 3680 3126 3748 νοήμασιν
3163 3677 3190 3728 6
3235 3676 3330 3729 τοῦ
3369 3677 3600 3740 Φίλωνος
3649 3679 3813 3749 ἐνηρ-

2246 3772 2417 3844 μόσθη
2450 3770 2625 3838 λόγος,
2657 3772 2704 3821 εἰ
2753 3771 2823 3840 μή
2869 3787 2950 3831 τις
2992 3765 3059 3839 ἦν
3098 3768 3189 3821 καὶ
3218 3768 3316 3838 τῆς
3351 3768 3585 3828 διανοίας
3620 3768 3811 3821 τούτου

2243 3865 2377 3936 πρὸς
2408 3863 2503 3935 τὴν
2534 3861 2739 3915 ἐκείνου
2773 3860 3077 3928 συγγένεια.
3110 3859 3265 3913 Οὕτω
3293 3860 3402 3931 γὰρ
3440 3860 3587 3912 ἐστιν
3630 3862 3811 3931 εὑρεῖν

2244 3956 2491 4024 κείμενον
2530 3954 2680 4024 παρὰ
2709 3952 2783 4022 τῷ
2823 3952 3055 4023 Ἑϐραίῳ
3089 3952 3177 4004 τὸν
3208 3952 3365 4019 λόγον
3388 3969 3402 3981 ·
3438 3952 3517 4016 τὸ,
3567 3954 3622 4003 Ὁ
3666 3954 3811 4018 Θεέ(

2243 4044 2355 4112 πρὸ
2403 4042 2521 4096 τῶν
2565 4042 2767 4096 ἄλλων
2814 4042 2929 4096 ὅσα
2986 4041 3255 4111 γεννητά.
3306 4041 3380 4092 Τὸ
3424 4041 3480 4094 δὲ
3514 4042 3717 4112 ἑφεξῆς
3750 4046 3814 4095 ἐκ

2242 4137 2339 4205 τῆς
2373 4135 2497 4196 νέας
2537 4133 2826 4201 Ἰουδαϊκῆς
2848 4135 2864 4155 ‘
2883 4134 3241 4206 προσερρίφη·
3269 4133 3350 4198 τὸ,
3387 4132 3501 4201 Τῆς
3530 4132 3689 4198 ιδίας
3717 4149 3816 4186 κα-

2242 4226 2523 4295 τακρατεῖ
2560 4225 2882 4293 δυνάμεως.
2932 4224 3099 4275 Τοῦτο
3149 4223 3205 4273 δὲ
3258 4224 3392 4291 ὅσην
3439 4221 3534 4292 τὴν
3583 4223 3815 4276 ἀτοπίαν

2245 4320 2376 4389 ἔχει,
2411 4317 2567 4383 δείξει
2613 4316 2794 4382 σαιξῶς
2839 4317 2866 4366 6
2904 4314 3057 4381 λόγος
3103 4313 3500 4381 ἐξεταζόμενος.
3561 4309 3820 4373 Ὀθεὸς,

581 4423 646 4461 an
699 4407 844 4462 aliud
903 4407 1035 4476 quid
1078 4416 1272 4476 praeter
1320 4409 1617 4476 potentiam
1668 4407 1788 4475 ipse
1840 4404 2136 4471 exsistens,

2250 4411 2401 4481 φησὶ,
2430 4409 2635 4479 κρατεῖ
2652 4406 3268 4476 τῆςὶδίαςδυνὰμεως.
3305 4404 3370 4456 Τί
3402 4403 3496 4467 ὣν,
3537 4402 3661 4455 εἱπέ
3704 4420 3819 4470 μοι,

584 4501 814 4569 prepriae
834 4498 1145 4553 dominatur
1174 4497 1449 4566 potentias,
1479 4512 1600 4565 quae
1632 4495 1849 4564 quidem
1896 4498 1967 4549 sit
1999 4494 2145 4548 aliud

580 4590 709 4662 quid
746 4607 906 4661 quam
930 4588 1074 4659 quod
1121 4590 1235 4658 ipse
1267 4587 1388 4641 est?
1414 4585 1557 4654 Ergo
1591 4586 1659 4637 ab
1691 4587 2007 4654 impotentia
2050 4601 2147 4639 su-

584 4690 803 4750 peratur
830 4681 1092 4749 potentia.
1128 4675 1281 4742 Quod
1314 4676 1457 4727 enim
1492 4672 1639 4725 aliud
1679 4672 1808 4741 quid
1839 4682 1919 4726 est
1952 4680 2148 4740 praeter

585 4772 903 4842 potentiam,
953 4786 1058 4824 non
1089 4778 1172 4824 est
1213 4769 1428 4838 penitus
1462 4765 1729 4836 putentia.
1777 4762 1843 4815 Et
1882 4765 1961 4817 sic
1994 4764 2147 4816 inve-

583 4865 730 4919 nitur
772 4872 1040 4932 quatenus
1093 4876 1202 4915 non
1245 4868 1328 4912 est
1370 4859 1631 4927 potentia,
1679 4855 1976 4909 secundum
2016 4854 2147 4909 illud

584 4955 836 5026 potentia:
877 4954 1173 5008 dominari.
1224 4949 1327 5004 Sed
1385 4932 1526 5002 Deus
1580 4963 1703 5001 cum
1764 4946 1836 5001 sit
1882 4948 2145 5017 potentia,

585 5062 775 5101 rursus
814 5045 975 5099 aliam
1026 5044 1079 5096 in
1116 5044 1297 5110 seipse
1332 5040 1627 5110 potentiam
1674 5037 1916 5100 haberet,
1971 5044 2023 5091 et
2054 5052 2151 5106 per

585 5140 724 5192 hanc
758 5136 912 5191 alteri
947 5134 1278 5189 dominatur.
1311 5131 1375 5184 Et
1407 5145 1527 5200 quae
1560 5143 1739 5199 pugna
1772 5136 1824 5182 et
1854 5127 2148 5194 dissensio,

585 5236 644 5281 ut
680 5227 819 5282 Deus
860 5227 912 5280 in
959 5226 1138 5293 seipse
1180 5224 1530 5277 exsistentem
1574 5217 1945 5273 fortitudinem
1982 5217 2151 5287 parti-

585 5329 694 5385 tus,
747 5334 856 5371 uno
910 5325 1189 5387 segmento
1230 5313 1485 5384 potentiae
1537 5311 1768 5364 alterum
1815 5309 2151 5380 prosternat?

587 5408 700 5462 Non
733 5410 874 5463 enim
910 5409 963 5462 in
992 5408 1173 5477 seipse
1206 5408 1461 5460 retineret
1490 5404 1807 5475 potentiam,
1843 5400 1949 5455 nisi
1979 5400 2152 5469 major

588 5500 766 5568 aliqua
815 5507 868 5552 et
923 5500 1211 5554 violentior
1258 5497 1496 5568 potentia
1550 5510 1674 5549 cum
1726 5494 1844 5563 ipso
1890 5492 2151 5545 adversus

590 5592 691 5640 hoc
731 5590 1095 5655 prmliaretur.
1151 5588 1299 5643 Talis
1340 5586 1585 5641 Eunomii
1629 5587 1770 5638 Deus
1819 5583 2004 5636 nescio
2032 5582 2151 5650 quis

594 5677 839 5732 biformis
862 5678 976 5733 sive
1015 5678 1247 5751 duplicis
1276 5689 1503 5742 natura',
1546 5676 1631 5729 vel
1662 5675 1889 5729 mullum
1929 5690 2144 5743 (0³³³1³0-

2247 4503 2387 4562 tivo;
2418 4501 2637 4569 κρατεί;
2686 4496 2846 4549 "Alio
2874 4514 2923 4548 τι
2958 4494 3106 4563 παρᾶ
3137 4493 3232 4564 τὴν
3271 4492 3496 4561 δύναμιν
3529 4492 3609 4544 ὢν
3632 4493 3817 4553 circa;

2246 4592 2371 4644 ἄλλο
2426 4609 2476 4644 τι
2538 4591 2702 4658 οὔσης
2760 4589 3093 4656 κατακρατεῖ
3155 4586 3250 4655 τῆς
3307 4586 3442 4647 ἰδίας
3496 4584 3818 4652 δυνάμεως

2248 4682 2453 4735 Οὐκοῦν
2490 4683 2715 4752 ἡττᾶται
2761 4680 2859 4750 τῆς
2892 4679 3187 4748 ἀδυναμίας
3236 4680 3267 4747 ή
3313 4678 3563 4745 δύναμις.
3604 4675 3678 4727 Ἰὸ
3712 4678 3821 4743 γὰρ

2249 4772 2375 4827 ἄλλο
2417 4791 2466 4825 τι
2500 4772 2647 4844 παρὰ
2688 4770 2782 4842 τὴν
2804 4771 3038 4839 δύναμιν
3085 4769 3163 4830 ὃν,
3209 4768 3432 4837 δύναμις
3470 4767 3689 4828 πάντως
3722 4767 3821 4819 οὐκ

2249 4860 2413 4913 ἔστιν.
2472 4861 2580 4913 Καὶ
2636 4858 2807 4920 οὕτως
2869 4858 3175 4928 εὑρίσκεται
3238 4855 3370 4909 καθὸ
3435 4855 3666 4924 δύναμις
3722 4856 3822 4907 οὐκ

2248 4951 2414 5015 ἔστιν,
2451 4951 2567 5003 κατ’
2607 4953 2781 5004 ἐκεῖνο
2813 4950 3026 5022 κρατῶν
3063 4950 3162 5019 τῆς
3192 4947 3490 5018 δυνάμεως.
3536 4948 3705 4999 Ἀλλὰ
3735 4949 3823 5000 δύο

2250 5060 2411 5112 ναμις
2455 5042 2528 5094 ὢν
2573 5043 2600 5093 6
2648 5042 2796 5107 Θεὸς,
2852 5041 3009 5095 πάλιν
3059 5041 3223 5111 ἄλλην
3271 5041 3327 5093 ὲν
3378 5038 3553 5107 ἑαυτῷ
3593 5037 3823 5110 δύναμιν

2251 5134 2383 5204 ἔχοι,
2437 5133 2529 5185 καὶ
2560 5132 2731 5203 ταύτῃ
2778 5135 3109 5201 κατακρατεῖ
3147 5132 3244 5201 τῆς
3280 5130 3491 5198 ἐτέρας.
3524 5130 3636 5182 Καὶ
3668 5129 3757 5192 τίς
3790 5133 3820 5198 ἠ

2254 5221 2400 5291 μάχη
2446 5220 2540 5271 καὶ
2590 5221 2622 5289 ἡ
2673 5212 2969 5283 διάστασις,
3018 5219 3158 5273 ὥστε
3214 5220 3510 5291 μερίσαντα
3548 5218 3642 5270 τὸν
3692 5218 3824 5271 Θεὸν

2248 5313 2346 5383 τὴν
2408 5314 2813 5383 ἐνυπάρχουσαν
2864 5314 3015 5384 ἰσχὺν
3065 5313 3262 5383 ἑαυτῷ,
3314 5311 3393 5382 τῷ
3440 5312 3522 5365 ἑνὶ
3575 5312 3827 5382 τμήματι

2250 5405 2346 5471 τῆς
2383 5403 2659 5472 δυνάμεως
2708 5405 3098 5460 καταπαλαίειν
3132 5404 3193 5457 τὸ
3239 5404 3445 5479 ἓτερον;
3495 5402 3571 5455 Οὐ
3612 5402 3729 5472 γὰρ
3763 5401 3829 5454 ἂν

2254 5495 2539 5565 κρατήσειε
2593 5496 2690 5565 τῆς
2734 5496 3013 5565 δυνάμεως
3049 5494 3249 5565 ἑαυτῷ,
3304 5494 3379 5565 μὴ
3432 5495 3847 5564 συμμαχούσης⁴

2252 5583 2397 5654 αὐτῴ
2432 5585 2564 5654 πρὶς
2597 5585 2751 5638 τοῦτο
2779 5587 3019 5654 μείζονός
3040 5604 3182 5647 τινος
3214 5588 3301 5638 καὶ
3332 5583 3641 5654 βιαιοτέρας
3669 5584 3831 5637 δυνὰ⁹

2256 5691 2416 5744 μεως.
2450 5675 2697 5739 Τοιοῦτος
2722 5678 2747 5726 ὁ
2783 5676 3044 5747 Εὑνομὲου
3076 5677 3227 5740 Θ;ὸς,
3256 5676 3448 5746 διφυὴς
3490 5692 3572 5739 τις
3609 5673 3832 5747 ﬁten-
