4002 6218
195 319 288 374 303

1310 320 1585 376 CONTRA
1633 321 2021 389 EUNORHCM,
2067 322 2190 376 [ΑΒ.
2238 322 2323 377 IX.

3340 320 3442 378 8M

192 436 459 501 σύνθετος,
481 432 643 499 αὐτὸς
668 436 802 507 πρὸς
828 437 1020 492 ἑαυτὸν
1048 441 1424 512 μεριζόμενος,
1443 440 1770 511 ἀσύμφωνον

1883 441 2035 502 situs,
2102 440 2219 508 ipse
2274 452 2461 492 secum
2510 436 2564 490 in
2618 446 2799 507 partes
2856 437 3087 501 divisus,
3139 436 3446 492 discordem

191 524 324 591 ἔχων
348 527 415 596 τῇ
440 524 667 593 δυνάμει
684 525 781 595 τὴν
795 526 1022 599 δύναμιν
1042 546 1056 560 θ
1082 531 1159 592 ὡς
1178 530 1349 602 ταύτῃ
1371 531 1467 601 μὲν
1485 531 1621 602 πρὸς
1646 532 1773 584 ἀτα-

193 615 301 679 ξίαν
331 614 683 686 ἐκφέρεσθαι,
719 620 783 687 τῇ
817 617 872 670 δὲ
908 620 1072 692 ἑτέρᾳ
1109 622 1335 676 κωλύειν
1362 623 1423 675 τὸ
1458 621 1773 693 πλημμελὲς

192 706 286 775 τῆς
302 707 590 777 κινήσεως.
613 708 676 759 Τί
695 707 750 761 δὲ
782 709 873 761 καὶ
904 709 1224 783 βουλόμενος
1241 716 1434 784 κρατεῖ
1460 714 1595 783 πρὸς
1621 712 1773 781 γένεο

196 814 271 849 σιν
289 796 551 868 ὁρμῶσαν
580 797 677 867 τὴν
707 798 957 869 δύναμιν,
977 804 1049 873 μή
1077 819 1127 856 τι
1150 803 1375 874 γένηται
1407 803 1576 857 κακὸν
1600 804 1663 856 ὲκ
1679 803 1771 856 τοῦ

194 887 265 957 μὴ
290 887 600 957 κωλυθῆναι
646 889 744 959 τὴν
779 890 1053 961 γέννησιν,
1089 894 1290 964 μᾶλλον
1339 893 1394 945 δὲ
1432 892 1536 964 πρὸ
1580 894 1772 945 τούτου

190 976 239 1029 τί
265 978 331 1047 τῇ
365 976 527 1043 φύσει
558 977 619 1029 τὸ
666 978 1035 1049 κρατούμενόν
1063 982 1660 1054 ἐπιννὲρμηνευσάτω.
1702 981 1775 1033 Τὸ

190 1067 297 1138 γὰρ
352 1067 665 1137 λεγόμενον,
721 1070 1029 1142 ὀρμητικήν
1077 1089 1200 1126 τινα
1252 1073 1345 1127 καὶ
1390 1072 1775 1145 προαιρετικὴν

190 1159 528 1211 ύπώείκνυσι
564 1159 801 1231 κίνησιν,
838 1163 919 1230 ἐφ’
956 1163 1154 1235 ἑαυτῆς
1186 1163 1493 1229 ἰδιαζόντως
1534 1166 1773 1237 θεωρου-

193 1244 386 1318 μένην·
412 1249 538 1304 ἄλλο
570 1251 680 1321 γάρ
705 1269 756 1304 τι
783 1251 844 1305 τὸ
882 1253 1136 1325 κρατοῦν,
1168 1256 1262 1309 καὶ
1289 1257 1474 1327 ἕτερον
1515 1254 1574 1320 ἐξ
1603 1257 1774 1325 ἀνάγ-

190 1356 291 1409 κης
347 1340 463 1392 ἐστὶ
511 1341 572 1394 τὸ
640 1342 1028 1414 κρατούμενον.
1085 1347 1294 1416 Κρατεί
1336 1347 1516 1400 τοίνυν
1565 1350 1594 1401 ὁ
1645 1347 1776 1410 Θεὸς

190 1432 286 1500 τῆς
324 1432 611 1502 δυνάμεώς
674 1452 727 1488 τι
763 1435 929 1507 οὔσης
996 1437 1452 1510 αύτοπροαιρέτου
1499 1440 1642 1503 τινὸς
1677 1439 1775 1508 φύ-

193 1540 347 1587 σεως,
384 1524 417 1595 ἦ
453 1526 580 1577 ἄλλο
611 1545 664 1580 τι
716 1528 868 1599 παρὰ
912 1529 1091 1595 τοῦτο,
1140 1531 1395 1603 ὁρμώσης
1441 1518 1576 1604 πρὸς
1629 1534 1779 1604 ἐνέρ-

197 1632 371 1682 γειαν,
404 1617 437 1686 ἢ
480 1618 844 1689 ἀτρεμούσης.
880 1622 939 1673 Εἰ
989 1622 1088 1693 μὲν
1129 1627 1236 1694 γὰρ
1267 1627 1492 1696 ἠρεμεῖν
1524 1626 1776 1679 ὑποτίθε-

192 1723 301 1769 ται,
335 1708 399 1760 τὸ
448 1710 718 1780 ἡσυχάζον
766 1712 859 1765 τοῦ
898 1714 1223 1786 κρατοῦντος
1253 1719 1353 1771 οὐκ
1385 1718 1676 1772 ἐπιδέεται.
1716 1720 1777 1772 El

1875 530 2082 585 habens
2143 529 2398 599 potentia:
2450 530 2769 598 potentiam,
2830 538 2889 584 ut
2937 531 3038 583 hac
3106 529 3325 598 quidem
3377 530 3451 583 ad

1874 620 2258 675 confusionem
2322 628 2375 673 et
2417 620 2877 674 inordinationem
2925 619 3215 684 efferatur,
3276 619 3447 688 altera

1873 727 2003 767 vero
2040 712 2326 781 prohibeat
2358 722 2538 767 motus
2578 726 2885 766 excessum.
2924 710 3062 776 Quid
3097 721 3275 763 autem
3302 709 3446 779 quod

1874 803 2064 857 volens
2099 803 2302 857 retinet
2352 803 2419 856 ad
2473 802 2879 873 generationem
2923 808 3296 871 erumpentem
3348 814 3448 870 po-

1876 894 2126 957 tentiam,
2161 910 2229 949 ne
2268 895 2398 965 quid
2437 897 2563 950 mali
2607 903 2867 950 nascatur
2909 909 2974 948 ex
3013 893 3117 945 hoc
3158 890 3300 961 quod
3339 905 3446 944 non

1877 986 2151 1055 prohibita
2184 989 2255 1041 sit
2294 990 2595 1059 generatio,
2630 989 2741 1042 imo
2770 1002 2900 1042 vero
2926 997 3051 1041 ante
3078 986 3182 1041 hoc
3213 984 3340 1055 quid
3378 984 3449 1038 sit

1875 1074 2023 1144 quod
2070 1082 2265 1129 natura
2307 1085 2527 1131 tenetur
2559 1078 2817 1147 explicet.
2872 1074 3027 1141 Quod
3062 1074 3207 1128 enim
3249 1073 3449 1127 dicitur

1878 1167 2245 1236 impultricem
2310 1169 2601 1239 quamdam
2674 1177 2728 1223 et
2790 1174 3143 1245 spontaneam
3208 1163 3451 1220 ostendit

1878 1259 2173 1313 motionem
2201 1276 2323 1330 qum
2349 1262 2401 1314 in
2437 1262 2613 1331 seipsa
2648 1260 2997 1329 peculiariter
3022 1257 3406 1311 consideretur
3433 1271 3447 1319 ;

1878 1348 2025 1403 aliud
2060 1349 2205 1403 enim
2241 1350 2372 1420 quid
2409 1350 2512 1404 hoc
2553 1351 2695 1420 quod
2737 1349 2954 1409 retinet.
2991 1357 3044 1402 et
3083 1348 3312 1401 alterum
3359 1359 3454 1399 ne-

1879 1439 2124 1494 cessario
2172 1440 2317 1509 quod
2370 1440 2656 1495 retinetur.
2703 1439 2917 1495 Retinet
2960 1440 3123 1509 igitur
3166 1437 3308 1492 Deus
3358 1450 3456 1506 po-

1882 1531 2106 1583 tentiam
2141 1547 2263 1601 quae
2293 1542 2373 1587 est
2408 1532 2611 1602 aliquid
2656 1534 2838 1586 liber-:2
2860 1542 2914 1587 et
2944 1547 3056 1587 sua:
3094 1530 3307 1600 spontis
3356 1544 3456 1581 na-

1879 1628 2034 1686 tura},
2080 1623 2162 1675 vel
2195 1639 2316 1693 qua:
2348 1623 2419 1679 sit
2454 1625 2601 1677 aliud
2646 1625 2776 1694 quid
2810 1634 3004 1693 prteter
3044 1623 3167 1688 hoc,
3209 1635 3330 1691 quae
3371 1619 3455 1673 νιιι

1880 1722 2005 1767 ruat
2048 1713 2114 1767 ad
2165 1722 2367 1781 actum,
2402 1716 2484 1770 vel
2534 1732 2656 1785 quae
2691 1717 2967 1785 quiescat;
3023 1715 3065 1769 si
3122 1714 3267 1767 enim
3300 1710 3456 1781 quie-

189 1800 247 1854 δὲ
272 1806 500 1873 κρατεῖν
530 1820 683 1874 φησι,
719 1805 961 1876 δηλονότι
997 1811 1317 1880 κινουμένου
1354 1827 1413 1863 τε
1441 1810 1534 1864 καὶ
1559 1810 1774 1882 ὁρμῶν-

1883 1821 2031 1861 scere
2072 1816 2432 1876 supponatur,
2470 1808 2882 1881 quodquietum
2913 1816 3127 1860 estnon
3165 1814 3284 1874 eget
3328 1801 3459 1856 reti-

190 1911 279 1957 τος
319 1898 533 1965 κρατεῖ.
578 1897 749 1951 Τοῦτο
796 1899 854 1953 δὲ
899 1900 1026 1954 ἄλλο
1080 1919 1132 1955 τι
1186 1905 1252 1974 τῇ
1304 1902 1460 1972 φύσει
1503 1905 1654 1974 παρὰ
1685 1904 1776 1956 τὸν

186 1987 591 2058 ἐπικρατοῦντα
631 1990 849 2055 πάντως
892 1994 1025 2064 ὲρεί.
1059 1994 1124 2046 Τί
1168 1990 1261 2047 οῦν
1309 1998 1436 2059 νοεῖ,
1470 1995 1643 2066 τούτῳ
1675 2012 1778 2064 φα-

1880 1906 2062 1951 nente.
2098 1896 2157 1951 Si
2198 1904 2379 1952 autem
2416 1898 2650 1952 retinere
2680 1898 2834 1963 dicit,
2868 1896 3119 1950 videlicet
3144 1895 3289 1967 quod
3335 1910 3456 1948 mo-

1877 1995 2037 2042 vetur
2066 1997 2119 2043 et
2150 1988 2279 2054 ruit,
2320 1995 2503 2055 tenet;
2539 1989 2639 2042 hoc
2674 1995 2855 2042 autem
2898 1989 3027 2058 quid
3064 1988 3209 2041 aliud
3259 1995 3455 2040 natura

186 2076 487 2145 νερωσάτω
509 2076 588 2147 τῷ
612 2078 786 2150 λόγῳ·
825 2080 954 2134 ἄλλο
986 2097 1037 2134 τι
1075 2083 1227 2153 παρά
1262 2082 1353 2136 τὸν
1381 2084 1513 2136 Θεὸν
1558 2086 1615 2137 ἐν
1646 2085 1778 2137 ὑπο-

1883 2093 2012 2147 [nam
2030 2080 2413 2152 illequiretinet
2431 2095 2658 2150 prorsus
2686 2079 2852 2135 dicet.
2885 2080 3025 2147 Quid
3058 2079 3228 2149 igitur
3258 2077 3455 2132 intelli-

188 2171 381 2223 στάσει
407 2169 801 2242 θεωρούμενον.
836 2174 944 2226 Καὶ
975 2173 1091 2238 πῶς
1110 2174 1176 2229 ἂν
1192 2176 1275 2245 εἴη
1299 2177 1356 2227 ἐν
1374 2176 1452 2246 τῷ
1470 2175 1588 2247 Θεῷ
1606 2177 1666 2230 τὸ
1687 2176 1782 2230 ἀλ-

185 2260 436 2329 λότριονς
480 2264 551 2315 Ἠ
598 2262 711 2327 ἕξιν
744 2264 869 2318 τινὰ
916 2266 1059 2319 κατά
1095 2266 1156 2319 τὸ
1192 2268 1561 2321 ἀνυπόστατον
1609 2271 1665 2322 ἐν
1711 2271 1776 2341 τῇ

184 2351 313 2424 θείᾳ
349 2352 510 2421 φύσει
545 2354 924 2428 θεωρουμένην
942 2357 965 2425 ς’
1007 2358 1147 2411 Ἀλλ’
1180 2360 1280 2413 οὐκ
1314 2360 1379 2414 ἂν
1428 2360 1570 2415 εἴποι
1600 2360 1775 2415 τοῦτο.

183 2445 265 2497 Τὸ
293 2445 407 2517 γὰρ
443 2446 518 2518 μὴ
562 2448 813 2517 ὑφεστὼς
859 2451 958 2505 οὐκ
1011 2450 1147 2517 ἔστι,
1196 2452 1257 2505 τὸ
1307 2452 1362 2505 δὲ
1410 2452 1485 2524 μὴ
1533 2453 1613 2517 ὃν,
1660 2453 1781 2507 οῦδὲ

185 2540 502 2607 κρατεῖται,
549 2537 674 2592 οὔτε
719 2538 958 2609 ἀφίεται.
991 2540 1087 2604 Τίς
1116 2536 1209 2595 οὖν
1238 2543 1270 2612 ἡ
1306 2543 1652 2614 κρατουμένη
1691 2542 1781 2595 δύ-

180 2645 357 2699 ναμις
407 2630 592 2701 ἐκείνη
642 2632 737 2684 καὶ
776 2630 1092 2703 κωλυομένη
1133 2634 1270 2705 πρὸς
1303 2633 1399 2705 τὴν
1452 2635 1587 2688 ἰδίαν
1626 2637 1780 2706 ἐνερ-

179 2719 338 2789 Ti”.
372 2720 477 2783 Et”;
511 2720 733 2791 ἔμελλεν
770 2723 799 2775 ὁ
827 2721 1015 2793 καιρὸς
1057 2722 1154 2793 τῆς
1197 2722 1290 2775 τοῦ
1324 2724 1556 2793 Χριστοῦ
1592 2714 1782 2793 γεννή-

178 2829 333 2875 σεως
382 2812 610 2876 ἐπιστὰς
659 2812 936 2866 ἀκώλυτον
984 2814 1200 2883 ἀφιέναι
1233 2813 1330 2885 τὴν
1372 2814 1599 2886 δύναμιν
1646 2816 1782 2886 πρὸς

173 2903 289 2975 τὴν
318 2903 469 2958 κατά
500 2903 663 2973 φύσιν
689 2904 972 2975 ἐνέργειαν
1002 2905 1284 2975 φέρεσθαι;
1324 2905 1420 2970 Τίς
1448 2907 1505 2959 δὲ
1534 2909 1567 2979 ὴ
1602 2909 1658 2961 ὲν
1702 2908 1782 2979 τῷ

174 2995 351 3066 μέσῳ
394 2997 493 3065 τῆς
539 2995 808 3065 ἀναϐολῆς
857 2997 1025 3059 αἰτία,
1061 2996 1126 3049 δι’
1171 2996 1237 3067 ἣν
1288 2998 1315 3051 ὁ
1367 2996 1501 3060 Θεὸς
1544 2998 1641 3069 τὴν
1686 2999 1779 3052 τοῦ

168 3087 538 3154 Ιῖονογενοῦς
576 3086 873 3157 ὑπερέθετο
923 3087 1176 3156 γέννησιν
1232 3086 1383 3140 οὔπω
1434 3088 1595 3142 καλὸν
1644 3083 1781 3143 εἶναι

165 3179 437 3249 οἰόμενος
466 3177 528 3230 τὸ
557 3178 812 3246 γενέσθαι
853 3180 1070 3250 Πατήρ;
1111 3179 1176 3231 Τί
1203 3180 1260 3232 δὲ
1293 3180 1353 3233 τὸ
1386 3180 1549 3250 μέσον
1571 3180 1728 3234 τοῦτο
1753 3180 1781 3234 ὃ

169 3271 403 3342 μεταξὺ
426 3270 538 3339 ’τῆς
569 3270 661 3324 τοῦ
690 3270 902 3341 Πατρὸς
933 3271 1028 3322 καὶ
1058 3269 1152 3323 τοῦ
1187 3270 1313 3323 Υίοῦ
1351 3270 1494 3341 ζωῆς
1525 3272 1781 3342 παρενεί⁹

182 3380 392 3433 petat;
439 3363 514 3416 Οὐ
561 3362 769 3433 χρόνος,
818 3362 878 3416 ού
926 3362 1107 3426 τόπος,
1155 3362 1215 3415 οῦ
1273 3362 1700 3433 διαστηματικόν
1732 3381 1781 3417 τι

166 3456 393 3527 νόημα,
448 3455 549 3508 οὐκ
596 3455 725 3509 ἀλλο
760 3454 999 3507 τοιοῦτον
1039 3454 1210 3508 οὐδέν.
1264 3454 1407 3525 Πρὸς
1441 3454 1492 3509 τί
1534 3456 1710 3508 τοίνυν
1755 3456 1782 3509 ὁ

166 3546 318 3612 ὀξὺς
361 3546 457 3598 καὶ
502 3545 807 3615 διορατικὸς
848 3544 1122 3615 ὀφθαλμὸς
1166 3544 1446 3608 ἀτενίζων,
1494 3546 1657 3618 ἐνορᾷ
1685 3546 1783 3616 τῆς

166 3639 339 3711 ζωῆς
376 3638 468 3691 τοῦ
506 3638 635 3692 Υίοῦ
670 3639 804 3708 πρὸς
835 3638 934 3708 τὴν
965 3636 1058 3690 τοῦ
1094 3636 1305 3708 Πατρὸς
1348 3636 1513 3708 ζωὴν,
1542 3637 1639 3709 τὴν
1669 3637 1784 3691 διά-

172 3748 423 3796 στασινς
502 3730 663 3784 Ἀλλά
717 3728 1054 3800 πανταχόθεν
1106 3728 1576 3799 συνελαυνόμενος,
1634 3730 1783 3784 οὐδὲν

168 3821 292 3892 μὲν
334 3814 481 3872 εἶναι
513 3820 576 3873 τὸ
625 3818 829 3891 μεταξὺ
875 3820 969 3873 καὶ
1001 3819 1165 3882 αὐτὸς
1210 3817 1270 3884 ἐξ
1314 3819 1559 3890 ἀνάγκης
1606 3820 1785 3874 συντί-

168 3913 377 3967 ὕεται.

255 4089 514 4160 Μηδενδς
587 4088 645 4142 δὲ
720 4087 870 4150 ὄντος
942 4086 1035 4139 τοῦ
1118 4086 1511 4158 μεσιτεύοντος,
1584 4087 1786 4159 ἄμεσον

1881 2172 1978 2243 git,
2006 2172 2113 2226 hoc
2143 2174 2399 2243 explanet
2423 2188 2715 2239 sermone;
2754 2174 2879 2245 quid
2916 2174 3060 2227 aliud
3083 2187 3248 2243 quam
3281 2171 3452 2226 Deum

1881 2262 1974 2331 qui
2023 2260 2076 2315 in
2113 2262 2393 2333 hypostasi
2445 2263 2709 2317 cernitur.
2736 2261 3022 2332 Quomodo
3072 2263 3125 2315 in
3160 2259 3272 2315 Deo
3323 2259 3456 2331 quid

1880 2352 1984 2405 erit
2037 2351 2316 2406 alienum?
2370 2368 2438 2407 an
2495 2352 2745 2408 habitum
2786 2353 3022 2422 aliquem
3053 2352 3355 2407 secundum
3405 2350 3457 2406 id

1882 2444 2028 2513 quod
2062 2445 2249 2515 nequit
2299 2444 2602 2500 subsistere
2648 2444 2704 2498 in
2747 2444 2934 2497 divina
2971 2452 3164 2495 natura
3209 2441 3462 2497 conside-

1882 2539 2108 2590 ratum?
2138 2537 2240 2595 Sed
2276 2551 2383 2590 non
2427 2536 2530 2590 hoc
2564 2535 2783 2590 dixerit.
2825 2534 2982 2601 Quod
3012 2534 3155 2588 enim
3193 2547 3298 2587 non
3328 2533 3461 2588 sub-

1884 2626 2051 2694 sistit,
2091 2641 2197 2681 uon
2236 2635 2340 2682 est.
2380 2626 2535 2693 Quod
2571 2637 2751 2682 autem
2787 2642 2893 2680 non
2949 2634 3055 2688 est,
3097 2640 3274 2694 neque
3307 2632 3457 2681 tene-

1892 2729 2003 2785 tur,
2022 2734 2200 2791 neque
2231 2719 2547 2774 dimittitur.
2587 2720 2717 2785 Quae
2750 2719 2916 2789 igitur
2946 2718 3186 2787 potentia
3219 2717 3308 2770 illa
3339 2731 3459 2787 qum

1886 2816 2105 2864 tenetur
2132 2818 2185 2862 et
2219 2823 2341 2878 qua:
2376 2808 2717 2878 prohibetur,
2759 2824 2826 2861 ne
2865 2806 2931 2860 ad
2971 2816 3154 2861 actum
3188 2815 3456 2876 erumpat,

1884 2898 2058 2953 donec
2086 2898 2457 2969 generationis
2486 2895 2689 2951 Christi
2727 2905 2942 2966 tempus
2972 2894 3162 2961 instet,
3188 2899 3243 2948 et
3272 2901 3461 2963 urgeat

1886 2990 2184 3060 potentiam
2233 2990 2462 3043 liberam
2518 2988 2854 3058 minimeque
2907 2984 3221 3056 impeditam
3276 2982 3457 3037 dimit-

1887 3090 2023 3144 tere,
2080 3092 2137 3135 ut
2184 3081 2252 3135 ad
2308 3079 2611 3135 naturalem
2647 3089 2829 3133 actum
2879 3076 3119 3133 teratur?
3145 3076 3278 3144 Quae
3329 3089 3462 3128 vero

1885 3173 2173 3243 interjecta
2207 3172 2491 3227 dilationis
2543 3185 2710 3226 causa
2746 3186 2843 3240 per
2871 3185 3033 3240 quam
3072 3168 3216 3223 Deus
3256 3165 3462 3236 Uuigc-

1884 3263 1985 3317 niti
2036 3263 2251 3317 distulit
2297 3263 2732 3335 generationem,
2786 3261 3029 3315 nondum
3074 3260 3283 3314 bonum
3338 3273 3463 3313 esse

1882 3362 2039 3409 ratus
2090 3354 2305 3408 Patrem
2348 3353 2507 3408 ﬁeri?
2550 3352 2836 3419 Quodnam
2886 3353 2991 3407 hoc
3038 3352 3278 3406 medium
3316 3351 3462 3406 inter

1884 3443 2063 3502 Patris
2110 3453 2163 3500 et
2206 3444 2330 3498 Filii
2377 3445 2542 3499 vitam
2585 3443 2887 3499 inseritur?
2923 3444 3039 3498 Non
3084 3453 3316 3514 tempus,
3353 3458 3461 3497 non

1886 3543 2182 3607 locus,non
2218 3539 2325 3591 ulla
2359 3536 2700 3592 intervallata
2748 3538 2920 3602 notio,
2956 3537 3092 3590 nihil
3127 3537 3272 3591 aliud
3311 3537 3462 3607 ejus-

1888 3634 2055 3687 modi.
2088 3632 2168 3687 Ad
2192 3634 2322 3702 quid
2355 3632 2521 3703 igitur
2552 3639 2752 3684 acutus
2788 3631 2891 3685 istc
2923 3639 2977 3685 et
3009 3633 3293 3702 perspicax
3328 3650 3463 3687 ocu-

1886 3725 1972 3781 lus
2027 3733 2299 3778 contuens
2350 3724 2474 3778 vitas
2504 3721 2626 3776 Filii
2678 3723 2996 3778 distantiam
3050 3738 3079 3776 a
3131 3722 3305 3777 Patris
3352 3726 3460 3779 vita

1885 3817 2200 3887 conspicit?
2227 3816 2333 3871 Sed
2367 3815 2611 3887 undique
2653 3814 2779 3869 dum
2813 3817 3159 3887 compellitur
3189 3828 3242 3873 et
3278 3820 3460 3889 perlu-

1887 3920 2048 3975 strat,
2088 3909 2225 3965 nihil
2257 3924 2381 3965 esse
2425 3908 2778 3979 interiectum
2812 3910 2927 3979 ipse
2977 3912 3293 3968 necessario
3328 3913 3465 3968 asti-

1885 4006 2126 4075 pulatnt‘.

1958 4097 2091 4152 Cum
2164 4107 2342 4153 autem
2396 4101 2604 4154 nullum
2674 4111 2746 4155 snt
2806 4099 3147 4169 interiectum
3199 4101 3460 4168 medium,

158 4187 283 4240 καὶ
336 4182 557 4251 συναφῆ
607 4182 708 4250 τὴν
768 4179 1049 4233 κοινωνίαν
1096 4175 1233 4234 εἶναι
1287 4181 1348 4233 οὐ
1412 4181 1783 4251 καταδέχεται.

172 4277 345 4330 Ἀλλ’
379 4272 809 4328 ὑποκαταϐαίνει
855 4272 990 4342 πρὸς
1024 4271 1092 4324 τὰ
1132 4272 1377 4342 ἡμέτερα
1406 4272 1504 4342 τῆς
1535 4270 1778 4339 γνώσεως

1889 4294 1997 4331 non
2041 4277 2319 4343 admittit,
2380 4279 2477 4333 sed
2534 4279 2600 4334 ad
2663 4288 2883 4335 nostras
2928 4279 3258 4351 cognitionis
3311 4296 3464 4334 men-

156 4368 394 4439 μεέτρα,
426 4371 526 4420 καὶ
550 4364 914 4436 ἀνθρωπικῶς
942 4367 1072 4434 ἡμῖν
1105 4363 1180 4427 ὡς
1209 4361 1286 4426 εἷς
1316 4363 1472 4434 ἡμῶν
1505 4364 1597 4417 καὶ
1627 4364 1778 4427 αὐτὸς

1890 4383 2051 4423 suras
2114 4368 2439 4435 descendit,
2520 4378 2576 4424 et
2651 4370 2893 4425 humano
2965 4387 3115 4426 more
3190 4380 3247 4425 ut
3320 4388 3464 4427 unus

148 4458 537 4527 διαλέγεταιε
591 4454 942 4527 ὑφομολογῶν
985 4454 1168 4526 ἠρέμα
1214 4454 1322 4508 τῶν
1372 4455 1645 4526 λογισμῶν
1686 4457 1778 4526 τὴν

1892 4464 2138 4509 nostrum
2209 4455 2265 4510 et
2323 4457 2438 4526 ipse
2499 4458 2761 4524 disserit,
2827 4460 3195 4516 subcoulitens
3252 4464 3458 4517 sensim

147 4550 506 4613 ἀσθένειαν,
548 4550 643 4602 καὶ
686 4547 1044 4617 καταφεύγων
1080 4546 1172 4599 ἐπὶ
1205 4546 1295 4600 τὸν
1322 4546 1500 4617 λόγον.
1535 4549 1594 4601 ὃν
1644 4550 1778 4619 Ἀρι-

1889 4547 2370 4603 ratiocinationum
2410 4549 2842 4607 imbecillitatem
2870 4592 2884 4616 ,
2953 4560 3008 4607 et
3053 4553 3461 4624 subterfugiens

144 4642 458 4714 στοτέλης
491 4657 550 4693 τε
588 4639 681 4693 καὶ
725 4642 772 4694 οἱ
819 4642 941 4693 κατ’
967 4640 1130 4693 αὐτὸν
1178 4640 1279 4694 οὐκ
1329 4640 1592 4707 ἐδίδαξαν.
1652 4644 1778 4695 Τότε

1889 4638 1957 4693 ad
2013 4640 2281 4695 rationem
2333 4657 2497 4711 quam
2549 4644 2875 4699 Aristoteles
2945 4654 2997 4700 et
3046 4645 3167 4714 ejus
3233 4654 3466 4701 sectato-

140 4735 322 4807 τὰρ,
354 4734 518 4804 φησι,
553 4732 745 4786 καλὸν
775 4732 872 4786 καὶ
902 4732 1135 4800 πρέπον
1173 4732 1463 4802 γεννῆσαι
1503 4733 1611 4787 τὸν
1650 4734 1778 4786 Υὶὸν

1892 4746 1978 4785 res
2036 4746 2144 4786 non
2191 4730 2516 4788 docuerunt.
2586 4733 2732 4789 Tunc
2775 4738 2952 4803 enim,
3011 4736 3226 4807 inquit,
3274 4741 3464 4792 bonum

131 4830 291 4884 ὅτε
344 4826 658 4880 ἐϐούλετο.
714 4822 1018 4894 Μηδεμιᾶς
1076 4825 1145 4877 ἐκ
1214 4824 1425 4878 τούτου
1488 4822 1778 4893 ζητήσεως

1888 4831 1937 4875 et
1977 4826 2160 4877 decens
2219 4841 2470 4895 generare
2530 4823 2766 4893 Filium,
2825 4829 3034 4899 quando
3114 4831 3293 4884 voluit.
3352 4826 3460 4883 Ne-

125 4916 591 4988 ἐτ-τινομένης
620 4914 744 4981 τοῖς
771 4915 1111 4985 σώφροσιν·
1157 4914 1286 4979 τοῦ,
1322 4915 1423 4969 Διὰ
1454 4917 1510 4968 τί
1535 4916 1622 4984 μὴ
1643 4916 1778 4982 πρό-

1889 4930 1988 4982 que
2041 4914 2154 4967 ulla
2228 4916 2368 4986 apud
2422 4916 2703 4979 prudentes
2761 4919 2824 4972 de
2855 4937 2915 4973 ea
2987 4937 3042 4973 re
3084 4922 3143 4990 ﬁt
3201 4921 3462 4991 qumstio,

116 5025 392 5078 tepor;
438 5006 508 5060 Τί
552 5006 742 5071 ταῦτα,
792 5005 1044 5076 Εύνόμιε;
1096 5007 1189 5061 καὶ
1234 5007 1297 5060 σὺ
1352 5002 1600 5069 πεζεύεις
1648 5006 1778 5058 κατᾶ

1891 5005 2120 5061 Curnon
2139 5007 2286 5075 prius
2318 5008 2342 5061 ?
2369 5007 2643 5074 Quorsum
2687 5008 2788 5063 ista
2810 5048 2825 5072 ,
2858 5024 2891 5063 0
2925 5007 3151 5063 Ennomi
3171 5010 3196 5063 ?
3216 5021 3268 5064 tu
3298 5011 3460 5064 etiam

114 5104 319 5164 τοὺς
376 5097 600 5162 ἰδιώτας
644 5099 813 5169 ἡμᾶς,
868 5099 962 5152 καὶ
1021 5096 1335 5152 καταλιπὼν
1385 5097 1486 5162 τὰς
1535 5098 1778 5168 τεχνικὰς

1890 5095 2123 5166 pedibus
2172 5097 2385 5153 incedis
2429 5100 2694 5156 adversus
2739 5115 2839 5155 nos
2884 5102 3047 5157 rudes
3081 5112 3129 5157 et
3169 5103 3462 5166 indoctos,

116 5188 509 5260 ςεεριῶους,
544 5189 637 5243 ἐπὶ
661 5188 757 5260 τὴν
809 5186 1002 5256 ἄλογον
1052 5186 1444 5256 συγκατάθεσιν
1483 5187 1576 5240 καὶ
1626 5187 1778 5251 αὐτὸς

1890 5198 1944 5243 ει
1986 5188 2194 5245 relictis
2241 5189 2559 5246 artiﬁciosis
2603 5191 2927 5248 circuitihus
2973 5192 3039 5246 ad
3088 5194 3464 5248 assensionem

114 5280 593 5351 καταφεύγεις,
628 5282 658 5334 ὁ
689 5279 860 5335 πολλά
902 5281 1014 5342 τοῖς
1057 5278 1186 5332 ἄνευ
1219 5277 1439 5348 λογικῆς
1478 5277 1778 5349 έντρεχείας

1892 5281 2110 5334 ratione
2148 5288 2430 5336 carentem
2466 5292 2519 5337 et
2551 5283 2667 5352 ipse
2696 5282 2957 5354 confugis
2979 5325 2992 5347 ,
3027 5286 3121 5353 qui
3167 5284 3338 5339 multa
3382 5284 3467 5339 his

96 5372 541 5445 ἐπιχειροῦσι
569 5371 647 5442 τῷ
686 5373 917 5443 γράφειν
946 5371 1316 5438 ὲπονειδίσας;
1362 5372 1418 5423 Ὀ
1451 5371 1589 5441 πρὸς
1630 5372 1778 5425 Βασί.

1890 5372 1982 5442 qui
2024 5371 2234 5439 absque
2268 5373 2526 5426 rationali
2556 5374 2840 5443 diligentia
2871 5373 3113 5429 scribere
3144 5374 3468 5446 aggrediun-

90 5479 341 5531 λειω
392 5467 594 5533 λέγων,
634 5464 716 5517 ὅτι
761 5464 835 5522 Δι’
880 5457 955 5517 ὧν
1004 5462 1263 5516 ἀδύνατον
1313 5467 1425 5527 τοῖς
1483 5464 1778 5537 ἀνθρώποις

1893 5478 1999 5530 tur,
2027 5467 2227 5535 probra
2251 5465 2549 5535 obiecisti?
2585 5466 2688 5532 Qui
2722 5464 2787 5519 ad
2816 5464 3078 5521 Basilium
3111 5466 3273 5532 dicis,
3320 5468 3468 5538 quod

70 5560 341 5625 εἶναι
368 5558 556 5625 um;
584 5555 681 5619 τάς
712 5556 851 5629 ὑπὲρ
877 5555 987 5609 τῶν
1020 5555 1402 5625 πνευματικῶν
1431 5556 1603 5627 λόγων
1634 5559 1778 5613 εὐθύ-

1894 5559 1989 5614 Per
2015 5573 2141 5628 qua:
2171 5557 2312 5614 dicis
2341 5557 2457 5613 ﬁeri
2494 5573 2601 5613 non
2639 5572 2829 5629 posse,
2864 5565 2921 5612 ut
2948 5558 3198 5615 homines
3232 5574 3330 5630 pro
3359 5560 3471 5631 spi-

78 5665 320 5713 vas.
348 5647 455 5717 τὴν
490 5645 622 5699 ἰδίαν
657 5645 897 5717 ἐλέγχεις
941 5645 1182 5714 ἄγνοιαν.
1218 5647 1325 5699 Καὶ
1356 5647 1515 5701 πάλιν
1562 5649 1778 5721 ἑτέρωθι

1890 5650 2190 5708 ritualibus
2227 5651 2578 5709 sermonibus
2615 5652 2858 5706 rationes
2889 5650 3152 5717 reddant,
3191 5651 3466 5724 propriam

64 5742 211 5801 τὸ
264 5729 403 5788 ἴση
471 5737 797 5812 προφέρων*
858 5736 1064 5808 ὅτιτὴν
1111 5736 1244 5793 ἰδίαν
1282 5737 1566 5794 ἀσθένειαν
1618 5757 1778 5797 κοινο‹

1895 5745 2081 5818 arguis
2117 5741 2499 5818 ignorantiam.
2544 5746 2622 5802 Ac
2672 5759 2872 5803 rursus
2920 5743 3050 5801 alibi
3102 5743 3291 5801 simile.
3334 5743 3467 5814 quid

1888 4188 2259 4243 immediatam
2327 4196 2381 4245 et
2459 4191 2772 4246 continuam
2832 4193 3271 4247 communionem
3341 4209 3464 4250 esse
