4002 6218
598 305 703 364 8θῖ

1865 292 1922 348 s.
1964 291 2289 348 onsconu
2315 291 2609 350 nrsssm
3661 308 3745 365 ωε

597 416 908 490 proterens,
946 413 1089 486 quod
1117 411 1399 485 Propriam
1425 410 1794 466 infirmitatem
1822 423 2162 464 communem

2279 412 2471 473 ποιεῖς,
2502 410 2559 463 τό
2583 427 2666 462 σοι
2701 409 2776 482 μὴ
2807 409 3049 477 δυνατὸν,
3073 414 3228 468 πᾶσιν
3254 413 3488 470 ἀδύνατον
3516 419 3749 489 ἀποφαινό-

598 507 925 574 facis,dum
957 506 1100 576 quod
1130 506 1228 561 tibi
1277 505 1542 577 possibile
1590 518 1698 558 non
1746 511 1863 565 est,
1913 500 2170 555 omnibus

596 598 939 669 impossibile
962 597 1307 668 pronuntias.
1332 595 1436 663 Qui
1467 595 1585 651 haec
1622 602 1679 651 et
1711 593 1842 651 talia
1873 592 2053 659 dicis,
2088 592 2170 647 sic

597 689 843 744 auditum
889 688 1066 743 allicis
1109 688 1230 758 ejus
1263 687 1358 758 qui
1390 700 1615 741 causam
1642 684 1911 755 inquirit,
1946 692 2170 753 pr0pter

597 799 764 855 quam
796 781 962 838 Pater
993 780 1181 837 diﬂ‘ert
1210 787 1269 835 ut
1320 778 1446 835 talis
1488 776 1611 832 Filii
1667 777 1739 832 sit
1796 784 1972 842 pater:
2020 771 2169 830 solli-

598 890 725 929 cere
784 883 946 943 putas
1005 871 1071 925 ad
1125 868 1691 933 demonstrationem,
1750 864 1954 927 dicere,
2024 863 2170 933 quod

593 970 741 1025 Tunc
801 963 1015 1036 genuit,
1059 959 1272 1031 quando
1316 956 1520 1023 voluit,
1593 972 1659 1011 ac
1724 956 1794 1011 de
1838 969 1905 1011 eo
1948 954 2166 1024 quidem

599 1054 747 1107 nulla
793 1053 867 1107 sit
914 1050 1168 1120 quaestio.
1215 1048 1309 1104 Sic
1353 1048 1451 1103 tibi
1503 1046 1571 1103 ad
1614 1047 1931 1117 dogmatum
1990 1052 2171 1101 astru-

596 1144 841 1199 ctionem
907 1141 1128 1195 infirma
1193 1146 1281 1195 est
1339 1137 1793 1208 comprehensiva
1857 1136 1999 1191 visio
2053 1134 2170 1189 sive

595 1233 967 1302 imaginatio?
996 1231 1118 1297 Quo
1151 1230 1559 1301 propositiones
1591 1230 1851 1298 utrinque
1883 1227 2169 1282 vincentes

593 1334 649 1380 et
693 1322 1172 1394 constringentes?
1210 1320 1330 1388 Quo
1380 1321 1634 1377 violentae
1673 1317 2169 1389 praestrucdones?

595 1417 715 1484 Quo
748 1416 848 1471 tibi
877 1415 1123 1470 evanidae
1158 1422 1213 1470 et
1250 1430 1357 1469 nou
1404 1414 1776 1470 subsistentes
1809 1411 2035 1480 dilapsae
2065 1409 2165 1464 ab-

592 1517 725 1564 eunt
769 1509 910 1563 artis
958 1506 1339 1561 formidabiles
1381 1512 1435 1561 et
1479 1504 1825 1560 inevitabiles
1865 1501 2169 1557 ratiocina-

592 1601 802 1656 tionum
833 1598 1216 1655 conclusiones
1246 1598 1269 1651 ?
1299 1596 1454 1652 Tunc
1488 1599 1680 1668 genuit
1712 1594 1912 1648 Filium
1944 1592 2167 1663 quando

2276 512 2455 565 μενος,
2468 497 2496 548 ὁ
2507 497 2678 551 ταῦτα
2695 498 2789 552 καὶ
2802 499 2869 553 τά
2881 498 3102 554 τοιαῦτα
3118 499 3301 570 λέγων,
3316 502 3445 557 οὕτω
3459 507 3669 582 προσάγῃ
3677 512 3751 582 τὴν

2275 587 2442 658 ἀκοὴν
2459 588 2555 642 τοῦ
2572 590 2954 662 ἐπιζητοῦντος
2984 592 3084 666 τὴν
3109 595 3301 659 αἰτίαν,
3314 596 3426 651 καθ’
3449 597 3511 668 ἢν
3529 599 3755 655 ἀναϐάλλε-

2271 698 2360 734 ται
2376 680 2618 734 τοιούτου
2636 682 2885 750 γενέσθαι
2911 684 3094 756 πατὴρ
3109 688 3138 741 ὁ
3153 687 3295 758 Πατή
3301 705 3333 758 ρ
3347 706 3359 718 ·
3378 689 3548 760 ἀρκεῖν
3559 692 3640 747 οίει
3655 696 3756 764 πρὸς

2272 769 2546 836 ἀπόδειξιν
2578 771 2638 824 τὸ
2668 775 2863 838 εἰπεῖν,
2898 776 2979 828 ὅτι
3019 780 3153 830 Τότε
3190 778 3498 847 ἐγέννησεν
3522 783 3605 838 ὅτε
3632 787 3756 842 ὲϐοὐε

2276 862 2438 927 λετο,
2459 863 2552 914 καὶ
2577 863 2815 934 μηδεμία
2848 865 2987 920 ἔστω
3011 869 3138 939 περὶ
3163 870 3345 924 τούτου
3374 871 3592 944 ζήτησις.
3620 878 3760 943 Οὗτως

2275 970 2358 1007 σοι
2383 955 2518 1026 πρὸς
2546 955 2642 1027 τὴν
2680 958 3021 1029 κατασκευὴν
3064 960 3173 1014 τῶν
3214 962 3484 1032 δογμάτων
3525 966 3760 1040 ἠσθένησεν

2268 1045 2743 1152 ήΙκαταληπτικὴί
2762 1052 3063 1152 ιραντασίας
3112 1052 3220 1107 Ποῦ
3253 1056 3310 1107 αἱ
3337 1055 3630 1126 διλὴμματοι
3666 1078 3762 1131 προ-

2268 1134 2486 1202 τάσεις;
2517 1137 2627 1190 Ποῦ
2669 1134 2724 1194 αἱ
2769 1138 2933 1208 βίαιοι
2958 1145 3321 1209 κατασκευαί;
3361 1145 3477 1209 Πῶς
3513 1163 3584 1201 σοι
3609 1151 3760 1220 φροῦδα

2271 1226 2365 1279 καὶ
2395 1227 2742 1284 ἀνυπόστατα
2785 1231 3110 1303 διαῤῥυὲντα
3143 1235 3240 1305 τῆς
3286 1236 3473 1307 τέχνης
3514 1238 3683 1309 οἴχεται
3710 1246 3763 1297 τά

2270 1317 2477 1390 φοϐερά
2505 1337 2563 1372 τε
2599 1322 2692 1376 καὶ
2734 1323 2951 1392 ἄφυκτα
2988 1325 3096 1382 τῶν
3145 1327 3506 1400 συλλογισμῶν
3550 1335 3765 1405 συμπρά-

2270 1426 2480 1480 σματα;
2540 1412 2672 1465 Τότε
2718 1415 2973 1485 ἐγέννησε
3019 1416 3110 1469 τὸν
3159 1416 3287 1471 Υἰὸν
3318 1420 3402 1472 ὅτε
3444 1421 3673 1489 ἐϐούλετο,
3697 1425 3766 1478 καὶ

2270 1500 2403 1570 μηδὲ
2436 1501 2576 1555 ἔστω
2608 1505 2736 1575 περὶ
2768 1506 2961 1560 τούτου
2992 1508 3241 1579 ζήτησις.
3275 1508 3453 1565 Ταῦτα
3490 1512 3585 1565 τῶν
3609 1514 3767 1569 πολλῶν

2269 1590 2527 1663 ἱδρώτων,
2559 1594 2731 1651 ταῦτα
2763 1598 2870 1652 τῶν
2902 1599 3224 1671 ὑπερόγκων
3251 1602 3646 1674 ὲπαγγελμάτων
3668 1606 3768 1659 ἀπο-

590 1694 800 1756 voluit,
838 1707 1016 1762 neque
1058 1691 1130 1746 sit
1158 1689 1226 1746 de
1260 1690 1365 1745 hoc
1397 1689 1630 1759 qumstio
1658 1706 1673 1742 :
1713 1687 1832 1742 lucc
1867 1684 2162 1741 multorum

2265 1682 2605 1761 τελέσματα;
2654 1687 2717 1740 Τί
2752 1687 2812 1740 τὸ
2845 1688 3106 1760 ἐρώτημα
3128 1686 3237 1761 ἧνς
3287 1693 3350 1745 Εἰ
3399 1693 3547 1746 καλὸν
3571 1696 3652 1746 καὶ
3670 1694 3768 1764 πρί-

591 1783 890 1850 sudorum,
928 1761 1053 1838 haec
1097 1780 1542 1853 prsetumidorum
1594 1781 1991 1849 promissorum
2034 1774 2162 1831 effe-

2268 1790 2367 1827 πον
2394 1774 2532 1845 Θεῷ,
2559 1776 2794 1832 τοιοῦτον
2822 1779 2966 1850 ἔχειν
2994 1780 3138 1848 Υίὸν,
3175 1783 3265 1837 διὰ
3294 1784 3348 1838 τί
3382 1784 3454 1854 μὴ
3482 1785 3559 1838 ἀεὶ
3579 1784 3629 1838 τὸ
3650 1761 3769 1838 καλὸν

492 1880 501 1889 ’
591 1876 727 1931 cla?
760 1875 1021 1941 Quaenam
1051 1881 1172 1929 erat
1203 1870 1603 1941 interrogatio?
1654 1869 1713 1923 Si
1754 1869 1959 1923 bonum
1987 1874 2042 1922 et
2070 1865 2165 1921 de-

592 1983 782 2025 corum
811 1965 918 2022 Deo
944 1965 1109 2020 talem
1156 1963 1362 2018 habere
1399 1961 1598 2016 Filium
1620 1998 1637 2023 ,
1669 1974 1771 2014 cur
1802 1973 1910 2013 non
1945 1970 2164 2027 semper

587 2054 796 2115 bonum
821 2073 944 2112 cum
974 2058 1096 2127 ipso
1145 2070 1269 2111 esse
1314 2052 1605 2109 creditur?
1650 2050 1783 2117 Qua:
1834 2048 2160 2119 responsio,

592 2164 757 2220 quam
793 2164 863 2205 ex
909 2148 1043 2216 ipsis
1091 2146 1270 2215 adytis
1317 2146 1435 2199 sive
1482 2143 1741 2198 sacrariis
1794 2140 2156 2212 philosophiae

592 2242 754 2297 nobis
791 2240 922 2297 fecit
947 2282 963 2305 ,
1005 2237 1395 2293 insolubilibus
1438 2235 1861 2291 necessitatibus
1887 2227 2165 2289 constrin-

588 2342 722 2396 gens
768 2328 1120 2382 sermonem?
1168 2326 1314 2381 Tunc
1367 2327 1489 2397 fecit
1540 2326 1742 2382 Filium
1792 2343 1911 2382 cum
1967 2325 2158 2393 voluit,

588 2437 750 2489 neque
798 2419 862 2475 de
907 2419 1003 2473 hoc
1061 2420 1175 2476 ulla
1225 2421 1295 2476 sit
1344 2421 1604 2491 quwslio,
1657 2417 1767 2474 Cur
1813 2436 1917 2477 non
1970 2418 2162 2489 prius?

592 2509 749 2576 Quod
778 2509 824 2566 si
854 2509 924 2565 de
957 2509 1143 2579 aliquo
1174 2524 1364 2564 eorum
1394 2524 1516 2579 qua:
1548 2507 1778 2565 rationis
1810 2513 1942 2562 sunt
1969 2520 2163 2576 exper-

596 2602 675 2656 tia
695 2643 710 2668 ,
742 2617 866 2673 quae
896 2600 1139 2657 naturali
1169 2601 1501 2671 impulsione
1532 2608 1852 2671 operantur,
1888 2612 2162 2669 propone-

591 2702 744 2750 retur
794 2692 1205 2756 consideratio,
1263 2708 1429 2761 quam
1474 2692 1546 2746 ob
1590 2706 1814 2746 causam
1856 2705 1966 2745 non
2009 2689 2164 2760 prius

589 2786 735 2855 quod
793 2783 1002 2839 libebat
1054 2782 1274 2847 effecit,
1308 2783 1394 2836 vel
1449 2797 1652 2835 aranea
1702 2782 1876 2843 telas.
1912 2780 1998 2837 vel
2045 2779 2164 2848 apis

589 2874 804 2941 favum,
838 2875 920 2929 vel
958 2880 1141 2928 turtur
1171 2872 1381 2940 nidum,
1425 2872 1553 2945 quid
1585 2873 1728 2927 aliud
1761 2872 1974 2927 diceres
1995 2871 2021 2925 ἳ
2043 2870 2165 2925 Non

591 2974 709 3030 haec
739 2975 795 3028 in
825 2981 1079 3043 promptu
1111 2980 1262 3027 esset
1305 2972 1629 3041 responsio,
1688 2972 1833 3041 quod
1865 2984 1994 3027 tunc
2035 2972 2166 3029 fecit

587 3082 714 3122 cum
757 3065 965 3131 voluit,
997 3065 1260 3132 nullaque
1311 3065 1384 3119 sit
1415 3064 1484 3119 de
1522 3079 1588 3120 eo
1630 3064 1946 3135 inquisitio?
1986 3063 2162 3131 Quin-

593 3156 758 3211 etiam
795 3153 863 3210 de
892 3156 1101 3225 ﬁctore_
1121 3155 1305 3225 aliquo
1334 3155 1421 3209 vel
1451 3156 1681 3225 pictore,
1708 3124 1811 3225 per
1841 3163 2015 3210 artem
2042 3155 2162 3210 imi-

2267 3124 2485 3217 ὲξουσίξι
2511 3148 2618 3200 τινὶ
2656 3124 2802 3221 πρὸς
2840 3124 3120 3224 ἐνέργειαν
3146 3159 3269 3232 ἄγῃ
3427 3124 3631 3231 τέχνςὶνὶ
3667 3124 3792 3230 έρμίν

590 3246 847 3300 tatricem
878 3245 1163 3315 quodlibet
1211 3256 1504 3317 operante,
1532 3247 1617 3300 vel
1661 3246 1715 3301 in
1763 3247 2028 3317 picturis,
2077 3248 2161 3302 vel

591 3335 867 3407 figmentis
896 3335 1004 3390 dici
1039 3344 1249 3405 potest,
1280 3338 1375 3407 qui
1406 3352 1531 3391 cum
1564 3353 1674 3392 non
1707 3340 1780 3393 sit
1807 3338 1973 3393 alicui
2010 3348 2163 3410 pote-

589 3428 718 3485 stati
750 3427 1098 3497 mancipatus
1124 3436 1178 3480 et
1205 3428 1461 3484 addictus
1491 3430 1557 3483 ad
1586 3431 1959 3500 Operationem
1988 3442 2161 3487 artem

591 3520 828 3591 impellit
859 3539 871 3575 :
902 3520 1044 3575 hanc
1076 3520 1236 3575 talem
1269 3537 1459 3576 vocem
1490 3523 1653 3576 etiam
1686 3538 1989 3595 congruere
2018 3525 2163 3581 arbi-

586 3622 706 3668 tror
733 3610 875 3681 apud
908 3624 1033 3665 eum
1062 3610 1156 3680 qui
1190 3609 1302 3664 vult
1328 3610 1543 3667 discere
1564 3652 1578 3677 ,
1612 3627 1712 3667 cur
1745 3628 1855 3667 non
1887 3614 2040 3683 prius
2070 3629 2161 3669 ar-

590 3712 701 3759 tem
728 3702 1001 3758 cﬂicacem
1033 3700 1181 3756 fecit.
1206 3701 1343 3767 Quia
1372 3704 1519 3758 nulla
1552 3705 1884 3761 necessitate
1913 3716 2158 3771 coactus,

588 3795 925 3867 operationis
972 3801 1220 3863 tempus,
1275 3794 1595 3851 electionem
1647 3796 1762 3852 sive
1816 3798 2155 3866 propositum

589 3887 721 3943 fecit
749 3903 767 3954 ;
800 3884 1052 3939 homines
1085 3883 1231 3938 enim
1262 3893 1550 3953 propterea
1601 3885 1748 3956 quod
1797 3901 1904 3940 non
1947 3902 2162 3956 semper

585 3978 774 4031 eadem
806 3975 1033 4037 volunt,
1069 3988 1247 4044 neque
1292 3975 1615 4045 plerumque
1671 3977 1875 4031 habent
1926 3976 2160 4033 faculta-

586 4078 692 4125 tem
738 4083 861 4121 cum
914 4066 1193 4121 voluntate
1243 4074 1600 4137 operantem.
1650 4076 1782 4122 tunc
1825 4068 2032 4138 aliquid
2090 4086 2157 4125 ex

586 4158 859 4214 sententia
888 4154 1164 4217 etliciuut,
1197 4170 1326 4210 cum
1362 4156 1498 4226 ipsis
1532 4144 1876 4227 propositum
1905 4167 1959 4214 et
1990 4160 2159 4216 libera

585 4248 841 4301 voluntas
867 4245 934 4299 ad
965 4260 1107 4315 opus
1153 4246 1493 4318 propendet,
1530 4248 1779 4319 nihilque
1809 4251 2157 4308 extrinsecus

586 4338 860 4409 prohibet.
897 4335 1051 4402 Quod
1084 4347 1265 4392 autem
1297 4352 1514 4408 semper
1541 4339 1731 4395 eodem
1763 4342 1927 4395 modo
1960 4341 2123 4398 habet
2144 4385 2156 4405 ,

585 4430 785 4500 cuique
819 4430 952 4483 nihil
986 4430 1254 4484 honorum
1288 4431 1647 4484 adventitium
1672 4438 1789 4500 est,
1824 4433 1879 4487 in
1907 4449 2016 4503 quo
2040 4449 2159 4489 om-
2190 4468 2232 4523 υ

584 4523 675 4577 nis
707 4520 1016 4576 differentia
1047 4520 1404 4576 consiliorum
1428 4559 1444 4585 ,
1476 4536 1598 4589 quae
1631 4522 1685 4575 in
1717 4525 2056 4579 contrarium
2088 4526 2158 4580 ob

585 4614 824 4685 aliquem
856 4626 1104 4667 errorem
1154 4610 1239 4666 vel
1283 4611 1647 4679 ignorantiam
1693 4614 2025 4679 innascitur,
2080 4616 2161 4672 lo-

583 4722 709 4763 cum
746 4720 855 4759 non
895 4703 1058 4758 habet
1087 4719 1102 4769 ;
1131 4703 1218 4757 cui
1250 4701 1384 4756 nihil
1433 4717 1499 4757 ex
1540 4704 1845 4760 mutatione
1881 4704 1973 4770 lit,
2007 4707 2155 4776 quod

584 4814 615 4854 ιι
643 4796 914 4871 principio
946 4810 1057 4849 non
1103 4803 1163 4848 ut
1189 4795 1392 4849 bonum
1428 4795 1677 4861 noverit,
1713 4795 1782 4853 de
1827 4798 1930 4854 hoc
1974 4799 2159 4855 dicere

587 4903 696 4942 non
731 4899 946 4955 semper
976 4886 1152 4953 ipsum
1202 4884 1494 4938 honestum
1539 4884 1778 4952 habere,
1822 4888 1917 4943 sed
1968 4901 2156 4959 postea

583 4977 819 5049 elegisse
848 4975 1062 5045 aliquid
1096 4974 1296 5030 habere
1327 4974 1472 5045 quod
1518 4990 1627 5030 non
1677 4978 1832 5047 prius
1878 4979 2154 5049 elegerat:

582 5071 699 5126 hmo
744 5078 874 5125 sunt
925 5068 1207 5138 sapientiae
1258 5083 1360 5123 nos
1407 5071 1721 5139 superantis
1751 5071 1993 5140 propria.
2045 5071 2156 5130 Nos

584 5163 731 5221 enim
765 5161 1086 5225 didicimus,
1118 5160 1292 5215 Deum
1331 5175 1547 5230 semper
1573 5162 1722 5217 omni
1758 5162 1903 5218 bono
1931 5164 2153 5234 plenum

580 5269 748 5315 esse.
806 5253 918 5308 imo
972 5266 1102 5307 vero
1160 5252 1334 5322 ipsam
1388 5251 1657 5308 bonorum
1718 5254 2152 5324 plenitudinem,

597 5345 809 5401 etiamsi
839 5345 992 5401 nulla
1023 5346 1338 5401 accessione
1362 5344 1428 5399 ad
1457 5344 1843 5414 perfectionem
1872 5356 2024 5419 eget,
2057 5350 2154 5406 sed

586 5437 714 5504 ipse'
754 5444 839 5492 est
892 5436 977 5493 sui
1026 5446 1224 5492 natura
1256 5436 1385 5493 boni
1434 5436 1722 5508 perfectio.
1772 5438 1926 5505 Quod
1969 5448 2150 5496 autem

586 5524 887 5594 perfectum
914 5535 1036 5592 est,
1072 5543 1137 5583 ex
1183 5542 1341 5597 aequo
1386 5527 1455 5581 ab
1497 5527 1837 5584 incremento
1870 5538 1926 5586 et
1966 5530 2154 5587 decre-

587 5625 771 5669 mento
797 5614 1033 5670 alienum
1067 5625 1184 5680 est,
1214 5633 1445 5689 eamque
1471 5617 1544 5673 ob
1574 5634 1954 5695 causamque
1983 5622 2036 5677 in
2068 5623 2155 5680 di-

593 5698 720 5756 vina
746 5714 938 5760 natura
981 5706 1384 5777 consideratur,
1431 5707 1699 5765 bonorum
1750 5709 2144 5782 perfectiomm

2233 3345 2237 3350 ·
2264 3325 2462 3392 λοντος,
2494 3328 2582 3383 διὰ
2613 3331 2666 3384 τί
2694 3333 2757 3386 οὐ
2787 3335 3048 3406 πρότερον
3078 3339 3313 3411 ἐνεργὸν
3338 3341 3435 3413 τὴν
3458 3341 3634 3412 τέχνην
3655 3336 3791 3407 Emit)-

2270 1869 2386 1936 μετ’
2430 1868 2596 1922 αὑτοῦ
2633 1864 2772 1924 εἶναι
2802 1872 3148 1940 πιστεύεται;
3182 1875 3280 1939 Τίς
3311 1877 3344 1946 ὴ
3372 1878 3632 1946 ἀπόκρισις
3661 1876 3769 1946 ῆνὶξ

2266 1958 2445 2013 αὐτῶν
2489 1962 2620 2030 ἡμῖν
2666 1962 2772 2015 τῶν
2810 1963 3017 2019 ἀδύτων
3062 1967 3163 2038 τῆς
3193 1968 3499 2038 φιλοσοφίας
3524 1970 3768 2040 πεποίηται,

2265 2053 2384 2115 ταῖς
2417 2051 2632 2116 ἀλύτοις
2659 2054 2924 2125 ἀνάγκαις
2970 2058 3300 2128 διασφίγξας
3342 2062 3431 2114 τὸν
3471 2062 3638 2131 λόγον;
3673 2063 3771 2115 Τότε

2264 2143 2516 2212 ἐποίησε
2539 2145 2648 2199 τὸν
2683 2148 2818 2201 Υἱὸν
2853 2148 2951 2204 ὅτε
2983 2151 3287 2217 ἐϐούλετο,
3315 2154 3413 2207 καί
3430 2153 3657 2224 μηδεμία
3675 2154 3771 2224 περὶ

2264 2232 2479 2287 τούτου
2504 2232 2746 2303 ζήτησις
2764 2237 3046 2301 ἕστω,Διά
3061 2240 3221 2310 τίμὴ
3238 2244 3544 2313 :rpo'tspor;
3561 2244 3668 2297 Εξδὲ
3684 2230 3775 2316 περὶ

2264 2321 2374 2376 τῶν
2395 2323 2603 2393 ἀλόγων
2636 2327 2781 2390 τινὸς
2807 2330 2841 2399 ἡ
2875 2331 3064 2399 σκέψις
3091 2334 3400 2403 προέκειτο,
3431 2335 3530 2388 τῶν
3551 2335 3669 2390 κατά
3688 2353 3775 2388 τινα

2267 2415 2501 2488 φυσικὴν
2549 2419 2726 2490 ὁρμὴν
2757 2421 3150 2492 ἐνεργούντων,
3167 2423 3261 2479 διά
3291 2426 3345 2481 τί
3377 2426 3451 2500 μὴ
3489 2428 3711 2499 πρότερον
3732 2426 3777 2479 τὺ

2266 2506 2455 2565 δοκοῦν
2470 2511 2886 2580 κατειργάσατο,
2904 2514 2937 2585 ἢ
2960 2515 3176 2588 ἀράχνη
3200 2516 3272 2571 τά
3289 2520 3353 2589 νή
3363 2521 3552 2592 ματα,ἢ
3570 2519 3622 2572 τὺ
3634 2518 3779 2591 κηρίον

2266 2600 2298 2669 ἡ
2336 2598 2580 2669 μέλιττα,
2609 2600 2758 2672 ἥτὴν
2775 2603 3016 2675 καλιάνή
3046 2606 3292 2679 τρυγώνς
3319 2603 3382 2663 Τί
3398 2611 3461 2665 ἂν
3479 2611 3780 2682 ἒτερονείπείν

2266 2684 2411 2759 εἶχες
2428 2707 2442 2755 ;
2462 2692 2574 2744 Οὐκ
2588 2693 2723 2764 αὐτὴ
2737 2696 3023 2768 πρόχειρος
3038 2697 3102 2751 ἂν
3118 2695 3193 2770 ἦν
3206 2703 3240 2772 ἡ
3257 2702 3531 2775 ἀπόκρισις
3546 2743 3562 2769 ,
3612 2700 3781 2756 ὅτιτὼι

2267 2779 2520 2851 ἐποίησεν
2540 2784 2629 2836 ὅτε
2657 2778 2925 2848 ἐϐούλετό,
2953 2789 3047 2842 καὶ
3072 2792 3322 2863 μηδεμία
3347 2792 3480 2847 ἔστω
3503 2800 3615 2863 περὶ
3636 2791 3786 2847 τοῦτον

2268 2869 2518 2943 ζήτησιςς
2563 2874 2721 2929 Ἀλλά
2764 2877 2857 2930 καὶ
2887 2881 3011 2951 περὶ
3047 2882 3297 2938 πλάστου
3327 2885 3524 2954 τινδςῆ
3557 2884 3788 2955 ζωγράφου

2268 2962 2328 3015 τὸ
2354 2962 2544 3017 δοκοῦν
2579 2965 2668 3020 διὰ
2699 2968 2799 3038 τῆς
2832 2974 3134 3044 μιμητικῆς
3177 2976 3531 3047 ἐνεργοῦντος
3570 2976 3790 3047 τέχνηςιῆ

2269 3055 2327 3107 ὲν
2352 3059 2607 3127 γραφαῖς,
2635 3058 2666 3129 ἦ
2696 3059 2756 3112 ὲν
2784 3060 3118 3131 πλάσμασιν,
3149 3067 3296 3122 ὅταν
3329 3068 3401 3140 μὴ
3440 3069 3709 3139 ὑποχείριος
3733 3066 3791 3118 ὢν

2265 3233 2377 3299 ζειν
2414 3232 2566 3306 οἶμαι
2590 3239 2688 3310 τὴν
2727 3241 2984 3315 τοιαύτην
3010 3247 3195 3317 φωνὴν
3238 3250 3333 3303 ἐπὶ
3383 3248 3472 3302 τοῦ
3515 3248 3681 3319 μαθεῖν
3699 3244 3788 3297 ἐθέ-

2265 3432 2389 3471 σεν·
2443 3419 2524 3472 ὃτι
2568 3421 2666 3474 οὐκ
2701 3423 2838 3493 ἔχων
2888 3426 3155 3498 ἀνάγκην,
3187 3432 3391 3503 καιρὸν
3430 3435 3523 3503 τῆς
3569 3428 3790 3501 ἐνεργείας

2265 3507 2558 3578 πεποίηται
2611 3510 2709 3582 τὴν
2762 3514 3099 3585 προαίρεσιν.
3141 3519 3462 3592 Ἄνθρωποι
3508 3519 3608 3589 γάρ
3641 3518 3714 3572 διὰ
3744 3516 3791 3570 τί)

2266 3597 2404 3666 μήτε
2442 3599 2529 3651 ἀεὶ
2561 3599 2733 3655 ταῦτα
2771 3602 3077 3673 βούλεσθαι,
3109 3610 3261 3679 μήτε
3314 3612 3659 3683 συνεργοῦσαν
3683 3608 3789 3678 ἔχειν

2262 3687 2337 3751 ὡς
2374 3691 2440 3742 τά
2472 3691 2641 3745 πολλὰ
2686 3696 2751 3765 τῇ
2795 3694 3044 3767 βουλήσει
3071 3698 3170 3771 τὴν
3201 3701 3461 3773 δύναμιν,
3490 3703 3601 3756 τότε
3627 3696 3788 3756 ποιῶσί

2263 3798 2315 3835 τι
2348 3782 2455 3835 τῶν
2489 3784 2629 3838 κατὰ
2677 3786 2921 3859 γνώμην,
2953 3790 3082 3843 ὅταν
3127 3793 3323 3857 αὐτοῖς
3369 3797 3403 3865 ῆ
3451 3813 3507 3849 τε
3536 3793 3787 3865 προαίρεσις

2263 3874 2396 3943 πρὸς
2425 3876 2484 3928 τὸ
2528 3876 2685 3949 ἔργον
2723 3879 2880 3952 eam,
2923 3884 3016 3934 καὶ
3052 3884 3225 3955 μηδὲν
3258 3888 3442 3961 κωλύῃ
3487 3888 3586 3941 τῶν
3618 3886 3785 3953 ἔξωθεν.

2263 3965 2335 4019 Τὸ
2375 3967 2432 4020 δὲ
2470 3969 2556 4022 ἀεὶ
2589 3970 2849 4036 ὡσαύτως
2892 3973 3034 4045 ἕχον,
3065 3970 3109 4043 ᾧ
3148 3979 3454 4051 ἐπίκτητον
3489 3982 3590 4036 τῶν
3621 3976 3789 4049 ἀγαθῶν

2264 4056 2411 4110 ἐστιν
2460 4058 2633 4124 οὐδὲν,
2685 4062 2742 4113 ὲν
2789 4055 2834 4130 ᾧ
2884 4064 3033 4117 πᾶσα
3076 4065 3321 4141 διαφορὰ
3368 4064 3786 4141 ﬂavis-opercqu

2262 4148 2404 4200 κατά
2431 4147 2491 4200 τὸ
2519 4149 2758 4204 ἐναντίον
2782 4152 2926 4207 κατά
2966 4170 3086 4211 τινα
3134 4157 3354 4232 πλάνην
3383 4163 3474 4216 καὶ
3501 4162 3696 4230 ἄγνοιαν
3726 4158 3790 4224 ἔτ’

2262 4236 2539 4307 γινομένη,
2567 4238 2749 4311 χώραν
2777 4243 2877 4296 οὐκ
2911 4243 3045 4315 ἔχει,
3075 4239 3120 4315 ᾧ
3148 4250 3310 4307 οὐδὲν
3343 4254 3408 4306 ἐκ
3436 4252 3705 4324 μεταϐολῆς
3728 4248 3787 4317 τί·

2261 4343 2427 4390 νεται,
2475 4329 2506 4381 ὃ
2554 4330 2629 4402 μὴ
2660 4331 2719 4397 ἐξ
2758 4334 2933 4406 ἀρχῆς
2962 4336 3039 4401 ὡς
3090 4340 3302 4408 ἀγαθὸν
3351 4346 3653 4417 κατενόησε,
3693 4340 3790 4410 περὶ
3896 4386 3897 4391 η

2262 4416 2448 4472 τούτου
2484 4420 2660 4489 λέγειν
2691 4423 2766 4496 μὴ
2813 4427 2899 4480 ἀεὶ
2942 4426 3005 4482 τὸ
3044 4431 3209 4487 καλὸν
3250 4435 3422 4505 ἔχειν,
3471 4437 3581 4491 ἀλλ’
3613 4435 3790 4502 ὕστερον
3896 4432 3897 4499 ί

2260 4509 2474 4564 ἑλέσθαι
2518 4529 2570 4566 τι
2604 4513 2768 4585 ἔχειν,
2815 4516 2845 4569 ὂ
2875 4517 2950 4590 μὴ
2981 4521 3248 4592 πρότερον
3286 4526 3498 4580 εἵλετο·
3540 4524 3695 4580 ταῦτα
3719 4520 3792 4591 τῆς

2261 4602 2703 4677 ὑπερϐαλλούσης
2732 4608 2877 4678 ἡμᾶς
2909 4611 3100 4681 σοφίας
3125 4614 3299 4670 ἐστίν.
3347 4617 3538 4686 Ἡμεῖς
3567 4615 3661 4686 γάρ
3683 4611 3789 4682 ὲμά-
3896 4606 3897 4667 ἶ

2260 4692 2423 4763 θομεν
2456 4696 2540 4749 ὅτι
2566 4699 2626 4753 τὸ
2647 4699 2798 4755 Θεῖον
2825 4700 2911 4753 ἀεὶ
2937 4703 3135 4768 παντὸς
3169 4706 3385 4773 ἀγαθοῦ
3418 4706 3617 4780 πλῆρες
3649 4702 3788 4759 ἐστίν’

2261 4784 2461 4853 μᾶλλον
2505 4785 2561 4838 δὲ
2597 4787 2731 4841 αὐτὸ
2768 4790 2876 4843 τῶν
2924 4792 3143 4863 ἀγαθῶν
3192 4799 3315 4851 ἐστι
3357 4800 3422 4853 τὸ
3472 4800 3729 4871 πλήρωμα.
3752 4795 3789 4846 εἶ

2258 4879 2354 4930 καὶ
2389 4879 2643 4951 οὐδεμιᾶς
2670 4883 2988 4956 προσθήκης
3029 4889 3111 4951 είς
3156 4890 3445 4946 τελείωσιν
3492 4891 3669 4953 δεῖται,
3704 4884 3790 4941 ἀλλ’

2258 4969 2389 5023 αὐτὸ
2428 4975 2494 5043 τῇ
2538 4973 2728 5026 ἑαυτοῦ
2757 4973 2935 5044 φύσει,
2970 4978 3125 5047 ήτοῦ
3160 4980 3374 5048 ἀγαθοῦ
3402 4981 3664 5051 τελειότης
3686 4974 3790 5030 ἐστί.
3896 5024 3897 5057 ἦ

2259 5062 2332 5114 Τὸ
2364 5063 2420 5118 δὲ
2447 5064 2650 5118 τέλειον
2679 5067 2873 5136 ἐπίσης
2899 5069 3179 5140 αὐξήσεως
3202 5089 3263 5126 τε
3295 5074 3396 5128 καὶ
3430 5072 3691 5145 μειώσεως
3722 5066 3796 5136 ille
3896 5062 3897 5117 ἒ

2258 5153 2564 5225 λοτρίωται.
2617 5159 2726 5212 Καὶ
2769 5158 2855 5212 διά
2902 5161 3058 5215 τοῦτο
3103 5163 3201 5234 τὴν
3246 5162 3714 5236 ὲπιθεωρουμένην
3744 5158 3793 5225 τῇ
3896 5156 3897 5189 9

2263 5244 2383 5317 θείᾳ
2416 5245 2576 5316 φύσει
2606 5249 2711 5302 τῶν
2756 5250 2977 5318 ἀγαθῶν
3006 5253 3341 5323 τελειότητα,
3387 5254 3617 5311 πάντοτέ
3652 5262 3797 5321 φαμεν
3896 5290 3897 5299 η

2256 5338 2352 5410 τὴν
2382 5340 2550 5413 αὐτὴν
2575 5337 2714 5397 εἶναι
2737 5361 2749 5374 ·
2780 5344 2902 5399 καθ’
2942 5347 3081 5418 ὅπερ
3117 5347 3183 5403 ἂν
3208 5347 3311 5419 τὴν
3348 5348 3588 5403 διάνοιαν
3627 5340 3799 5398 ἑαυτῶν

2257 5435 2678 5506 έπεκτείνωμεν,
2710 5440 2824 5491 ἐκεῖ
2852 5439 3105 5511 τοιαύτην
3135 5440 3660 5512 καταλαμϐάνοντες.
3689 5433 3799 5489 Οὐκ·
3896 5450 3897 5503 l

2255 5524 2349 5579 οῦν
2394 5526 2645 5582 οὐδέποτε
2715 5530 2869 5584 κενὸν
2919 5532 3122 5600 ἀγαθοῦ
3172 5532 3229 5586 τὸ
3286 5532 3467 5586 Θεῖον,
3532 5530 3677 5583 Ἀλλὰ
3725 5525 3799 5596 μὲν

2254 5616 2462 5685 ἀγαθοῦ
2489 5621 2688 5686 παντὸς
2714 5623 2987 5695 πλήρωμα
3013 5627 3041 5679 ὁ
3064 5618 3217 5690 Υἱός*
3244 5625 3485 5678 πάντοτε
3511 5622 3617 5696 ἀρα
3648 5621 3700 5671 ἐν
3741 5612 3797 5683 τῷ
3896 5626 3897 5679 ξ

2257 5711 2434 5786 Πατρὶ
2456 5711 2761 5786 θεωρεῖται,
2803 5711 2847 5787 ᾧ
2893 5716 3053 5788 φύσις
3094 5720 3128 5794 ή
3157 5720 3211 5775 ὲν
3238 5717 3411 5771 παντὶ
3444 5710 3632 5784 ἀγαθῷ
3655 5709 3797 5764 τελει·
