4002 6218
236 251 320 307 80’.)

1329 262 1609 320 CONTRA
1641 262 2026 332 EUNOMIUM,
2075 267 2204 323 LIB.
2245 266 2337 324 IX.

3359 270 3463 324 8M

232 367 356 436 ίπης.
395 366 570 434 Ἀλλὰ,
604 372 756 439 φησὶ,
788 372 1022 444 μηδεμία
1067 374 1206 428 ἔστω
1235 374 1576 447 ζήτησις,διὰ
1605 378 1658 430 τί
1705 379 1778 450 μὴ
1808 437 1811 444 η

1916 396 2097 453 emper
2127 381 2377 437 eamdem
2399 392 2520 454 esse
2542 379 2809 449 dicimus,
2833 381 2898 436 ad
2949 383 3318 453 quodcunque
3374 401 3465 436 no-

236 456 487 528 πρότερον.
524 461 668 532 Πρὸς
696 463 755 517 δν
781 463 1012 536 ἐροῦμεν
1037 468 1222 538 ἡμεῖς·
1249 460 1332 515 ὅτι
1354 465 1516 523 ’Ἄλλο
1545 470 1712 537 ἐστὶν,
1741 465 1784 526 ὦ

235 547 504 616 σοφώτατε,
552 552 863 622 νομοθετεῖν
909 573 961 610 τι
1005 557 1114 610 τῶν
1151 559 1528 630 καταγνωμῶν
1575 562 1636 627 ἐξ
1667 563 1786 615 ὲπι-

235 639 502 708 τάγματος,
533 643 630 695 καὶ
658 643 844 716 ἕτερον
871 645 936 700 τὸ
978 647 1119 718 λόγῳ
1148 649 1275 721 περὶ
1320 651 1427 704 τῶν
1453 651 1786 722 ἀμφιϐαλλο-

235 731 386 800 μένων
412 733 802 802 προσάγεσθαι.
849 738 994 802 Ἕως
1024 740 1090 793 ἂν
1116 741 1296 795 τοίνυν
1343 742 1612 813 μηδεμίαν
1657 742 1786 815 ἔχῃς

234 824 386 876 αἰτίαν
429 824 624 892 εἰπεῖν,
674 828 795 881 καθ’
836 831 904 900 ἢν
958 831 1180 896 εὐσεϐές
1232 834 1378 886 ἐστιν
1427 832 1652 904 ὕστερον
1708 835 1784 904 τῷ

235 915 384 986 Ηατρὶ
406 916 496 970 τὸν
521 917 650 971 Υἱὸν
678 923 1143 992 προσγεγενῆσθαι
1182 923 1384 994 λέγειν,
1427 927 1660 997 ἀργήσει
1696 945 1776 981 σοι

238 1004 285 1058 τὸ
306 1006 566 1078 ἐπίταγμα
602 1011 755 1081 παρὰ
782 1014 895 1075 τοῖς
926 1014 1311 1085 σωφρονοῦσιν.
1373 1065 1378 1071 .

1895 483 2063 528 stram
2107 473 2496 543 cogitationem
2550 471 2999 535 extenderimus,
3047 473 3161 526 illic
3215 473 3464 527 eamdem

1894 562 2285 631 perfectionem
2341 562 2884 632 comprehendentes.
2961 561 3248 632 Nunquam
3297 564 3468 633 igitur

1894 654 2041 709 bono
2091 669 2331 709 vacuum
2360 654 2574 710 Numen
2623 661 2827 708 manet.
2883 654 3046 723 Atqui
3101 655 3284 709 omnis
3338 655 3464 710 boni

1894 744 2178 815 plenitudo
2213 753 2296 802 est
2328 745 2502 801 Filius
2534 763 2548 811 ;
2580 760 2795 814 semper
2822 745 2987 815 igitur
3019 744 3193 800 Filius
3221 747 3276 799 in
3311 745 3469 800 Patre

1895 837 2164 898 cernitur,
2199 837 2286 890 cui
2317 845 2515 890 natura
2551 841 2635 890 est
2707 835 2764 888 in
2806 836 2956 889 omni
2996 837 3143 890 bono
3181 836 3467 905 perfectio.

1895 923 2032 987 Sed,
2063 925 2270 994 inquit,
2307 925 2456 979 nulla
2485 927 2555 980 sit
2588 924 3007 995 inquisitio,cur
3038 940 3144 980 non
3182 926 3356 995 prius.
3391 924 3472 977 Ad

1890 1031 2053 1085 quem
2082 1033 2180 1072 nos
2214 1016 2491 1071 dicemus:
2519 1016 2681 1071 Aliud
2714 1024 2830 1080 est,
2860 1033 2892 1071 ο
2925 1015 3369 1086 sapientissime,
3405 1030 3470 1070 ex

235 1098 466 1154 mandato
500 1100 713 1171 aliquid
742 1117 934 1158 eorum
975 1121 1099 1176 qum
1130 1106 1234 1162 fert
1264 1107 1522 1175 animus,
1565 1110 1682 1180 lege
1730 1109 1946 1166 sancire
1998 1119 2052 1164 et
2103 1110 2361 1165 edicere:
2409 1109 2562 1166 aliud
2614 1125 2746 1165 vero
2795 1110 3011 1164 ratione
3060 1109 3125 1163 de
3177 1107 3359 1164 dubiis
3418 1120 3474 1163 et

231 1191 580 1246 controversis
633 1190 794 1248 ﬁdem
846 1193 1048 1251 facere.
1098 1197 1353 1262 Quandiu
1402 1214 1534 1270 ergo
1591 1201 1796 1254 nullam
1826 1213 2050 1254 causam
2087 1199 2294 1270 poteris
2363 1200 2630 1264 reddere,
2703 1210 2923 1269 propter
2964 1214 3126 1268 quam
3178 1199 3330 1269 pium
3392 1212 3476 1255 est

232 1280 399 1336 dicere
450 1281 648 1338 Filium
712 1288 988 1356 posterius
1042 1304 1071 1341 α
1132 1290 1296 1347 Patre
1348 1294 1590 1363 genitum
1647 1306 1801 1358 esse,
1835 1291 1984 1346 iners
2034 1301 2086 1344 et
2140 1291 2354 1345 irritum
2396 1291 2500 1345 erit
2551 1293 2644 1345 tibi
2690 1292 2950 1356 edictum,
2990 1291 3132 1360 apud
3167 1291 3383 1348 sobrios
3422 1304 3478 1346 et

187 1434 203 1450 .
236 1371 534 1440 prudentes.

297 1459 440 1514 Οὕτω
481 1462 577 1532 μὲν
621 1459 713 1518 οὖν
755 1467 885 1537 ἡμῖν
922 1468 986 1522 ὲκ
1028 1469 1129 1540 τῆς
1170 1475 1424 1545 τεχνικῆς
1461 1474 1647 1544 ἐφόδου
1691 1475 1790 1544 τὴν

233 1550 469 1622 ἀλήθειαν
511 1554 773 1626 Εὐνόμιος
806 1559 886 1622 είς
927 1560 988 1613 τὸ
1033 1562 1273 1632 ἐμφανὲς
1316 1565 1460 1634 ἄγει.
1503 1566 1694 1637 Ἡμεῖς
1734 1565 1790 1617 δὲ

1967 1467 2060 1522 Sic
2091 1466 2256 1538 igitur
2284 1467 2440 1522 nobis
2463 1466 2758 1521 artiﬁciosa
2788 1466 3159 1521 insinuatione
3184 1465 3468 1522 veritatem

1900 1563 1952 1616 iu
2003 1563 2178 1616 lucem
2228 1559 2434 1630 profert
2463 1558 2789 1614 Eunomius.
2833 1557 2942 1611 Nos
2985 1566 3167 1612 autem
3218 1558 3364 1613 sicut
3395 1567 3480 1612 est

235 1643 361 1700 νατὸ
388 1644 447 1699 τὸ
479 1645 705 1717 σύνηθες
743 1651 877 1721 ἡμῖν
899 1653 989 1706 τὸν
1024 1655 1233 1708 ἐκείνου
1272 1657 1427 1726 λόγον
1465 1657 1603 1730 πρὸς
1627 1676 1796 1711 κατα-

1916 1655 2071 1709 noris
2100 1657 2272 1709 nostri
2300 1653 2444 1706 illius
2467 1667 2773 1708 sermonem
2791 1651 2855 1706 ad
2874 1651 3298 1706 exstructionem
3315 1650 3481 1706 docu-

235 1735 417 1807 σκευὴν
453 1736 562 1790 τῶν
613 1739 711 1809 τῆς
751 1740 1009 1812 ἀληθείας
1053 1743 1337 1816 δογμάτων
1383 1747 1795 1818 οἰκειωσόμεθα.

244 1825 324 1890 Ὠς
351 1826 415 1880 ἂν
443 1829 538 1882 καὶ
579 1827 666 1882 διὰ
707 1830 898 1884 τούτου
939 1833 1164 1906 γένηται
1195 1836 1370 1908 δῆλον,
1407 1838 1488 1891 ὅτι
1526 1836 1798 1907 πανταχοῦ

235 1918 443 1971 κατὰτὸ
474 1919 724 1976 ἑκούσιον
753 1922 844 1975 ὑπ’
874 1923 1048 1995 αὐτῆς
1074 1925 1175 1997 τῆς
1203 1927 1460 1998 ἀληθείας
1488 1928 1796 1997 ἀναγκαζό-

233 2025 395 2078 μενοι,
425 2010 502 2081 τῷ
529 2011 817 2084 καθ’ήμᾶς
833 2017 1249 2088 συναγορεύουσι
1284 2019 1446 2091 λόγῳ.
1464 2019 1528 2073 Et
1552 2019 1659 2091 γὰρ
1676 2019 1798 2073 τότε

231 2100 475 2173 ἐγέννησε
505 2093 597 2157 τὸν
616 2103 764 2171 Υἱὸν,
792 2107 881 2159 ὅτε
913 2106 1182 2176 ἐϐούλετο,
1206 2108 1388 2173 καθώς
1417 2126 1583 2181 φησιν
1602 2111 1630 2162 ὁ
1653 2109 1802 2163 ἀντί-

230 2194 408 2261 παλος,
437 2195 688 2249 ἐϐούλετο
732 2197 792 2250 δὲ
825 2199 886 2251 τδ
918 2199 1121 2268 ἀγαθὸν
1148 2201 1236 2255 ἀεὶ
1257 2241 1273 2268 ,
1304 2201 1600 2273 σύνδρομος
1639 2201 1696 2254 δὲ
1733 2203 1798 2272 τῇ

230 2285 523 2357 βουλήσειή
553 2287 799 2359 δύναμις,
830 2291 918 2343 ἀεὶ
943 2292 1052 2362 ἄρα
1079 2293 1110 2344 ὁ
1133 2293 1259 2356 Υἱὸς
1291 2292 1426 2363 μετὰ
1457 2292 1550 2346 τοῦ
1593 2293 1803 2364 Πατρὸς

229 2377 563 2448 νοηθήσεται,
603 2380 698 2433 τοῦ
738 2381 826 2434 ἀεὶ
879 2382 973 2435 καὶ
1016 2381 1338 2452 βουλομένου
1369 2382 1430 2436 τὸ
1471 2382 1670 2446 καλὸν,
1711 2383 1804 2434 καὶ

226 2468 518 2540 δυναμένου
552 2470 695 2540 ἔχειν
719 2471 748 2524 ὃ
779 2471 1047 2542 βούλεται.
1071 2473 1134 2528 Εἰ
1163 2473 1220 2527 δὲ
1240 2474 1346 2545 χρὴ
1369 2473 1462 2527 καὶ
1489 2474 1579 2526 τὸν
1609 2472 1805 2544 ἐφεξῆς

227 2561 390 2616 αὐτοῦ
414 2561 572 2629 λόγον
596 2568 967 2634 προσαγαγεῖν
991 2569 1057 2637 τῇ
1083 2566 1333 2638 ἀληθείᾳ,
1361 2567 1544 2639 ῥᾴδιόν
1571 2569 1686 2621 ἐστι
1713 2566 1807 2620 καὶ

226 2649 414 2704 τοῦτον
441 2652 516 2722 τῷ
555 2653 676 2706 καθ’
708 2655 856 2726 ἡμᾶς
907 2657 1247 2728 συναρμόσαι
1280 2657 1544 2728 δόγματι,
1576 2657 1660 2710 ὅτι
1704 2674 1810 2728 μη-

135 2805 148 2816 .
224 2740 388 2813 δεμία
425 2744 551 2814 περὶ
598 2746 788 2799 τούτου
815 2746 1041 2819 ζήτησις
1067 2747 1209 2803 ἔστω
1239 2751 1353 2814 τοῖς
1399 2748 1691 2821 σώφροσιν,
1713 2748 1811 2806 Διὰ

224 2832 280 2886 τί
305 2834 384 2907 μὴ
414 2835 712 2907 πρότερον;
747 2837 813 2891 'H
857 2839 967 2910 γὰρ
1008 2839 1102 2894 τοῦ
1151 2841 1414 2914 πρότερον
1453 2841 1597 2908 λέξις
1632 2859 1811 2914 χρονι-

227 2926 333 2994 κήν
357 2941 477 2979 τινα
497 2926 596 2997 τὴν
623 2927 845 2995 ἔνδειξιν
870 2929 1001 3001 ἔχει,
1026 2932 1566 3005 ἀντιδιαστελλομένη
1592 2935 1728 3005 πρὸς
1749 2933 1810 2988 τὸ

230 3015 372 3084 μετὰ
400 3015 571 3069 ταῦτα
598 3019 692 3072 καὶ
727 3019 952 3093 ὕστερον
980 3038 994 3053 ο
1033 3023 1162 3076 ὃταν
1189 3023 1245 3077 δὲ
1272 3023 1461 3096 χρόνος
1493 3026 1566 3095 μὴ
1590 3020 1652 3097 ᾗ,
1689 3041 1810 3077 συν-

225 3107 466 3176 αιρείται
493 3108 710 3173 πάντως
732 3111 944 3182 καὶτῆς
980 3113 1238 3186 χρονικῆς
1260 3115 1592 3179 διαστάσεως
1613 3115 1680 3169 τὰ
1699 3116 1812 3169 ὀνό-

229 3216 402 3270 ματα.
421 3200 580 3256 Ἀλλὰ
599 3201 704 3273 μὴν
723 3202 829 3274 πρὸ
846 3204 1055 3275 χρόνων
1070 3205 1164 3260 καὶ
1182 3207 1287 3277 πρὸ
1304 3207 1514 3262 αἰώνων
1532 3207 1560 3260 ὁ
1575 3206 1776 3278 Κύριος
1795 3223 1809 3238 ο

226 3293 503 3362 ἄχρηστος
534 3293 642 3364 ἄρα
670 3296 781 3358 τοῖς
809 3295 931 3349 νοῦν
958 3295 1172 3366 ἔχουσιν
1208 3298 1301 3351 ἐπὶ
1330 3298 1422 3352 τοῦ
1453 3297 1676 3369 ποιητοῦ
1707 3296 1813 3351 τῶν

227 3384 446 3436 αἰώνων
466 3385 536 3456 ,ἡ
565 3384 658 3439 τοῦ
697 3386 962 3459 πρότερον
999 3389 1092 3442 καὶ
1125 3388 1352 3462 ὕστερον
1382 3391 1628 3462 ζήτησις.
1666 3389 1816 3444 Κενὰ

228 3473 342 3544 γὰρ
375 3474 560 3546 πάσης
602 3475 837 3540 διανοίας
879 3478 996 3531 ἐστὶ
1034 3478 1104 3533 τὰ
1149 3479 1372 3535 τοιαῦτα
1399 3479 1507 3534 τῶν
1536 3480 1815 3550 ὀνομάτων

234 3566 313 3637 μὴ
337 3566 434 3620 ἐπὶ
473 3569 667 3641 χρόνου
715 3568 1004 3642 λεγόμενα.
1049 3571 1204 3626 Ἐπεὶ
1231 3566 1324 3626 οὖν
1343 3573 1450 3644 πρὸ
1478 3573 1585 3626 τῶν
1610 3573 1814 3643 χρόνων

230 3659 260 3711 ὁ
304 3658 538 3731 Κύριος,
573 3661 636 3714 τὸ
684 3662 947 3733 πρότερον
987 3663 1204 3727 πάντως
1237 3665 1331 3718 καὶ
1367 3664 1426 3718 τὸ
1461 3664 1684 3737 ὕστερον
1725 3665 1818 3718 ἐπὶ

229 3749 401 3803 αὐτοῦ
435 3749 623 3822 χώραν
663 3753 763 3806 οὐκ
791 3753 924 3823 ἔχει.
965 3754 1118 3825 Τάχα
1151 3755 1250 3825 μὲν
1281 3755 1497 3827 ἀπόχρη
1522 3756 1616 3810 καὶ
1649 3755 1819 3809 ταῦτα

231 3841 374 3913 πρὸς
402 3843 719 3916 ἀνατροπὴν
749 3845 857 3899 τῶν
895 3846 958 3899 ού
993 3846 1262 3916 δεομένων
1297 3847 1392 3901 τοῦ
1433 3846 1822 3919 προσπαλαίον-

226 3950 345 4000 τος,
375 3935 498 3988 ἀλλ’
525 3935 632 3989 ὑπὸ
668 3937 768 4006 τῆς
814 3937 948 4002 ἰδίας
988 3937 1167 3991 αὐτῶν
1203 3939 1420 4002 ἀτονίας
1451 3940 1818 3992 καταπιπτόν-

227 4041 364 4079 των.
414 4025 516 4089 Τίς
566 4026 674 4098 γὰρ
716 4028 969 4083 τοσοῦτον
1001 4029 1255 4101 εὖσχολος
1306 4032 1372 4084 ὲκ
1416 4029 1524 4084 τῶν
1561 4030 1655 4084 τοῦ
1703 4031 1820 4102 βίου

226 4117 566 4188 φροντίδων,
589 4118 664 4182 ὡς
691 4119 784 4173 ἐπὶ
813 4121 1064 4174 τοσοῦτον
1095 4122 1286 4176 ἑαυτὸν
1312 4122 1494 4176 δοῦναι
1524 4125 1591 4194 τῇ
1621 4123 1824 4194 ἀκροά-

227 4220 315 4257 σει
355 4207 464 4276 τῆς
497 4222 556 4258 τε
594 4207 951 4278 ματαιότητος
983 4210 1093 4262 τῶν
1124 4210 1456 4265 ὑπεναντίων
1490 4209 1685 4280 λόγων,
1728 4213 1822 4266 καὶ

1901 1752 2210 1800 mentorum
2244 1744 2487 1798 veritatis
2536 1742 2951 1812 applicabimus.
2987 1740 3057 1795 Ut
3088 1743 3250 1797 etiam
3278 1757 3345 1796 ex
3379 1741 3481 1796 hoc

1900 1836 2246 1906 perspicuum
2289 1836 2380 1897 sit,
2426 1850 2522 1890 eos
2553 1834 2753 1904 ubique
2793 1834 2957 1888 etiam
3006 1843 3225 1903 Sponte,
3262 1834 3330 1887 ab
3362 1834 3481 1903 ipsa

1897 1928 2127 1981 veritate
2178 1933 2420 1990 coactos,
2481 1935 2673 1982 nostro
2714 1927 3051 1996 patrocinari
3105 1927 3371 1980 sermoni.
3423 1926 3478 1979 Si

1899 2019 2044 2074 enim
2107 2025 2237 2071 tunc
2263 2017 2450 2084 genuit
2470 2019 2805 2075 Filiumcum
2829 2017 3027 2081 voluit,
3065 2017 3208 2072 sicut
3237 2017 3370 2072 dicit
3402 2032 3482 2071 re-

1899 2108 2213 2172 fractarius,
2263 2108 2434 2162 voluit
2464 2115 2644 2160 autem
2692 2121 2908 2177 semper
2942 2108 3165 2172 bonum,
3202 2106 3483 2160 concurrit

1902 2209 2085 2256 autem
2113 2200 2379 2254 voluntati
2411 2200 2677 2270 potentia,
2711 2215 2930 2269 semper
2969 2199 3136 2269 igitur
3166 2197 3338 2251 Filius
3357 2212 3480 2251 eum

1905 2293 2064 2347 Patre
2085 2292 2441 2362 intelligetur,
2473 2291 2565 2361 qui
2594 2306 2807 2360 semper
2831 2291 2943 2344 vult
2974 2292 3199 2354 bonum,
3231 2297 3285 2343 et
3307 2296 3485 2359 potest

1904 2384 2107 2438 habere
2153 2383 2299 2453 quod
2333 2384 2465 2438 vult.
2497 2382 2653 2448 Quod
2700 2383 2746 2436 si
2775 2391 2989 2451 Oportet
3015 2390 3331 2452 sequentem
3365 2379 3485 2450 ejus

1906 2489 2211 2531 sermonem
2242 2472 2306 2527 ad
2346 2473 2628 2528 veritatem
2675 2473 2968 2539 adducere,
3002 2489 3110 2528 non
3141 2481 3223 2528 est
3253 2473 3482 2528 arduum

1906 2565 2068 2620 etiam
2099 2565 2246 2619 hunc
2271 2571 2463 2619 nostro
2487 2564 2724 2635 dogmati
2752 2564 3032 2635 adaptare,
3059 2565 3202 2636 quod
3230 2563 3379 2618 nulla
3417 2565 3484 2617 de

1908 2658 2012 2712 boc
2033 2659 2175 2728 apud
2201 2658 2479 2714 modestos
2507 2658 2580 2712 sit
2610 2657 3005 2723 controversia,
3025 2655 3138 2710 Cur
3158 2672 3264 2711 non
3298 2655 3488 2726 prius?

1910 2745 2090 2800 Dietio
2117 2747 2262 2802 enim
2299 2747 2470 2816 prius,
2506 2746 2861 2816 temporalem
2897 2745 3185 2816 quemdam
3215 2745 3376 2799 habet
3409 2745 3488 2797 iu-

1910 2838 2264 2903 dicationem,
2313 2855 2434 2909 qua:
2476 2839 2772 2909 opponitur
2804 2839 2887 2892 bis
2918 2839 3166 2903 vocibus,
3199 2847 3389 2909 postea
3435 2845 3490 2890 et

1910 2929 2204 3000 posterius.
2239 2929 2373 2982 tium
2409 2936 2588 2982 autem
2624 2934 2839 2996 tempus
2871 2943 2978 2982 non
3007 2927 3189 2994 fuerit,
3218 2936 3487 2998 tempora-

1915 3023 1980 3078 lis
2014 3022 2365 3078 discretionis
2420 3023 2641 3076 nomina
2691 3035 2918 3090 prorsus
2975 3021 3140 3076 simul
3200 3021 3487 3075 tolluntur.

1913 3115 2076 3184 Atqui
2112 3123 2239 3170 ante
2270 3122 2517 3184 tempora
2559 3097 2642 3168 ρι’
2668 3121 2797 3168 ante
2836 3115 3035 3169 saacula
3070 3113 3365 3170 Dominus:
3410 3115 3494 3168 in-

1916 3206 2067 3261 utilis
2108 3206 2276 3277 igitur
2321 3213 2504 3260 mente
2537 3204 2780 3274 praeditis
2823 3204 2876 3258 in
2917 3203 3124 3260 factore
3169 3206 3492 3261 saeculorum

1916 3295 2118 3365 prioris
2165 3301 2220 3349 et
2272 3294 2594 3362 posterioris
2647 3294 2898 3364 qmrstio.
2947 3291 3088 3348 Sunt
3128 3295 3272 3350 enim
3317 3296 3498 3350 omnis

1917 3384 2288 3456 intelligentia
2319 3384 2504 3438 inania
2552 3384 2679 3438 talia
2727 3384 2968 3451 nomina,
3001 3399 3127 3439 cum
3155 3385 3222 3440 de
3258 3395 3499 3455 tempore

1919 3492 2030 3532 non
2058 3477 2336 3530 dicuntur.
2371 3476 2638 3542 Quoniam
2675 3476 2838 3548 igitur
2866 3485 2992 3532 ante
3023 3485 3268 3546 tempora
3313 3477 3496 3533 Domi-

1919 3586 2046 3636 nus,
2079 3570 2232 3640 prius
2259 3576 2408 3624 certe
2431 3576 2485 3624 et
2511 3569 2787 3638 posterius
2810 3569 3017 3623 nullum
3044 3585 3270 3637 prorsus
3299 3571 3352 3623 in
3382 3571 3501 3641 ipso

1919 3662 2099 3716 locum
2129 3659 2350 3714 habent.
2393 3657 2652 3715 Fortasse
2698 3660 2812 3713 haec
2851 3660 3127 3715 sutliciunt
3159 3660 3225 3713 ad
3265 3664 3503 3716 eversio--

1921 3763 2044 3804 nem
2066 3763 2254 3803 eorum
2285 3761 2408 3816 quae
2433 3747 2793 3802 colluetatore
2825 3763 2931 3800 non
2962 3747 3222 3817 indigent,
3259 3750 3352 3803 sed
3383 3767 3504 3820 quae

1921 3855 2020 3896 sua
2048 3839 2418 3895 imbecillitate
2447 3848 2736 3894 corruunt.
2768 3839 2869 3893 Cui
2900 3839 3048 3894 enim
3078 3848 3287 3894 tantum
3321 3841 3422 3898 abs
3443 3859 3504 3898 re

1921 3944 2018 3987 Slla
2041 3937 2094 3985 et
2122 3929 2272 3985 curis
2299 3929 2395 3985 otii
2421 3940 2526 3995 est,
2563 3938 2623 3984 ut
2657 3930 2899 3999 seipsum
2933 3930 3240 3985 auditorem
3268 3932 3504 4000 prebeat

1921 4022 2182 4079 vanitatis
2205 4037 2520 4079 sermonum
2553 4020 2660 4077 sibi
2683 4022 3125 4093 repugnantium,
3154 4031 3320 4093 atque
3342 4025 3504 4080 etiam

1924 4125 2125 4172 nostra;
2156 4122 2347 4170 contra
2377 4129 2464 4170 res
2489 4128 2660 4168 vanas
2678 4121 2734 4168 et
2766 4111 2953 4168 futiles
2985 4129 3176 4184 pugnae
3199 4131 3296 4172 seu
3325 4116 3507 4187 dispu-

1925 4206 2178 4262 tationis?
2207 4205 2314 4261 Sed
2335 4205 2596 4276 quoniam
2624 4204 2900 4274 impietate
2921 4207 3338 4276 praeoccupatis,
3361 4209 3508 4262 velut

224 4294 329 4365 τῆς
365 4295 648 4367 ἡμετέρας
667 4297 802 4370 πρὸς
822 4298 889 4352 τὰ
912 4299 1115 4371 μάταια
1145 4301 1444 4372 πράγματα
1479 4302 1658 4373 μάχης
1677 4321 1690 4365 ;
1709 4303 1806 4356 ἀλλ

1930 4296 2175 4368 quaedam
2205 4311 2326 4366 quae
2357 4310 2464 4351 non
2497 4302 2675 4366 potest
2700 4295 2808 4351 elui
2838 4297 3100 4362 tinctura,
3135 4307 3189 4353 et
3226 4298 3402 4354 fraus,
3425 4300 3509 4354 in-

223 4387 428 4460 ἐπειδὴ
458 4393 574 4454 τοῖς
601 4391 1059 4462 προειλημμένοις
1088 4394 1152 4462 τῇ
1184 4392 1428 4463 ἀσεϐείᾳ,
1461 4392 1712 4463 καθάπερ
1744 4411 1828 4458 τις

219 4479 558 4544 δευσοποιὸς
590 4480 737 4553 βαφὴ
757 4522 771 4544 .
798 4482 892 4536 καὶ¹
919 4481 1269 4547 δυσέκνιπτος
1293 4485 1326 4554 ὴ
1358 4485 1538 4555 ἀπάτη
1561 4524 1575 4548 ,
1611 4485 1703 4538 καὶ
1739 4484 1826 4538 διὰ

222 4569 442 4639 βάθους
490 4575 612 4636 ταῖς
659 4574 910 4645 καρδίαις
963 4573 1328 4643 ὲγκέκαυται.
1373 4577 1566 4646 μικρὸν
1617 4576 1698 4630 ἔτι
1751 4575 1827 4646 τῷ

217 4663 382 4733 λόγῳ
404 4663 939 4738 προσδιατρίψωμεν,
959 4668 1012 4721 εἴ
1032 4685 1149 4731 πως
1172 4666 1529 4738 δυνηθείημεν
1547 4668 1643 4740 τῆς
1664 4685 1829 4739 πονη-

219 4757 336 4825 ρᾶς
392 4754 603 4825 ταύτης
651 4756 865 4827 κηλίδος
904 4758 1084 4813 αὐτῶν
1127 4757 1226 4822 τὰς
1279 4758 1455 4829 ψυχὰς
1491 4761 1826 4831 ἀπορρύψαι.

215 4844 428 4900 Εἰπὼν
483 4845 591 4918 γὰρ
641 4846 709 4900 τὰ
749 4847 1045 4919 ιίρημένα,
1093 4849 1188 4903 καὶ
1234 4849 1527 4919 ἐπαγαγὼν
1582 4851 1826 4917 τούτοις,

214 4937 384 4989 κατά
415 4936 511 4989 τὸν
535 4936 824 5009 παιδευτὴν
862 4939 1025 4993 αὐτοῦ
1065 4939 1383 5013 Προύνικον,
1424 4942 1831 5014 ἁσυναρτήτους

1931 4388 2221 4460 expiabilis
2261 4396 2316 4444 et
2356 4384 2692 4458 profundum
2732 4389 2994 4446 cordibus
3021 4389 3204 4445 inusta
3247 4398 3352 4456 est,
3406 4408 3507 4447 nos

1930 4480 2208 4551 paululum
2241 4479 2419 4536 adhuc
2446 4480 2499 4534 in
2539 4479 2642 4534 hoc
2679 4495 2932 4536 sermone
2977 4481 3411 4560 immorabimur,
3460 4485 3505 4538 si

1929 4584 2038 4639 quo
2080 4567 2240 4623 modo
2281 4569 2350 4623 ab
2401 4569 2503 4623 bac
2537 4569 2658 4624 labe
2695 4569 2939 4639 ipsorum
2984 4572 3200 4626 animas
3232 4572 3508 4642 possimus

1929 4659 2110 4717 eluere
2158 4665 2213 4715 et
2245 4661 2545 4731 detergere.
2581 4660 2718 4714 Cum
2754 4660 2896 4716 enim
2943 4661 3262 4730 protulisset
3289 4676 3350 4718 ea
3389 4679 3510 4731 qua:

1931 4761 2060 4807 sunt
2091 4751 2255 4817 dicta,
2289 4761 2453 4822 atque
2486 4752 2647 4806 etiam
2686 4751 3027 4821 subjungens
3063 4751 3394 4818 induxisset,
3427 4771 3512 4806 se-

1931 4842 2170 4897 cundum
2200 4843 2567 4898 institutorem
2599 4858 2758 4898 suum
2796 4841 3112 4910 Prunicum,
3153 4844 3510 4900 inconcinnus

1931 4934 2194 5005 quasdam
2232 4938 2555 5006 ineptasque
2607 4943 2658 4989 et
2687 4936 3023 5004 incongruas
3055 4937 3511 4992 contumeliarum

212 5028 393 5090 τινὰς
425 5027 526 5080 καὶ
567 5028 943 5100 ἀναρμόστους
974 5029 1184 5100 ὓσρεὼν
1206 5047 1265 5083 τε
1295 5029 1390 5084 καὶ
1427 5031 1831 5102 λοιδορημάτων

210 5117 502 5184 ὀκτάδας,
520 5119 612 5174 ἐπὶ
625 5119 717 5173 τδν
739 5119 1022 5191 κολοφῶνα
1049 5120 1157 5175 τῶν
1173 5121 1619 5193 ἐπιχειρημάτων
1638 5121 1830 5194 μετέρ-

213 5227 423 5280 χεται,
452 5211 552 5266 καὶ
572 5211 888 5266 καταλιπὼν
918 5214 1016 5284 τὴν
1052 5213 1436 5282 ἀσυλλόγιστον
1471 5213 1570 5284 τῆς
1606 5215 1831 5284 ματαιό-

209 5316 405 5373 τητος
436 5302 676 5368 ἔκθεσιν,
709 5302 871 5358 πάλιν
898 5307 1012 5367 τοῖς
1061 5304 1308 5375 κέντροις
1343 5303 1442 5373 τῆς
1484 5303 1828 5375 διαλεκτικῆς

211 5392 591 5457 καθοπλίσας
612 5394 703 5448 τὸν
730 5394 908 5464 λόγον,
931 5394 1371 5464 συλλογιστικῶς,
1387 5394 1461 5459 ὡς
1489 5396 1679 5464 οἴεται,
1710 5397 1832 5450 καθ’

210 5485 403 5555 ἡμῶν
426 5486 832 5553 κατασκευάζει
863 5487 926 5541 τὸ
953 5487 1173 5542 ἄτοπον.
1788 5541 1796 5549 .

302 5574 479 5644 Ἔχει
520 5576 579 5630 δὲ
627 5575 801 5642 οὕτως
856 5580 892 5648 η
945 5578 1089 5644 λέξις
1152 5595 1168 5610 ο
1229 5579 1440 5649 Πάσης
1494 5580 1834 5651 γεννήσεως

203 5665 349 5720 οὐκ
391 5665 497 5719 ἐπ’
525 5666 772 5736 ἄπειρον
797 5668 1235 5740 ἐκτεινομένης,
1275 5671 1412 5727 ἀλλ’
1443 5673 1529 5738 εἷς
1560 5689 1614 5726 τι
1654 5671 1824 5735 τέλος

497 5759 768 5823 Ρηιιοι..
807 5763 927 5826 Gn.
965 5763 1156 5825 XLV.

1933 5037 1987 5084 et
2010 5029 2388 5084 conviciorum
2407 5027 2652 5094 octadas,
2679 5036 2794 5082 tum
2816 5028 3035 5084 demum
3061 5030 3127 5085 ad
3153 5031 3512 5102 colopltonetu

1936 5119 2469 5190 argumentationum
2511 5118 2731 5184 transit,
2771 5127 2825 5175 et
2871 5120 3056 5175 relicta
3098 5123 3514 5178 ratiocinatione

1935 5218 2154 5266 carente
2199 5211 2457 5265 vanitatis
2496 5212 2858 5280 expositione,
2910 5228 3101 5267 rursus
3151 5215 3358 5270 aculeis
3397 5215 3514 5270 dia-

1936 5302 2140 5358 lectica:
2203 5316 2455 5356 sermone
2508 5309 2741 5368 armato,
2801 5303 3156 5372 syIIOgistice,
3218 5314 3280 5360 ut
3338 5315 3513 5376 putat,

1935 5405 2131 5452 contra
2164 5411 2264 5451 nos
2295 5395 2396 5458 hoc
2424 5395 2721 5450 absurdum
2755 5397 3056 5465 praestruit.

2003 5579 2094 5636 Sic
2132 5581 2274 5636 enim
2315 5579 2477 5636 habet
2510 5579 2676 5634 dictio
2710 5599 2722 5634 :
2755 5578 2888 5636 Cum
2921 5580 3089 5634 omnis
3118 5583 3383 5652 generatio
3411 5598 3514 5636 non

1938 5671 2253 5729 extendatur
2284 5671 2336 5727 in
2368 5671 2658 5739 inﬁnitum,
2710 5672 2800 5729 sed
2833 5674 2888 5728 in
2921 5673 3147 5745 aliquem
3182 5676 3335 5743 ﬁnem
3369 5671 3513 5726 desi-

3081 5771 3158 5829 26
