4002 6218
496 248 593 304 8H

1730 251 1789 306 S.
1820 250 2144 308 GREGOBll
2181 246 2477 305 NYSSENI
3639 256 3719 311 811

498 374 628 421 nat:
663 384 866 425 necesse
910 380 987 425 est
1021 369 1232 424 omnino
1276 385 1363 425 eos
1390 370 1479 442 qui
1520 370 1644 426 Filii
1686 373 2058 443 generatione»:

2171 370 2654 441 καταληγούσης,
2685 368 2916 441 ἀνάγκη
2969 370 3135 428 πᾶσα
3163 371 3260 429 καί
3301 373 3447 443 τοὺς
3492 377 3717 445 παραδε-

499 458 849 528 odmiserunt,
882 470 1006 515 tunc
1033 479 1265 517 cessasse
1305 464 1568 532 generari,
1610 480 1771 535 neque
1804 463 1872 518 ad
1920 465 2068 532 prin-

496 552 694 621 cipium
721 552 1103 608 incredibiliter
1133 571 1188 609 se
1212 554 1400 611 habere
1427 571 1630 621 eorum,
1663 572 1779 626 qure
1802 555 2066 610 desierunt

495 643 762 711 generari.
790 645 936 714 quies
962 645 1142 714 ﬁrmat
1172 646 1521 715 generationis
1544 654 1593 700 ει
1621 643 1907 716 generandi
1927 644 2067 714 prin-

496 734 723 804 cipium:
763 750 855 790 nec
898 737 979 789 his
1015 736 1172 805 fidem
1200 735 1473 791 detrahere
1500 736 1641 797 licet.
1686 752 1805 791 cum
1846 749 1912 790 ea:
1952 736 2067 803 ipsa

496 834 710 890 natura,
736 835 845 881 tum
868 829 1028 882 etiam
1053 844 1119 883 ex
1142 829 1333 883 divinis
1361 830 1581 900 legibus.
1611 828 1879 895 Quoniam
1902 827 2067 898 igitur

494 917 794 973 secundum
827 919 1147 989 sapientiam
1177 935 1367 974 eorum
1391 921 1482 989 qui
1513 920 1698 973 talium
1733 919 1888 988 periti
1915 927 2062 980 sunt,

493 1007 734 1064 universi
783 1010 1156 1080 propositione
1207 1011 1509 1082 praemissa,
1553 1026 1647 1081 per
1693 1008 2063 1063 inductionem

492 1108 815 1169 praestruere
865 1112 1096 1156 conatur
1142 1103 1195 1158 id
1237 1102 1383 1173 quod
1434 1100 1778 1171 proponitur,
1825 1096 2063 1169 generali

490 1189 868 1260 propositione
919 1193 1301 1261 particularcm
1346 1190 1870 1247 demonstrationem
1916 1203 2065 1243 com-

487 1278 863 1348 prehendens:
892 1281 1045 1351 prius
1068 1282 1211 1352 quod
1235 1282 1545 1337 universale
1564 1288 1648 1336 est
1672 1280 2059 1349 intelligamus:

487 1370 683 1426 deinde
706 1372 786 1427 sic
812 1387 1001 1427 eorum
1030 1389 1150 1444 qttae
1172 1373 1508 1428 inducuntur
1531 1372 1635 1426 vim
1664 1370 2058 1426 examinemus.

487 1460 566 1513 An
602 1459 751 1530 pium
789 1469 873 1515 est
901 1476 966 1516 ex
997 1462 1146 1516 omni
1176 1462 1525 1532 generatione
1556 1462 1716 1517 etiam
1746 1458 1868 1513 Filii
1909 1466 2063 1513 ante-

485 1561 740 1605 ;eternam
765 1554 1169 1622 generationem
1193 1552 1469 1608 indicare?
1494 1552 1574 1606 An
1597 1552 1761 1607 etiam
1786 1549 2061 1622 Unigeniti

485 1642 819 1698 exsistentia'.
839 1658 1189 1701 communem
1218 1653 1469 1700 naturam
1508 1644 1825 1715 magistram
1863 1656 2064 1711 propo-

486 1747 615 1787 nere
634 1734 887 1803 oportet?
913 1735 1026 1805 Ego
1045 1734 1263 1805 quidem
1294 1736 1567 1790 neminem
1594 1749 1659 1789 eo
1684 1734 1911 1787 insaniae
1939 1749 2063 1788 ven-
2093 1717 2133 1771 Β

484 1832 669 1880 turum
700 1841 825 1881 esse
847 1826 1204 1896 speraverim,
1239 1834 1298 1880 ut
1327 1826 1435 1882 tale
1456 1826 1585 1896 quid
1606 1833 1796 1881 contra
1819 1825 2060 1880 divinam

480 1917 891 1987 generationem
926 1918 1258 1989 cogitatione
1287 1918 1564 1985 informet.
1607 1916 1823 1985 Omnis,
1858 1916 2058 1988 inquit,

481 2008 764 2078 generatio
810 2009 863 2063 in
918 2008 1189 2065 infinitum
1236 2024 1344 2065 non
1391 2010 1724 2065 extenditur.
1774 2009 2059 2076 Quodnam

479 2104 566 2152 est
599 2098 972 2168 generationis
1011 2097 1420 2168 significatum?
1448 2100 1532 2153 An
1560 2113 1817 2154 carneam
1849 2106 1903 2153 et
1934 2112 2059 2153 cor-

480 2199 702 2256 porcam
733 2188 1147 2256 conceptionem
1177 2187 1331 2252 dicit,
1365 2188 1451 2243 vel
1485 2188 1909 2243 inanituatorum
1936 2203 2062 2243 con-

478 2276 1003 2352 structionem18ed
1034 2278 1402 2349 corporalium
1434 2280 1848 2350 generationum
1886 2279 2059 2334 mani-

481 2364 601 2422 festi
628 2374 759 2422 sunt
781 2365 1019 2425 affectus
1043 2385 1183 2440 quos
1204 2369 1389 2427 nullus
1410 2370 1478 2425 ad
1504 2371 1747 2425 divinam
1781 2370 2059 2441 operatio-

479 2474 601 2514 nem
626 2458 971 2516 transferret.
998 2461 1176 2532 Atque
1193 2472 1253 2517 ut
1274 2477 1385 2517 non
1412 2472 1624 2518 natura:
1657 2476 1824 2534 opera
1850 2462 2061 2519 deseri-

478 2551 656 2607 tiendo
673 2566 856 2607 sermo
876 2568 1321 2623 supervacaneus
1339 2571 1462 2611 esse
1483 2554 1753 2620 videatur,
1778 2555 1894 2610 haec
1925 2554 2056 2609 talia

475 2644 691 2700 silentio
723 2644 964 2701 involuta
985 2647 1413 2717 przeteribimus:
1438 2648 1682 2718 cujusvis
1705 2649 1848 2704 enim
1876 2655 2058 2703 mente

477 2736 690 2806 μναιαλίιί
730 2752 856 2793 esse
886 2740 1146 2804 arbitror,
1197 2755 1227 2793 a
1261 2740 1445 2811 seipso
1472 2754 1805 2811 cognoscere
1833 2755 2055 2804 causas,

2169 461 2466 530 ξαμένους
2500 460 2608 515 τοῦ
2669 461 2805 515 Υίοῦ
2855 460 2969 531 τὴν
3020 464 3260 532 γένεσιν
3284 506 3299 529 ,
3333 466 3470 517 τότε
3523 465 3717 522 uexari.

2168 555 2307 606 σθαι
2334 552 2551 606 τοῦτον
2586 552 2989 623 γεννώμενον,
3018 552 3175 623 μηδὲ
3211 553 3365 622 πρὸς
3399 553 3517 622 τὴν
3551 555 3719 623 ἀρχὴν

2167 643 2432 709 ἀπίστως
2456 642 2622 713 ἔχειν
2652 642 2773 697 τῶν
2795 642 3200 713 παυσαμένων
3232 644 3340 698 τοῦ
3390 643 3711 714 γεννᾶσθαι,

2167 732 2373 787 παῦλα
2395 734 2712 788 πιστοῦται
2744 733 2857 804 τῆς
2892 751 2956 788 τε
2988 734 3328 804 γεννήσεως
3350 735 3451 789 καὶ
3474 734 3582 791 τοῦ
3608 752 3717 805 τεν-

2165 824 2383 880 νᾶσθαι
2438 826 2554 895 τὴν
2585 826 2783 896 ἀρχὴν
2810 868 2824 893 ,
2878 827 2979 882 καὶ
3031 829 3264 894 τούτοις
3306 827 3587 885 ἀπιστεῖν·
3630 832 3715 884 οὐκ

2164 916 2356 981 ἐστιν,
2383 917 2453 971 ἐκ
2492 934 2559 972 τε
2589 916 2698 985 τῆς
2734 920 2973 988 φύσεως
3010 919 3231 989 αὐτῆς,
3254 918 3342 974 ἔτι
3378 917 3449 973 δὲ
3486 920 3587 974 καί
3624 918 3716 974 τῶν

2166 1008 2339 1062 θείων
2365 1011 2582 1079 νόμων.
2632 1010 2849 1083 Ἐπειδὴ
2881 1013 3060 1065 τοίνυν
3107 1011 3247 1065 κατὰ
3276 1010 3375 1081 τὴν
3406 1011 3603 1081 σοφίαν
3632 1011 3714 1065 τῶν

2164 1098 2233 1150 τὰ
2260 1098 2480 1155 τοιαῦτα
2515 1099 2735 1165 δεινῶν,
2766 1102 2826 1154 τὸ
2870 1101 3095 1155 καθόλου
3144 1101 3427 1174 προσθεὶς,
3468 1103 3714 1171 ἐπαγωγί-

2164 1188 2276 1253 κῶς
2298 1188 2724 1255 κατασκευάζειν
2741 1191 3007 1263 ἐπιχειρεῖ
3033 1190 3095 1243 τὸ
3115 1190 3489 1261 προκείμενον,
3510 1192 3714 1264 ἐμπρε-

2164 1276 2456 1348 λαμὸάνων
2495 1280 2562 1349 τῇ
2603 1281 2793 1350 γενικῇ
2822 1278 3081 1349 προτάσει
3115 1278 3212 1349 τὴν
3256 1279 3350 1331 ἐπὶ
3383 1276 3583 1348 μέρους
3606 1279 3714 1335 ἀπό·

2164 1368 2362 1433 δειξιν,
2412 1371 2676 1441 πρότερον
2720 1370 2782 1424 τὸ
2838 1371 3065 1424 καθόλου
3130 1371 3560 1441 κατανοήσωμεν
3598 1366 3712 1424 ἐἶθ’

2163 1458 2335 1524 οὕτως
2380 1459 2476 1532 τὴν
2518 1440 2627 1514 τέῦν
2682 1460 3037 1532 ἐπαγομένων
3094 1460 3438 1532 ἐξετάσωμεν
3487 1459 3710 1531 δύναμιν.

2162 1545 2287 1622 Ἆρ’
2322 1551 2543 1616 εὐσεϐές
2597 1554 2745 1605 ἐστιν
2803 1554 2868 1606 ἐκ
2926 1552 3104 1623 πάσης
3141 1553 3445 1623 γεννήσεως
3493 1552 3586 1614 καὶ
3636 1548 3714 1603 τοῦ

2164 1643 2298 1696 Υἱοῦ
2340 1643 2718 1716 τεκμήρασθαι
2743 1644 2843 1716 τὴν
2870 1645 3189 1715 προαιώνιον
3227 1644 3476 1712 mem;
3508 1643 3614 1696 Kal
3633 1641 3718 1716 τὴν

2162 1733 2346 1805 κοινὴν
2378 1733 2539 1803 φύσιν
2570 1734 2885 1789 διδάσκαλον
2913 1735 3013 1805 τῆς
3040 1733 3134 1787 τοῦ
3182 1732 3524 1802 Μονογενοῦς
3567 1733 3716 1803 ὑπάρ-

2163 1825 2299 1891 ξεως
2332 1824 2729 1898 προϐάλλεσθαι
2767 1827 2871 1897 χρή
2896 1841 2911 1890 ;
2959 1824 3099 1893 Ἐγὼ
3131 1823 3230 1894 μέν
3261 1824 3361 1877 οὐκ
3386 1822 3454 1877 ἂν
3483 1823 3579 1876 ἐπὶ
3609 1838 3714 1875 τοπ-

2162 1917 2317 1970 οὗτον
2355 1917 2529 1973 ἐλθεῖν
2555 1934 2675 1970 τινα
2726 1916 2922 1988 μανίας
2970 1916 3274 1989 ἐλπίσαιμι,
3304 1915 3380 1980 ὡς
3422 1915 3714 1969 τοιοῦτόντι

2162 2011 2304 2066 κατὰ
2333 2011 2435 2083 τῆς
2481 2010 2633 2077 θείας
2668 2013 2763 2067 καὶ
2806 2012 3085 2083 ἀκηράτου
3132 2011 3505 2085 φαντασθῆναι
3542 2012 3713 2080 γεννήο

2163 2120 2316 2167 σεως.
2350 2103 2532 2169 Πᾶσα,
2561 2103 2727 2174 φησι,
2753 2102 3004 2173 γέννησις
3050 2102 3150 2155 οὐκ
3181 2102 3267 2154 ἐπ’
3310 2101 3539 2170 ἄπειρον
3565 2100 3717 2154 ἐκτεί-

2160 2212 2331 2249 νεται.
2363 2194 2429 2247 Τί
2455 2194 2516 2247 τὸ
2542 2193 2644 2265 τῆς
2684 2192 2986 2265 γεννήσεως
3012 2195 3127 2246 ἐστι
3167 2193 3597 2264 σημαινόμενονς
3620 2192 3714 2262 τὴν

2162 2287 2413 2362 σαρκώδη
2460 2288 2556 2343 καὶ
2613 2288 2927 2359 σωματικὴν
2979 2286 3283 2358 ἀποκύησιν
3338 2286 3589 2356 λέγει,ἢ
3631 2287 3715 2354 τὴν

2160 2380 2503 2452 κατασκευὴν
2533 2381 2643 2435 τῶν
2663 2381 2915 2452 adﬁxum;
2950 2380 3109 2435 Ἀλλά
3137 2381 3244 2435 τῶν
3276 2381 3374 2451 μὲν
3408 2379 3714 2451 σωματικῶν

2160 2474 2464 2544 γεννήσεων
2496 2472 2705 2542 φανερὰ
2732 2472 2801 2526 τὰ
2854 2472 3174 2543 παθήματα,
3203 2470 3348 2541 ἅπερ
3389 2471 3491 2524 οὐκ
3541 2470 3602 2525 ἄν
3644 2486 3716 2531 τις

2160 2566 2252 2619 ἐπὶ
2278 2567 2376 2638 τὴν
2406 2565 2556 2619 θείαν
2584 2565 2836 2637 γέννησιν
2872 2566 3186 2638 μεταφέροι.
3218 2563 3319 2619 Καὶ
3355 2565 3430 2631 ὡς
3459 2563 3525 2618 ἂν
3555 2564 3626 2635 μὴ
3657 2562 3719 2615 τὰ

2157 2654 2256 2725 τῆς
2284 2655 2497 2725 φύσεως
2546 2654 2682 2726 ἔργα
2726 2655 3041 2728 διαγράφων
3064 2658 3092 2711 ὁ
3123 2655 3279 2725 λόγος
3325 2656 3615 2728 παρέλκειν
3639 2655 3718 2707 δο-

2158 2749 2305 2819 κοίη,
2328 2751 2507 2820 σιωπῇ
2539 2748 2607 2801 τά
2650 2746 2872 2802 τοιαῦτα
2914 2746 3361 2819 παρελευσόμεθα
3379 2759 3396 2775 ⁸
3420 2746 3622 2810 παντὸς
3652 2743 3722 2799 οἷ-

477 2829 779 2885 seeundum
809 2846 949 2901 quas
970 2833 1250 2903 generatio
1272 2833 1605 2899 extenditur,
1630 2850 1693 2890 ea
1716 2850 1910 2905 nempe
1936 2849 2058 2905 quae

2162 2858 2259 2913 μαι
2281 2840 2375 2895 τοῦ
2398 2857 2461 2910 γε
2502 2839 2624 2894 νοῦν
2652 2840 2887 2911 ἔχοντος,
2901 2841 2993 2909 ἀφ’
3028 2838 3220 2894 ἑαυτοῦ
3250 2838 3607 2909 γινώσκοντος
3631 2837 3725 2899 τὰς

475 2923 667 2990 incipit
690 2931 743 2977 et
768 2923 1005 2979 desinit:
1045 2925 1268 2996 longum
1294 2926 1440 2981 enim
1465 2934 1613 2981 esset
1641 2935 1696 2981 et
1718 2927 2054 2997 superﬂuum

2158 2932 2338 2995 αἰτίας
2357 2932 2478 2987 καθ’
2495 2930 2561 2997 ἃς
2587 2933 2620 3003 ή
2651 2931 2904 3002 γέννησις
2925 2931 3327 3004 παρατείνεται,
3343 2930 3439 2985 καὶ
3457 2929 3720 3000 ἀρχομένη

476 3014 642 3069 simul
673 3015 858 3069 omnia
891 3024 1149 3071 accurata
1190 3017 1495 3075 subtilitate
1540 3026 1595 3075 et
1646 3018 1925 3091 diligentia
1961 3036 2057 3076 ex-

2160 3026 2252 3080 καὶ
2292 3022 2564 3096 λήγουσΨ
2591 3024 2800 3096 μακρὸν
2833 3024 2942 3094 γὰρ
2967 3023 3033 3077 ἂν
3073 3024 3155 3096 εῖη
3201 3024 3293 3077 καὶ
3340 3021 3590 3094 περιττὸν
3615 3021 3724 3090 ἃμα

477 3121 699 3176 ponere,
733 3108 1110 3178 generantium
1137 3123 1514 3182 congressum,
1547 3117 1602 3165 et
1641 3110 1699 3165 in
1733 3110 2055 3175 visceribus,

2162 3117 2338 3172 πάντα
2388 3117 2455 3170 δι’
2487 3114 2769 3186 ἀκριϐείας
2817 3114 3157 3175 ἐκτίθεσθαι.
3208 3115 3308 3185 τὴν
3361 3114 3575 3169 σύνοδον
3620 3113 3725 3165 τῶν

475 3198 595 3267 ejus
646 3200 738 3268 qui
777 3208 1070 3272 generatur
1123 3201 1527 3267 formationem,
1581 3217 1744 3259 acres
1796 3202 2058 3273 parientis

2160 3207 2493 3278 γεννώντων,
2527 3207 2627 3277 τὴν
2666 3208 2724 3259 ἐν
2748 3209 2859 3270 τοῖς
2908 3207 3235 3277 σπλάγχνοις
3257 3205 3350 3260 τοῦ
3392 3204 3725 3275 γεννωμένου

474 3287 717 3354 dolores,
754 3298 991 3359 partum,
1037 3290 1241 3356 locum,
1273 3299 1512 3361 tempus,
1560 3292 1679 3346 sine
1706 3290 1907 3360 quibus
1937 3306 2058 3346 cor-

2158 3299 2464 3363 διάπλασιν,
2495 3298 2596 3370 τὴν
2628 3298 2812 3362 ὠδῖνα,
2838 3299 2929 3352 τὸν
2953 3298 3132 3366 τόκον,
3157 3298 3249 3351 τὸν
3277 3299 3460 3363 τόπον,
3488 3298 3580 3352 τὸν
3603 3299 3725 3369 χρό-

475 3380 622 3451 poris
657 3385 937 3451 generatio
994 3389 1251 3438 constare
1278 3398 1388 3436 non
1430 3390 1636 3451 potest.
1693 3381 1825 3448 Quae
1871 3384 2056 3437 omnia

2158 3412 2270 3460 νον,
2292 3385 2368 3447 ὧν
2396 3393 2523 3447 ἄνευ
2562 3391 2661 3445 οὐκ
2707 3390 2821 3444 ἐστι
2864 3390 3122 3461 συστῆναι
3165 3389 3417 3462 σώματος
3457 3391 3722 3463 γέννησιν.

473 3472 756 3543 aequaliter
808 3471 877 3527 ab
926 3471 1203 3542 Unigeniti
1263 3472 1618 3543 generatione
1681 3473 1864 3527 divina
1929 3481 2057 3527 sunt

474 3566 676 3620 aliena.
710 3562 767 3618 Si
797 3565 943 3620 enim
994 3578 1164 3619 unum
1219 3563 1352 3635 quid
1405 3564 1603 3619 horum
1651 3564 1840 3619 datum
1885 3572 2054 3629 esset,

475 3654 687 3724 reliqua
732 3653 916 3708 omnia
957 3653 1275 3709 necessario
1322 3660 1753 3723 consequentur.
1788 3652 1857 3709 Ut
1892 3653 2058 3724 igitur

475 3745 621 3802 omni
655 3743 988 3816 cogitatione
1015 3743 1301 3801 aﬂ‘ectibus
1335 3745 1591 3801 immersa
1621 3753 1954 3817 expurgetur
1981 3744 2059 3800 di-

476 3838 600 3892 vina
628 3836 946 3909 generatio,
991 3852 1167 3908 neque
1195 3836 1496 3892 intervallis
1523 3836 1837 3895 distinctam
1875 3838 1930 3893 in
1963 3838 2053 3892 illa

474 3929 852 3985 extensionem
884 3930 1273 4000 intelligamus.
1308 3927 1463 3995 Quod
1487 3928 1631 3983 enim
1662 3929 1854 4000 incipit
1881 3940 1934 3985 et
1965 3930 2057 3986 de-

477 4021 626 4087 sinit,
682 4021 736 4075 in
792 4021 1029 4092 quadam
1085 4020 1407 4077 extensione
1462 4035 1686 4091 prorsus
1748 4029 2050 4092 spectatur.

475 4112 668 4169 Omnis
707 4121 887 4168 autem
918 4114 1168 4169 extensio
1208 4113 1473 4184 temporis
1508 4127 1766 4168 mensura
1801 4127 2052 4182 compre-

477 4207 754 4262 henditur.
786 4205 924 4261 Cum
956 4213 1138 4260 autem
1170 4213 1387 4275 tempus
1413 4220 1521 4271 non
1550 4204 1644 4268 sit,
1679 4219 1791 4274 quo
1814 4211 1867 4258 et
1893 4204 2051 4259 linem

474 4306 528 4354 et
558 4299 887 4369 principium
915 4305 1107 4367 partus
1137 4306 1414 4363 notamus,
1450 4312 1651 4353 vanum
1685 4296 1849 4352 fuerit
1889 4296 2050 4350 tinem

2161 3481 2341 3551 Ἆπερ
2373 3479 2568 3546 ἐπίσης
2594 3479 2772 3532 πάντα
2801 3477 2904 3549 τῆς
2933 3479 3083 3539 θείας
3107 3481 3414 3550 γεννήσεως
3438 3478 3533 3534 τοῦ
3558 3481 3726 3534 Mavo-

2157 3570 2350 3642 γενοῦς
2388 3570 2762 3643 ἠλλοτρίωται.
2781 3568 2844 3623 Ei
2870 3567 2978 3642 γὰρ
3011 3568 3071 3624 ἐν
3102 3587 3154 3623 τι
3184 3569 3388 3623 τούτων
3423 3570 3726 3643 δοθείη,καὶ

2157 3660 2227 3715 τὰ
2270 3659 2434 3716 λοιπὰ
2471 3658 2615 3714 κατά
2652 3658 2830 3712 πάντα
2867 3659 3081 3729 ἀνάγκη
3122 3659 3597 3714 συνεισελεόσεται.
3634 3660 3726 3722 Ὦς

2159 3753 2226 3809 ἀν
2256 3747 2349 3806 οὖν
2378 3749 2673 3821 καθαρεύοι
2714 3748 2889 3819 πάσης
2927 3746 3207 3819 ἐμπαθοῦς
3254 3749 3491 3814 διανοίας
3536 3750 3566 3820 ἡ
3602 3748 3723 3801 θεία

2158 3845 2427 3915 γέννησις,
2481 3841 2602 3895 οὐδὲ
2658 3839 2758 3910 την
2810 3838 3239 3912 διαστηματικὴν
3286 3842 3588 3911 napi-tactv
3635 3838 3723 3891 ἐπ’

2157 3937 2370 4007 ἐκείνης
2398 3936 2697 4009 νοήσωμεν.
2731 3932 2804 3985 Τὸ
2833 3931 2940 4002 γὰρ
2971 3933 3269 4004 ἀρχόμενον
3299 3934 3395 3987 καὶ
3426 3934 3726 4004 παυόμενον

2156 4030 2215 4083 ἐν
2244 4027 2550 4099 παρατάσει
2575 4027 2680 4079 τινὶ.
2710 4027 2991 4098 θεωρεῖται
3013 4025 3247 4088 πάντως.
3284 4025 3444 4079 Πᾶσα
3471 4025 3526 4078 δὲ
3552 4023 3729 4093 mpi-

2154 4137 2311 4184 τασις
2358 4118 2534 4190 χρόνῳ
2574 4118 2980 4189 διαμετρεῖται·
3019 4116 3213 4187 χρόνου
3253 4115 3311 4168 δὲ
3359 4116 3435 4188 μὴ
3479 4117 3640 4179 ὄντος,
3680 4106 3727 4180 ᾧ

2155 4213 2249 4266 καὶ
2287 4211 2438 4275 τέλος
2465 4208 2561 4263 τοῦ
2588 4208 2747 4262 τόκου
2771 4210 2865 4262 καὶ
2892 4206 3066 4279 ἀρχὴν
3093 4206 3728 4279 σημειούμεθα,μάταιον

2156 4304 2220 4357 ἂν
2243 4304 2327 4373 εἴη
2352 4302 2501 4366 τέλος
2522 4301 2614 4355 καὶ
2642 4300 2815 4373 ἀρχὴν
2835 4299 2926 4353 ἐπὶ.
2944 4299 3045 4369 τῆς
3072 4299 3395 4353 ἀδιαστάτου
3425 4299 3727 4368 γεννήσεως

474 4399 530 4445 et
582 4390 910 4461 principium
961 4390 1015 4443 in
1064 4389 1420 4460 generatione
1462 4388 1806 4445 dimensione
1832 4396 2053 4443 carente

2158 4392 2599 4455 ἐννοεῖν,οὑδενὸς
2626 4389 3013 4461 εὑρισκομένου
3041 4389 3407 4459 σημειωτικοῦ
3435 4391 3724 4461 νοήματος.

476 4483 801 4555 intelligere,
828 4497 954 4537 cum
987 4482 1137 4536 nulla
1165 4482 1474 4537 inveniatur
1508 4497 1629 4552 quae
1658 4482 1837 4552 signet
1876 4481 2052 4546 notio,

478 4595 653 4650 neque
684 4578 738 4633 in
769 4594 879 4647 quo
910 4576 1122 4646 incipit,
1156 4590 1334 4645 neque
1361 4575 1428 4629 ad
1460 4575 1609 4645 quod
1641 4575 1865 4631 desinit.
1895 4573 2054 4641 Quod

476 4673 520 4725 si
556 4671 621 4724 ad
655 4670 985 4724 inanimatas
1012 4674 1295 4722 creaturas
1327 4666 1528 4730 cernit,
1556 4675 1611 4721 et
1645 4667 1699 4720 in
1729 4666 1835 4721 illis
1861 4666 2052 4721 eodem

477 4759 638 4815 modo
666 4768 721 4815 et
750 4760 925 4822 locus,
946 4765 1001 4812 et
1033 4765 1270 4827 tempus,
1300 4766 1354 4812 et
1386 4759 1633 4820 materia,
1660 4764 1713 4812 et
1733 4764 2053 4827 apparatus,

476 4861 529 4908 et
568 4851 800 4907 facultas
834 4860 951 4905 arte
980 4849 1285 4920 operantis,
1318 4849 1594 4916 multaque
1634 4848 1762 4902 talia
1817 4863 2055 4904 concur-

477 4945 673 5007 rentia,
718 4942 770 4997 id
819 4943 963 5012 quod
1006 4942 1064 4996 ill
1099 4941 1165 4996 ad
1217 4939 1606 5012 perfectionem
1656 4940 1952 4995 adducunt.
1987 4941 2055 4997 Et

473 5037 736 5107 quoniam
772 5050 897 5090 eum
916 5034 1175 5090 omnibus
1195 5049 1315 5103 qua:
1344 5049 1439 5103 per
1460 5032 1863 5105 generationem
1893 5032 2050 5097 fiunt,

476 5129 703 5183 omnino
742 5126 905 5182 simul
943 5124 1255 5179 extenditur
1288 5131 1524 5193 tempus,
1565 5131 1619 5178 et
1664 5124 2053 5193 praestruetiva‘.

475 5222 639 5276 etiam
675 5220 743 5275 ad
792 5220 843 5274 id
882 5216 1026 5289 quod
1055 5216 1283 5272 etlicitur
1315 5217 1635 5272 occasiones
1683 5215 1844 5269 simul
1888 5213 2052 5268 intel-

478 5311 742 5381 ligantur,
768 5327 889 5364 cum
919 5325 986 5365 eo
1001 5308 1146 5378 quod
1174 5317 1412 5374 creatur,
1440 5308 1556 5363 sive
1571 5305 1699 5377 quid
1723 5305 2048 5370 animatum,

480 5402 594 5455 sive
612 5402 968 5454 inanimatum
984 5400 1075 5463 sit,
1101 5397 1392 5453 manifesta
1407 5397 1530 5452 licet
1548 5397 1815 5461 invenire,
1838 5404 1891 5451 et
1906 5395 2054 5465 prin-

478 5492 616 5560 cipia
643 5509 699 5546 In
729 5493 902 5557 tris,et
920 5502 1162 5547 extrema
1180 5491 1610 5548 constitutionis.
1641 5489 1854 5545 Etenim
1875 5496 2049 5543 mate-

479 5585 573 5638 ria:
590 5584 767 5652 copia,
788 5584 1115 5654 principium
1132 5584 1253 5652 ejus
1267 5583 1412 5654 quod
1429 5581 1772 5637 construitur
1787 5580 2041 5645 etlicitur,

479 5673 722 5729 etlocale
758 5673 1032 5742 quoddam
1069 5675 1284 5744 signum
1326 5675 1474 5745 quod
1507 5680 1723 5743 tempus
1758 5673 2045 5744 consequi-

2154 4484 2274 4539 οὔτε
2308 4485 2367 4539 ἐν
2386 4477 2431 4553 ᾧ
2459 4483 2705 4555 ἄρχεται,
2741 4481 2864 4535 οὔτε
2899 4482 2979 4546 είς
3006 4482 3033 4535 ὃ
3058 4481 3375 4553 καταλήγει.
3414 4482 3478 4535 Εἰ
3506 4481 3560 4532 δὲ
3583 4477 3726 4548 ergo;

2152 4577 2220 4631 τὰ
2274 4575 2456 4646 ἀψυχα
2509 4573 2618 4627 τῶν
2667 4573 2984 4645 κτισμάτων
3041 4560 3197 4645 ὁρᾷ,’
3225 4573 3322 4626 καὶ
3376 4573 3466 4625 ἐπ’
3503 4569 3726 4623 ἐκείνων

2153 4666 2431 4730 ὡσαύτως,
2458 4664 2552 4718 καὶ
2583 4664 2765 4729 τόπος,
2798 4663 2891 4718 καὶ
2916 4663 3126 4735 χρόνος,
3148 4663 3243 4717 καὶ
3284 4661 3409 4733 ὕλη,
3428 4661 3523 4716 καὶ
3546 4674 3693 4730 παρα
3711 4687 3725 4695 ο

2156 4758 2357 4831 σκευὴ,
2386 4759 2477 4812 καὶ
2505 4757 2733 4829 δύναμις
2779 4756 2877 4810 τοῦ
2923 4756 3354 4828 τεχνιτεύοντος,
3403 4756 3498 4810 καὶ
3554 4749 3722 4806 πολά

2151 4849 2376 4904 τοιαῦτα
2401 4848 2773 4920 συνδραμόντα
2792 4848 3162 4920 τελεσιουργεῖ
3190 4848 3251 4902 τὸ
3287 4849 3583 4919 γινόμενον.
3609 4844 3721 4897 Καὶ

2154 4941 2276 4995 ἐπεὶ
2321 4940 2455 4994 πᾶσι
2495 4940 2608 5001 τοῖς
2637 4937 2938 5008 γινομένοις
2969 4938 3466 5009 συμπαρατείνεται
3508 4935 3718 4990 πάντως

2151 5034 2410 5106 ὁχρὸνος,
2441 5033 2535 5086 καὶ
2563 5031 2618 5083 αἱ
2652 5031 3149 5084 κατασκευαστικαὶ
3172 5031 3308 5102 πρὸς
3342 5030 3406 5083 τὸ
3442 5027 3715 5098 γινόμενον

2152 5125 2400 5198 ἀφορμαὶ
2427 5121 2862 5176 σσονεπινοοῦνται
2902 5120 3066 5175 παντὶ
3111 5121 3192 5192 τῷ
3243 5120 3571 5192 κτιζομένῳο
3610 5113 3712 5168 κᾶν

2151 5216 2394 5287 ἔμψυχόν
2422 5232 2496 5277 τι,
2526 5212 2627 5267 κᾶν
2653 5212 2856 5283 ἄψυχον
2882 5207 2941 5287 ᾖ,
2977 5214 3213 5282 φανερὰς
3251 5208 3399 5265 ἔστιν
3421 5211 3593 5281 εὑρεῖν
3622 5204 3713 5259 καὶ

2149 5309 2248 5373 τάς
2277 5307 2453 5378 ἀρχὰς
2484 5306 2577 5359 ἐπὶ
2599 5303 2803 5359 τούτων
2838 5304 2933 5357 καὶ
2966 5303 3066 5369 τὰς
3116 5303 3375 5367 τελευτὰς
3410 5303 3506 5371 τῆς
3532 5294 3709 5353 συστῶ

2152 5416 2307 5462 σεως.
2353 5398 2462 5452 Καὶ
2505 5398 2616 5467 γὰρ
2656 5394 2748 5449 καὶ
2776 5393 2907 5464 ὕλης
2936 5393 3203 5465 πορισμὸς
3241 5392 3382 5464 ἀρχὴ
3423 5390 3513 5445 τοῦ
3546 5402 3709 5441 και-ας

2151 5490 2525 5561 σκευάσματος
2575 5487 2802 5557 γίνεται.
2851 5486 2944 5540 καὶ
2979 5485 3202 5540 τοπικόν
3250 5503 3302 5539 τι
3356 5486 3572 5554 σημεῖον
3622 5474 3716 5531 καὶ

2153 5581 2442 5638 ἀκόλουθον
2473 5580 2679 5651 χρόνου.
2726 5578 2912 5634 Πάντα
2948 5576 3120 5632 ταῦτα
3160 5577 3258 5641 τὰς
3300 5579 3473 5649 ἀρχὰς
3518 5571 3611 5626 καὶ
3645 5568 3714 5647 τᾷ

2150 5674 2277 5747 τέλη
2306 5674 2417 5737 τοῖς
2443 5670 2749 5742 γινομένοις
2775 5668 2967 5742 ὁρίζει,
3003 5669 3097 5724 καὶ
3115 5669 3215 5723 οὐκ
3243 5667 3308 5723 ἄν
3326 5683 3409 5732 τις
3430 5665 3568 5719 etiam
3599 5676 3723 5715 κοι-
