4002 6218
345 203 452 260 813

1472 211 1751 269 CONTRA
1794 213 2179 283 numnum,
2224 215 2351 269 un.
2384 214 2470 268 ix.

3499 203 3600 257 εει

343 318 542 376 νωνίαν
596 316 739 388 ἔχειν
775 319 895 372 τινὰ
927 320 1097 376 ταῦτα
1137 323 1268 394 πρὸς
1316 324 1414 395 τὴν
1453 328 1778 399 προαιώνιον
1820 330 1916 383 τοῦ

2038 342 2142 386 Lur.
2165 330 2292 387 llaec
2315 328 2496 398 omnia
2514 324 2779 398 principia
2793 334 2848 379 et
2872 322 3009 377 ﬁnes
3030 321 3115 376 his
3133 335 3251 390 qua:
3270 319 3402 374 ﬁunt
3425 320 3606 374 deter-

348 409 670 482 μονογενοῦς
711 408 845 464 Θεοῦ
879 410 1133 483 ὓπαρξιν.
1173 415 1334 468 Ὥστε
1367 415 1455 470 διά
1502 418 1610 472 τῶν
1642 412 1742 474 ὦδε
1784 421 1916 474 θεω-

347 502 645 574 ρουμένων,
678 501 851 574 ἀρχήν
883 520 1003 556 τινα
1045 505 1138 558 καὶ
1169 505 1320 570 τέλος
1352 508 1442 561 ἐπὶ
1481 509 1581 580 τῆς
1618 513 1918 582 γεννήσεως

346 589 560 660 ὲκείνης
595 590 1032 682 ἀναλογίζεσθαι.

412 773 634 830 Τούτων
659 771 753 829 οῦν
787 777 917 847 ἡμῖν
945 775 1088 831 οὕτω
1117 778 1479 852 διῃρημένων,
1512 767 1670 833 πάλιν
1715 783 1803 834 τὸν
1834 783 1920 834 λό-

345 883 436 936 γον
465 867 572 919 τῶν
601 866 856 921 ἐναντίων
878 871 1318 941 κατανοήσωμεν.
1338 871 1544 943 Πάσης,
1565 875 1714 943 φησι,
1735 876 1922 946 γεννή-

349 975 485 1022 σεως
515 959 616 1012 οὐκ
636 961 725 1012 ἐπ’
746 961 971 1031 ἄπειρον
1007 951 1407 1034 ἐκτεινομένης,
1429 963 1543 1016 ἀλλ’
1584 963 1665 1028 είς
1693 983 1745 1017 τι
1771 965 1922 1028 τέλος

349 1047 786 1121 καταληγούσης.
825 1051 1042 1122 Ἐπειδὴ
1095 1052 1273 1107 τοίνυν
1315 1053 1561 1124 νενόηται
1584 1054 1644 1108 τὸ
1672 1054 1771 1126 τῆς
1803 1073 1925 1124 γεν-

346 1143 554 1212 νήσεως
599 1141 1017 1212 σημαινόμενον,
1045 1142 1166 1198 καθ’
1206 1144 1472 1214 ἑκατέραν
1512 1143 1754 1212 ἔννοιαν,
1814 1149 1923 1200 εἴτε

343 1233 442 1305 τὴν
462 1233 766 1304 ἀποκύησιν
785 1234 894 1289 τῶν
921 1235 1264 1305 σωματικῶν,
1298 1239 1409 1294 εἴτε
1463 1235 1562 1308 τὴν
1584 1240 1924 1307 κατασκευήν

347 1324 520 1379 ἐθέλοι
549 1325 658 1378 τῶν
683 1325 997 1393 κτισμάτων
1018 1325 1095 1397 τῷ
1115 1326 1340 1398 τοιούτῳ
1363 1329 1643 1399 σημαίνειν
1667 1328 1888 1399 ὀνόματι
1909 1345 1923 1360 ο

345 1411 421 1474 ὧν
458 1417 740 1488 οὐδέτερον
781 1418 874 1470 ἐπὶ
915 1418 1014 1488 τῆς
1046 1418 1326 1490 ἀκηράτου
1356 1419 1569 1488 φύσεως
1608 1419 1706 1492 τὴν
1738 1437 1927 1473 κοινω-

347 1508 464 1564 νίαν
491 1509 627 1579 ἔχει,
649 1508 904 1581 ἀλλοτρία
926 1508 1189 1563 δέδεικται
1220 1508 1312 1563 τοῦ
1345 1510 1704 1583 προκειμένου
1731 1511 1764 1582 ή
1791 1512 1927 1582 πρό-

347 1615 530 1663 τιισις⁹
562 1599 624 1651 ού
651 1597 756 1670 γὰρ
778 1599 966 1670 ἐπειδὴ
1010 1600 1162 1654 πᾶσα
1204 1600 1418 1670 ποίησίς
1449 1618 1508 1654 τε
1551 1601 1644 1654 καὶ
1678 1601 1927 1673 γέννησις

348 1689 427 1753 εἷς
445 1705 497 1741 τι
524 1689 818 1760 καταλήγει
855 1690 1050 1762 πέρας,
1077 1691 1287 1762 ἀνάγκη
1323 1692 1494 1755 πᾶσα,
1517 1691 1698 1756 καθὼς
1725 1694 1928 1756 ἐκεῖνος

347 1778 774 1843 κατασκευάζει,
792 1780 1030 1844 καὶτοὺς
1059 1780 1534 1852 παραδεξαμένους
1557 1780 1649 1834 τοῦ
1680 1780 1810 1835 Υίοῦ
1833 1783 1930 1852 τὴν

347 1871 625 1941 γέννησιν,
654 1869 860 1934 διπλοῖς
889 1870 1058 1943 αὐτὴν
1095 1871 1294 1942 πέρασι
1344 1871 1724 1942 περιγράφειν,
1757 1871 1930 1943 ἀρχὴν

353 1963 446 2017 καὶ
477 1962 631 2027 τέλος
646 1964 732 2016 ἐπ’
757 1963 927 2035 αὐτῆς
947 1962 1277 2028 ἐννοοῦντας.
1303 1964 1454 2018 Μόνα
1478 1964 1585 2036 γὰρ
1612 1964 1678 2018 τὰ
1707 1963 1933 2034 πηλικό-

351 2071 474 2125 τητι
501 2055 866 2127 γεγραμμένα
888 2056 1015 2120 τινἰ,
1050 2057 1144 2110 καὶ
1168 2055 1390 2127 ἄρχεται
1419 2057 1694 2128 γινόμενα,
1727 2056 1820 2109 καὶ
1853 2057 1931 2118 είς

353 2146 528 2219 πέρας
555 2146 730 2218 λήγει.
757 2148 866 2201 Καὶ
900 2148 962 2200 τὸ
990 2149 1054 2201 ἐκ
1085 2147 1178 2201 τοῦ
1206 2148 1398 2219 χρόνου
1442 2147 1636 2218 μέτρον
1667 2147 1745 2218 τῷ
1777 2145 1932 2217 ’ποσῴ

353 2237 446 2292 τοῦ
471 2237 814 2308 γεννωμένου
840 2239 1315 2310 παρατεινόμενον,
1346 2238 1443 2310 τὴν
1467 2239 1642 2311 ἀρχὴν
1667 2238 1816 2309 παρά
1837 2237 1930 2291 τοῦ

354 2328 540 2394 τέλους
565 2329 798 2399 διῖστησι
829 2329 906 2401 τῷ
943 2329 1143 2400 μεταξὺ
1166 2331 1515 2402 διαστήματι.
1545 2330 1618 2383 Τὸ
1647 2330 1705 2384 δὲ
1733 2330 1932 2383 άποσον

356 2421 449 2476 καὶ
470 2422 811 2487 ἀδιάστατον,
830 2422 946 2486 πῶς
957 2423 1025 2477 ἄν
1043 2440 1124 2488 τις
1140 2423 1173 2495 ἢ
1191 2422 1553 2495 μετρήσειενῆ
1573 2423 1929 2491 διαστήσειενς

358 2514 516 2568 Ποῖον
547 2514 640 2567 ἐπὶ
663 2513 758 2567 τοῦ
789 2515 994 2569 ἀπόσου
1033 2515 1230 2589 μέτρον
1256 2514 1502 2586 εὑρὼν,ἢ
1529 2516 1676 2568 ποῖον
1710 2515 1802 2566 ἐπὶ
1836 2512 1932 2566 τοῦ

356 2604 674 2659 ἀδιαστάτου
685 2604 986 2677 διάστημας
1006 2605 1131 2669 Πῶς
1151 2606 1208 2660 δέ
1228 2624 1312 2670 τις
1331 2605 1390 2659 τὸ
1408 2607 1658 2675 ἀόριστον
1681 2603 1821 2657 τέλει
1841 2605 1934 2657 καὶ

357 2697 495 2768 ἀρχῇ
522 2696 879 2768 διαλήψεταις
924 2698 1090 2770 Ἀρχὴ
1122 2697 1231 2767 γὰρ
1265 2699 1358 2753 καὶ
1383 2698 1553 2760 τέλος,
1580 2697 1687 2757 τῶν
1714 2695 1933 2766 διαστη-

359 2788 606 2858 ματικῶν
633 2789 884 2859 περάτων
901 2788 1350 2861 (α).Δταστάσεως
1363 2789 1420 2844 δὲ
1435 2786 1510 2860 μὴ
1525 2785 1714 2860 οὔσης,
1732 2786 1850 2840 οὐδὲ
1875 2787 1934 2840 τὸ

358 2880 532 2950 πέρας
586 2879 764 2934 ἐστίν·
792 2879 930 2934 ἀλλά
990 2877 1095 2950 μὴν
1123 2877 1440 2943 ἀδιάστατος
1484 2880 1518 2949 ὴ
1565 2878 1682 2933 θεία
1737 2879 1932 2948 φύσιςα

2021 423 2253 486 minant,
2274 422 2565 490 nullusque
2591 416 2808 482 dixerit,
2832 416 2947 470 haec
2972 414 3208 484 aliquam
3232 411 3432 467 habere
3455 427 3607 466 eom—

2022 513 2335 568 munionem
2378 526 2508 567 cum
2547 516 2873 564 anteeeterna
2915 504 3190 576 Unigeniti
3225 503 3606 559 subsistentia.

2022 603 2097 658 lta
2123 614 2178 658 ut
2195 620 2289 675 per
2325 604 2438 658 haec
2452 617 2572 672 qua:
2590 601 2670 657 sic
2696 606 3013 670 spectantur
3040 595 3367 668 principium
3389 595 3608 665 aliquod

2022 701 2075 747 et
2103 693 2261 748 ﬁnem
2291 693 2343 748 in
2373 694 2460 748 illa
2487 691 2838 762 generatione
2864 693 3114 758 oporteat
3139 684 3321 738 animo
3345 683 3608 754 cogitare.

2094 791 2190 847 His
2218 793 2382 863 igitur
2416 806 2444 844 a
2474 789 2632 844 nobis
2661 787 2742 842 sic
2770 785 3070 845 distinctis,
3108 799 3304 838 rursus
3341 783 3606 838 refracta«

2024 885 2227 940 riorum
2257 895 2564 938 sermonem
2602 876 2964 949 pensitemus.
2999 873 3132 927 Cum
3169 871 3370 934 mnnis,
3406 871 3605 940 inquit.

2023 975 2304 1046 generatio
2334 987 2443 1028 non
2481 971 2532 1025 in
2569 967 2841 1024 inﬁnitum
2887 963 3235 1024 extendatur,
3293 961 3387 1017 sed
3425 962 3478 1016 in
3510 962 3606 1015 ali-

2025 1081 2186 1134 quem
2241 1067 2400 1118 linem
2442 1060 2674 1118 desinat.
2710 1057 2981 1125 Quoniam
3031 1055 3197 1124 igitur
3236 1054 3606 1125 generationis

2027 1155 2391 1225 signiﬁcatum
2427 1153 2481 1208 in
2514 1163 2746 1222 utroque
2772 1166 2939 1206 sensu
2969 1149 3306 1203 intellectum
3345 1157 3449 1211 est,
3495 1148 3608 1202 sive

2027 1247 2396 1316 corporalium
2427 1251 2776 1315 conceptum.
2810 1243 2925 1298 sive
2948 1256 3141 1296 eorum
3165 1256 3286 1311 quae
3308 1249 3423 1295 arte
3449 1240 3604 1300 ﬁunt,

2028 1337 2153 1392 velit
2207 1335 2312 1390 hoc
2345 1335 2440 1389 tali
2489 1334 2710 1390 nomine
2758 1331 3229 1388 constructionem
3264 1330 3604 1401 signiﬁcare:

2028 1441 2260 1497 quorum
2297 1431 2551 1481 neutrum
2598 1425 2653 1478 in
2689 1421 2981 1478 immortali
3014 1429 3210 1475 natura
3257 1420 3609 1476 communio-

2030 1531 2152 1572 nem
2179 1515 2360 1581 habet,
2394 1515 2570 1568 aliena
2601 1527 2828 1582 prorsus
2861 1526 2889 1564 a
2921 1511 3173 1581 subjecto
3202 1508 3506 1580 propositio
3526 1517 3612 1562 est

2030 1609 2432 1664 demonstrata:
2473 1622 2581 1662 non
2611 1605 2756 1660 enim
2787 1605 3050 1675 quoniam
3093 1603 3275 1658 omnis
3308 1600 3523 1656 eﬁ‘ectio
3557 1611 3613 1654 et

2031 1701 2308 1773 generatio
2355 1701 2410 1755 in
2447 1699 2682 1768 aliquem
2714 1697 2974 1752 desinunt
3017 1695 3333 1758 terminum,
3386 1693 3612 1748 omnino

2032 1809 2254 1850 necesse
2272 1800 2377 1856 est,
2401 1791 2542 1847 sicut
2569 1790 2660 1843 ille
2681 1788 2978 1858 prmstrttit,
3003 1794 3058 1842 et
3081 1801 3175 1840 eos
3198 1784 3290 1856 qui
3317 1782 3440 1839 Filii
3460 1800 3612 1856 gene-

2031 1883 2299 1937 rationem
2333 1879 2726 1951 approbarunt,
2759 1877 2977 1931 duobus
3013 1875 3186 1946 ipsam
3222 1873 3474 1928 terminis
3504 1873 3613 1926 cir-

2031 1974 2421 2040 cumscribere,
2461 1971 2792 2043 principium
2825 1980 2880 2025 et
2914 1968 3074 2025 ﬁnem
3102 1973 3284 2022 mente
3300 1966 3612 2036 concipien-

2031 2071 2135 2121 tes.
2175 2065 2250 2119 Ea
2299 2063 2445 2118 enim
2495 2063 2612 2118 sola
2647 2076 2768 2132 quae
2795 2061 3102 2131 quantitate
3143 2058 3327 2128 aliqua
3374 2059 3614 2113 circum-

2033 2156 2373 2220 scribuntur,
2407 2163 2460 2210 et
2492 2154 2764 2224 incipiunt
2797 2152 2937 2217 ﬁeri,
2967 2159 3020 2207 et
3055 2151 3108 2205 in
3141 2151 3437 2206 terminum
3466 2149 3614 2205 desi-

2033 2255 2189 2301 nunt.
2218 2246 2281 2300 Et
2304 2261 2424 2317 qua:
2448 2257 2688 2318 tempore
2711 2225 2927 2301 constat
2948 2258 3226 2310 mensura,
3251 2241 3382 2297 dum
3408 2250 3614 2312 quanto

2032 2339 2152 2408 ejus
2207 2337 2353 2408 quod
2425 2344 2741 2408 generatur,
2799 2335 3136 2399 extenditur,
3195 2335 3528 2405 principium
3584 2350 3614 2388 a

2035 2430 2141 2486 ﬁne
2182 2427 2508 2485 intermedio
2555 2427 2845 2483 intervallo
2883 2427 3192 2496 distinguit.
3233 2427 3390 2493 Quod
3428 2435 3612 2482 autem

2034 2521 2356 2592 quantitatis
2402 2527 2488 2578 est
2539 2533 2760 2590 expers,
2802 2528 2856 2573 et
2888 2518 3232 2574 dimensione
3274 2524 3447 2580 caret,
3479 2533 3617 2587 quo-

2034 2613 2195 2668 modo
2237 2613 2362 2683 quis
2409 2612 2493 2668 vel
2526 2612 2778 2666 metietur
2816 2611 2900 2665 vel
2927 2609 3266 2680 distinguet?
3307 2609 3613 2676 Quamnam

2033 2705 2088 2760 in
2123 2721 2231 2760 non
2265 2711 2472 2776 quanto
2509 2717 2844 2769 mensuram,
2881 2703 2967 2757 vel
2995 2702 3270 2773 quodnam
3299 2702 3352 2756 in
3381 2717 3446 2757 eo
3471 2701 3617 2771 quod

2035 2793 2237 2848 nullam
2269 2792 2432 2848 habet
2469 2791 2886 2854 dimensionem,
2928 2791 3276 2847 intervallum
3306 2789 3618 2846 invenerit?

2035 2881 2316 2949 Quomodo
2345 2882 2488 2952 quod
2525 2881 2795 2936 inﬁnitum
2831 2888 2936 2946 est,
2975 2882 3084 2936 line
3113 2889 3166 2936 et
3198 2881 3474 2951 principio
3505 2881 3615 2935 diss

355 2971 678 3035 ἀδιάστατος
697 2971 755 3026 δὲ
783 2966 938 3035 οὖσα,
964 2969 1136 3041 πέρας
1166 2971 1266 3024 οὐκ
1291 2970 1424 3041 ἔχει.
1457 2971 1531 3023 Τὸ
1560 2970 1616 3024 δὲ
1644 2970 1930 3042 ἀπεράτω-

2038 2973 2262 3043 pescet?
2305 2971 2438 3027 Nam
2486 2973 2816 3045 principium
2847 2980 2899 3026 et
2947 2971 3070 3028 ﬁnis
3143 2980 3272 3028 sunt
3318 2971 3386 3026 de
3415 2985 3620 3039 genere

352 3082 470 3127 τον,
499 3065 731 3133 ἄπειρον
780 3064 894 3118 ἔστι
939 3081 998 3116 τε
1049 3063 1137 3116 καὶ
1193 3063 1428 3131 λέγεται.
1452 3061 1696 3116 Μάταιον
1733 3063 1844 3134 ἄρα
1877 3063 1938 3115 τὸ

354 3156 583 3226 ἄπειρον
611 3157 751 3227 ἀρχῇ
779 3155 872 3209 καὶ
897 3155 1118 3226 τελευτῇ
1148 3155 1510 3227 περιγράφειν
1534 3170 1546 3184 ⁸
1570 3155 1632 3208 τὸ
1658 3155 1767 3227 γάρ
1789 3173 1941 3228 περι-

353 3247 741 3318 γεγραμμένον
779 3246 1004 3318 άπειρον
1046 3242 1184 3300 εἶναι
1220 3247 1281 3300 οὐ
1323 3245 1565 3300 δύναται.
1589 3245 1757 3299 Πόθεν
1785 3241 1880 3300 οῦν
1913 3248 1941 3298 ὁ

352 3336 702 3402 Πλατωνικὸς
731 3332 884 3402 οὗτος
910 3339 1136 3408 Φαῖδρος
1185 3337 1254 3391 τὰ
1281 3339 1409 3410 περὶ
1450 3338 1624 3410 ψυχῆς
1643 3339 1759 3392 ἐκεῖ
1791 3339 1941 3408 φιλο-

354 3429 663 3501 σοφηθέντα
680 3428 758 3500 τῷ
787 3430 1030 3484 Πλάτωνι
1058 3431 1169 3494 τοῖς
1217 3429 1367 3494 ἰδίοις
1395 3429 1656 3500 δόγμασιν
1697 3431 1935 3500 ἀσυναρ-

350 3524 532 3592 τήτως
562 3521 860 3592 έκράπτεις
905 3522 991 3585 Ὠς
1023 3521 1130 3592 γὰρ
1162 3523 1366 3584 ἐκεῖνος
1407 3521 1524 3574 ἐκεῖ
1569 3519 1786 3574 παῦσαν
1817 3517 1937 3573 εἷπε

356 3616 646 3686 κινήσεως,
680 3612 821 3667 οὕτω
869 3612 1084 3666 παῦσαν
1123 3611 1216 3665 καὶ
1245 3603 1398 3674 οὗτος
1431 3611 1732 3681 γεννήσεως
1766 3612 1938 3665 εἰπεῖν

354 3706 727 3777 ἐπεθύμησεν,
758 3705 832 3770 ὡς
853 3706 918 3758 ἂν
953 3705 1076 3768 τοὺς
1119 3703 1379 3774 ἀπείρους
1408 3701 1610 3754 τούτων
1635 3704 1753 3766 ταῖς
1792 3703 1937 3754 Πλα-

353 3803 615 3864 τωνικαῖς
643 3799 1030 3868 καλλιφωνίαις
1072 3795 1545 3868 περιϐομὸήσειεν.
1579 3796 1688 3849 Καὶ
1730 3794 1939 3858 τούτοις

353 3894 607 3947 ἀπιστεῖν
649 3892 750 3944 οὐκ
787 3891 902 3944 ἐστι
927 3931 940 3953 ,
979 3889 1161 3958 φησιν,
1197 3887 1260 3940 ἐκ
1293 3904 1350 3940 τε
1375 3887 1475 3956 τῆς
1505 3886 1719 3955 φύσεως
1747 3885 1936 3956 αὐτῆς,

353 3985 437 4038 ἔτι
467 3985 527 4038 δὲ
554 3985 648 4038 καὶ
673 3982 781 4036 τῶν
815 3982 971 4036 θείων
996 3981 1294 4050 ὀνομάτων.
1333 3977 1468 4031 Ἀλλ’
1496 3979 1528 4049 ή
1555 3978 1652 4048 μὲν
1679 3977 1842 4046 φύσις
1876 3979 1940 4030 ὲκ

352 4078 467 4131 τῶν
509 4077 817 4148 εἰρημένων
847 4075 945 4128 οὐκ
995 4072 1304 4138 ἀξιόπιστος
1334 4073 1412 4134 εἰς
1450 4068 1796 4122 διδασκαλίαν
1840 4068 1940 4138 τῆς

354 4169 513 4230 θείας
543 4167 850 4238 γεννήσεως
900 4166 1030 4237 ήμῖν
1073 4163 1439 4233 ἀναπέφηνεν.
1491 4159 1625 4214 Οὐδὲ
1665 4159 1713 4211 εί
1738 4158 1829 4212 τὸν
1853 4158 1942 4212 x6-

355 4274 499 4328 σμον
531 4273 616 4320 τις
647 4255 810 4309 αὑτὸν
839 4255 918 4317 είς
954 4252 1253 4321 ὑπόδειγμα
1294 4251 1447 4323 φέρει
1472 4248 1566 4302 τοῦ
1592 4248 1780 4317 λόγου·
1820 4249 1942 4301 ἐπεὶ

2040 3064 2395 3118 terminorum
2427 3079 2548 3136 qua:
2579 3064 2884 3120 intervallis
2913 3062 3349 3136 distinguuntur.
3387 3063 3494 3121 Ubi
3518 3081 3622 3119 au-

2041 3164 2150 3211 tem
2181 3157 2325 3210 nulla
2351 3164 2436 3212 est
2468 3157 2756 3222 dimensio,
2791 3171 2968 3226 neque
3002 3157 3268 3212 terminus
3321 3168 3439 3217 est:
3469 3158 3622 3229 atqui

2040 3247 2220 3303 divina
2257 3256 2449 3303 natura
2480 3259 2627 3302 caret
2657 3248 3018 3304 dimensione.
3051 3248 3187 3303 Cum
3219 3257 3399 3303 autem
3434 3249 3504 3304 sit
3537 3251 3624 3303 in-

2043 3338 2331 3394 terminata
2362 3346 2417 3394 et
2444 3338 2803 3394 dimensionis
2840 3354 3059 3409 expers,
3100 3338 3260 3393 ﬁnem
3293 3354 3403 3393 non
3434 3339 3619 3394 habet.

2041 3430 2198 3498 Quod
2230 3432 2373 3487 enim
2408 3431 2815 3487 interminatum
2841 3438 2944 3490 est.
2977 3429 3250 3486 inﬁnitum
3286 3439 3371 3485 est
3400 3441 3456 3485 et
3484 3429 3625 3484 dici-

2043 3532 2150 3577 tur.
2183 3522 2394 3578 Vanum
2429 3532 2511 3579 est
2540 3522 2706 3594 igitur
2735 3522 3006 3593 principio
3032 3531 3086 3577 et
3115 3523 3220 3576 line
3255 3520 3403 3591 quod
3437 3519 3624 3574 inﬁni-

2043 3622 2157 3668 tum
2205 3623 2291 3668 est
2325 3614 2802 3670 circumscribere.
2851 3612 3009 3680 Quod
3060 3613 3207 3668 enim
3263 3614 3624 3669 circumscri-

2041 3713 2194 3775 ptum
2238 3710 2342 3768 est,
2397 3704 2668 3758 inﬁnitum
2708 3719 2828 3758 esse
2861 3718 2970 3758 non
3013 3711 3212 3773 potest.
3261 3702 3416 3758 Unde
3452 3705 3620 3773 igitur

2041 3793 2130 3846 hic
2159 3790 2418 3847 Phaedrus
2454 3790 2792 3855 Platonicus,
2825 3808 2946 3862 quae
2973 3792 3040 3847 de
3071 3792 3255 3846 animo
3299 3793 3411 3846 illic
3444 3795 3623 3863 philo-

2040 3884 2267 3955 sophice
2297 3891 2530 3938 tractata
2558 3893 2684 3940 sunt
2709 3899 2737 3937 a
2760 3883 3008 3950 Platone,
3042 3882 3158 3938 suis
3184 3884 3419 3939 decretis
3443 3885 3625 3955 inepte

2039 3987 2091 4033 et
2125 3976 2548 4046 incongruenter
2577 3975 2796 4030 assuit?
2829 3985 2887 4029 ut
2917 3975 3062 4030 enim
3094 3975 3186 4030 ille
3207 3977 3466 4031 motionis
3498 3992 3625 4047 pau-

2041 4082 2182 4130 sam,
2220 4063 2273 4119 id
2297 4072 2401 4131 est,
2429 4065 2665 4134 quietem
2698 4064 2807 4116 illic
2836 4062 2996 4127 dixit,
3025 4064 3106 4118 sic
3134 4064 3297 4118 etiam
3330 4063 3431 4118 iste
3459 4080 3622 4134 genc4

2042 4158 2274 4214 rationis
2326 4156 2565 4226 requiem
2603 4155 2718 4210 sive
2772 4154 2932 4210 ﬁnem
2969 4155 3152 4211 dicere
3195 4157 3530 4226 concupivit,
3567 4167 3624 4210 ut

2044 4251 2236 4305 horum
2279 4247 2446 4302 rudes
2476 4255 2530 4302 et
2574 4246 2793 4316 ignaros
2822 4244 2908 4301 his
2951 4246 3293 4317 elegantibus
3329 4246 3623 4319 Platonicis

349 4351 453 4403 καί
479 4351 546 4418 τῇ
575 4345 764 4400 τούτου
794 4345 968 4398 κτίσει
993 4342 1174 4407 καθὼς
1205 4344 1263 4395 ἐν
1293 4344 1358 4412 τῇ
1386 4341 1760 4412 Κοσμογενεὶᾳ
1791 4340 1933 4411 παρὰ

2048 4342 2276 4397 vocibus
2305 4339 2653 4396 bombilaret.
2685 4341 2862 4410 Atque
2907 4339 2993 4396 his
3028 4339 3186 4395 ﬁdem
3214 4339 3476 4411 derogare
3515 4356 3624 4394 non

343 4439 453 4493 τοῦ
495 4437 744 4502 Μωσέως
779 4435 1076 4508 ἐμάθομεν,
1106 4433 1402 4504 συνδιεξῄει
1430 4433 1490 4486 τὸ
1523 4435 1588 4487 ὲκ
1619 4431 1711 4486 τοῦ
1749 4431 1940 4503 χρόνου

347 4533 583 4604 μέτρον,
638 4533 826 4602 ῥηταῖς
859 4530 1091 4601 ήμέραις
1136 4544 1194 4580 τε
1247 4528 1341 4580 καὶ
1384 4525 1533 4592 νυξὶν
1574 4525 1787 4596 ἑκάστῳ
1837 4523 1942 4577 τῶν

343 4624 662 4696 γινομένων
707 4622 848 4677 κατά
871 4638 992 4674 τινα
1029 4621 1182 4684 τάξιν
1211 4618 1306 4672 καὶ
1343 4615 1664 4671 ἀκολουθίαν
1690 4633 1944 4687 παραμε-

338 4717 679 4790 τρούμενον.
712 4718 890 4786 Ὅπερ
918 4715 1010 4768 ἐπὶ
1044 4712 1142 4784 τῆς
1185 4710 1276 4765 τοῦ
1323 4708 1658 4777 Μονογενοῦς
1713 4709 1948 4764 ὑποστά-

340 4827 503 4871 σεως
556 4807 677 4861 οὐδὲ
734 4805 896 4868 αὐτὸς
937 4806 966 4858 ὁ
1009 4802 1115 4857 τῶν
1168 4801 1426 4855 ἐναντίων
1476 4799 1688 4870 δέχεται
1740 4799 1894 4869 λόγος
1926 4817 1939 4830 ·

335 4899 641 4969 ὁμολογῶν
684 4897 788 4970 πρὸ
853 4897 1058 4968 χρόνων
1111 4893 1341 4970 αἰωνίων
1383 4889 1522 4945 εἶναι
1567 4890 1660 4943 τὸν
1715 4889 1938 4961 Κύριον.

2041 4435 2189 4499 licet,
2237 4433 2438 4505 inquit,
2471 4447 2593 4487 cum
2622 4433 2848 4503 cx‘ipsa
2894 4443 3111 4493 natura,
3170 4440 3283 4487 tum
3330 4450 3391 4489 ex
3424 4433 3625 4488 divinis

2041 4528 2270 4599 legibus.
2307 4525 2413 4583 Sed
2444 4534 2661 4588 natura,
2713 4541 2776 4579 ex
2814 4525 2898 4579 his
2928 4543 3050 4596 qua:
3099 4525 3246 4580 dicta
3279 4534 3428 4588 sunt,
3467 4525 3624 4580 testis

2045 4633 2151 4671 non
2180 4617 2282 4672 ﬁde
2308 4617 2474 4686 digna
2503 4616 2568 4669 ad
2607 4616 2803 4671 divina:
2837 4626 3043 4671 natura:
3069 4615 3372 4670 doctrinam
3402 4631 3430 4668 a
3465 4616 3623 4670 nobis

2045 4707 2420 4763 demonstrata
2472 4714 2578 4762 est.
2611 4706 2800 4775 Neque
2848 4706 2893 4760 si
2947 4705 3070 4775 quis
3125 4705 3386 4772 mundum
3443 4707 3624 4775 ipsum

2049 4798 2237 4854 aﬁ‘erat
2286 4799 2344 4854 in
2391 4797 2697 4868 exemplum
2733 4797 2926 4851 horum
2977 4797 3044 4852 de
3072 4798 3271 4867 quibus
3302 4805 3385 4852 est
3420 4812 3622 4875 sermo,

2048 4894 2307 4964 quoniam
2339 4906 2462 4946 cum
2496 4890 2660 4960 bujus
2688 4891 2987 4957 creatione,
3022 4890 3166 4944 sicut
3196 4889 3248 4944 in
3285 4889 3424 4944 libro
3451 4888 3624 4942 Gene-

333 5011 491 5056 seos
531 5013 562 5052 a
608 4994 756 5050 Mose
792 4993 1105 5057 didicimus,
1149 4990 1414 5059 temporis
1467 5000 1722 5040 mensura
1752 4985 1912 5042 simul
1941 4989 2180 5043 excurrit
2214 4989 2380 5044 dictis
2407 4987 2601 5043 diebus
2633 4994 2687 5042 et
2721 4985 2977 5042 noctibus
3035 4986 3236 5055 cuique
3276 4985 3620 5038 nascentium

334 5090 677 5154 attributis,
738 5087 974 5160 quodam
1027 5085 1221 5140 ordine
1269 5089 1324 5138 et
1369 5079 1761 5148 consequentia
1818 5079 2134 5135 distributa.
2183 5080 2343 5149 Quod
2388 5081 2444 5134 in
2476 5080 2754 5150 linigeniti
2817 5078 3197 5139 subsistentia.
3257 5093 3436 5147 neque
3505 5077 3622 5147 ipse

332 5180 817 5239 adversariorum
860 5176 1096 5232 admittit
1129 5187 1352 5229 sermo:
1389 5170 1655 5226 conﬁtens
1687 5177 1814 5224 ante
1847 5178 2093 5240 tempora
2121 5171 2408 5230 secularia
2441 5169 2728 5225 Dominum
2763 5185 2903 5226 esse,

447 5316 773 5371 ’Υπόλοιπον
807 5312 852 5366 δ’
874 5311 939 5367 ἂν
959 5313 1044 5380 εἴη
1067 5309 1167 5380 τὴν
1200 5311 1264 5361 ὲκ
1295 5306 1404 5360 τῶν
1432 5305 1591 5359 θείων
1620 5303 1798 5376 νόμων
1829 5319 1947 5355 συν-

326 5410 598 5486 ηγορίαν
649 5405 742 5461 τοῦ
782 5401 1144 5476 προκειμένου
1176 5399 1528 5469 κατανοῆσαι,
1557 5396 1623 5451 δι’
1661 5392 1730 5469 ἧς
1776 5397 1947 5464 ἐπαγ-

327 5502 619 5579 γέλλεται
640 5499 736 5553 καί⁵
754 5497 904 5560 τέλος
925 5495 1016 5549 καὶ
1034 5493 1208 5566 ἀρχὴν
1229 5493 1326 5562 τῆς
1351 5491 1444 5545 τοῦ
1468 5489 1598 5544 Υῐοῦ
1620 5491 1941 5558 γεννήσεως.

339 5597 628 5666 Ἠμέραν
648 5592 728 5660 τῷ
755 5591 913 5646 τέλει
940 5588 1045 5657 τῆς
1072 5587 1454 5657 δημιουργίας
1489 5585 1820 5645 ἐναπέθετο,
1847 5583 1944 5636 καὶ

2122 5308 2315 5363 Restat
2364 5314 2423 5359 ut
2469 5305 2832 5376 patrocinium
2867 5303 3008 5373 quod
3052 5318 3116 5357 ex
3161 5302 3362 5359 divinis
3412 5304 3622 5376 legibus

2051 5397 2119 5454 ad
2168 5397 2546 5467 probationem
2577 5400 2656 5452 rei
2706 5395 2998 5466 propositae
3047 5391 3318 5448 adducere
3367 5407 3619 5463 conatur,

2049 5491 2463 5559 dignoseamus,
2494 5503 2604 5558 quo
2634 5488 2918 5557 pollicetur
2938 5493 2992 5537 et
3024 5483 3181 5537 ﬁnem
3215 5495 3265 5540 et
3296 5488 3618 5558 principium

2049 5582 2173 5637 Filii
2203 5579 2571 5650 generationis
2595 5579 2984 5636 demonstrare.
3021 5573 3186 5638 Dicm,
3221 5574 3414 5647 inquit,
3451 5584 3617 5649 operis

436 5685 528 5755 (η)
573 5685 752 5742 Ἐστὶν
786 5687 1048 5757 ὀνόματα.
1098 5685 1190 5743 Sic
1221 5686 1495 5746 deiectum
1530 5685 1743 5757 supplet
1799 5682 1933 5741 code

2038 5681 2241 5764 Ioicus.‘
