4002 6218
391 212 497 275 815

1680 218 1742 278 S.
1778 218 2109 277 GREGORII
2148 215 2443 277 NYSSENI
3542 214 3631 271 8l6

389 333 474 391 sui
498 333 938 388 consummationi
979 332 1238 403 deposuit,
1285 341 1342 387 ut
1381 342 1513 390 esset
1544 336 1792 406 principii
1823 337 1939 409 ﬁde:

2058 337 2166 406 τῆς
2195 337 2388 408 ἀρχῆς
2430 335 2547 405 τὴν
2571 335 2797 390 πίστιν.
2837 335 2920 390 οὐ
2950 335 3061 407 γὰρ
3099 333 3213 404 τὴν
3253 332 3494 404 πρώτην
3530 330 3633 399 τῆς

388 433 438 478 et
455 421 845 479 documentum.
865 421 990 476 Non
1016 423 1150 477 enim
1171 424 1399 491 primum
1416 427 1773 501 generationis
1795 427 1955 495 diem,

389 514 481 569 sed
509 518 805 583 septimum,
851 515 906 567 in
935 529 1035 583 quo
1075 513 1140 567 ab
1171 515 1411 584 operibus
1438 518 1653 587 quievit,
1684 521 1739 575 in
1764 537 1945 576 memo-

387 606 524 660 riam
559 607 741 660 mundi
767 608 1045 663 creatianis
1072 608 1233 665 dedit.
1273 608 1357 665 An
1384 611 1582 682 aliquis
1605 612 1959 683 persuadebi-

383 706 475 754 tur
493 700 561 754 ab
583 698 676 755 illo
701 700 815 755 haec
837 700 1040 772 scripta
1061 716 1203 768 esse,
1223 708 1277 757 et
1302 717 1409 757 non
1433 718 1464 757 a
1484 704 1642 760 nobis
1670 703 1724 758 in
1746 703 1957 759 calum-

383 791 530 845 niam
560 791 751 862 scripti
780 792 1102 863 interposita
1132 807 1254 849 esse
1282 793 1370 847 illa
1401 793 1566 861 dicta,
1597 801 1656 849 ut
1682 793 1958 850 videretur

384 883 646 939 ridiculus
675 884 1001 948 lectoribus,
1044 885 1172 940 dum
1212 901 1333 955 qua:
1360 886 1563 940 nullam
1595 886 1797 943 habent
1817 900 1959 941 eom-

381 973 718 1036 munionem.
756 987 881 1028 cum
912 974 997 1029 his
1032 989 1152 1043 qua:
1185 974 1240 1029 in
1279 976 1639 1045 quaestionem
1665 984 1953 1041 vocantur,

381 1061 448 1116 ad
480 1062 999 1118 demonstrationem
1048 1063 1348 1133 pertrahit?
1372 1063 1584 1120 Etenim
1615 1065 1761 1136 quod
1806 1080 1956 1137 quae-

379 1148 603 1204 rebatur
633 1150 737 1206 hoc
759 1160 896 1218 erat,
926 1159 986 1205 ιιι
1009 1167 1202 1223 nempe
1233 1151 1636 1209 demonstraret
1665 1155 1807 1212 sicut
1840 1157 1956 1227 ipse

379 1242 663 1312 professus
702 1243 899 1310 fuerat,
928 1242 1125 1298 Filium
1173 1258 1298 1298 cum
1341 1259 1450 1299 non
1492 1253 1660 1310 esset,
1713 1247 1954 1317 genitum

376 1350 517 1401 esse,
541 1336 637 1393 sed
660 1337 1025 1408 generationis
1044 1337 1374 1408 principium
1386 1337 1683 1408 accepisse,
1701 1345 1756 1393 et
1775 1351 1951 1394 cessa-

377 1427 546 1481 tionis
577 1442 702 1482 cum
741 1428 961 1499 genitus
990 1436 1097 1494 est,
1150 1427 1314 1483 veluti
1364 1428 1598 1498 quodam
1648 1437 1805 1498 partu
1858 1426 1951 1498 qui

376 1517 780 1588 generationem
832 1528 1073 1589 tempore
1104 1518 1408 1590 protrahat.
1440 1518 1521 1573 Ad
1565 1517 1618 1574 id
1649 1532 1777 1574 vero
1826 1531 1954 1588 pro-

375 1609 614 1664 bandum
647 1610 773 1667 talis
809 1619 894 1665 est
941 1610 1060 1680 ejus
1109 1611 1481 1681 praestructio:
1507 1611 1768 1681 populum
1801 1608 1953 1665 vide-

2061 427 2401 497 γεννήσεως
2422 426 2670 496 ἡμέραν,
2697 424 2858 479 ἀλλὰ
2882 424 2999 492 τὴν
3034 424 3293 495 ἑϐδόμην
3312 424 3383 479 ἐν
3404 416 3447 495 ᾖ
3472 432 3632 477 κατε*

2061 533 2300 573 πηυσεν
2338 516 2455 572 ἀπὸ
2505 514 2626 569 τῶν
2661 515 2850 586 ἔργων
2868 556 2884 580 ,
2910 515 3094 570 ἔδωκε
3136 516 3249 584 τὴν
3296 514 3630 584 ὑπόμνησιν

2058 607 2169 678 τῆς
2197 607 2603 679 δημιουργίας.
2638 606 2789 680 Ἀρά
2814 625 2897 672 τις
2948 608 3301 679 πεισθήσεται
3336 608 3467 678 παρ’
3493 607 3628 659 ὲκεί-

2058 718 2151 756 νου
2189 698 2363 754 ταῦτα
2406 699 2736 771 γεγράφθαι,
2764 700 2861 754 καὶ
2899 700 3020 770 οὐχὶ
3054 700 3184 771 παρ’
3211 699 3368 769 ἡμῶν
3402 698 3497 751 ἐπὶ
3521 697 3629 750 δια-

2059 788 2189 861 ϐολῇ
2218 788 2312 843 τοῦ
2337 789 2764 861 συγγράμματος
2792 786 3241 860 παρεντεθεῖσθαι
3261 786 3327 841 τά
3349 785 3626 858 εἰρημένα,

2054 881 2132 946 ὡς
2157 881 2233 943 ἂν,
2263 881 2665 949 καταγέλαστος
2697 880 2877 951 δοκοίη
2912 882 3026 944 τοῖς
3064 877 3482 950 ἐντυγχάνουσιν
3505 918 3520 943 ,
3567 876 3630 931 τά

2059 973 2227 1046 μηδὲν
2276 972 2635 1027 κοινωνοῦντα
2675 975 2789 1036 τοῖς
2832 970 3184 1044 ζητουμένοις
3222 971 3303 1034 είς
3360 968 3630 1033 ἀπόδειξιν

2055 1064 2165 1118 τῶν
2209 1063 2582 1135 προκειμένων
2614 1061 3122 1135 ὲπισυρόμενοςςτὸ
3168 1061 3276 1132 γὰρ
3305 1058 3630 1131 ζητούμενον

2053 1151 2141 1227 ἦν,
2181 1155 2348 1222 δεῖξαι
2378 1154 2560 1218 καθὼς
2590 1153 2951 1224 ἐπηγγείλατο
2987 1163 3062 1225 μη
3095 1153 3222 1207 ὅντα
3254 1156 3345 1206 τὸν
3374 1151 3506 1205 Υίδν
3550 1168 3630 1220 γε·

2054 1244 2347 1315 γενῆσθαι·
2377 1243 2493 1297 ἀλλ’
2525 1243 2701 1315 ἀρχήν
2730 1260 2790 1296 τε
2836 1241 3019 1296 λαϐεῖν
3060 1243 3364 1310 γεννήσεως
3409 1241 3506 1293 καὶ
3540 1239 3629 1311 λή-

2056 1337 2224 1405 ξεως,
2254 1334 2592 1406 γεννώμενον
2612 1374 2626 1399 ,
2662 1328 2774 1387 οἷόν
2821 1351 2967 1398 τινος
3017 1333 3205 1396 ὠδῖνος
3248 1332 3427 1403 χρόνῳ
3460 1316 3635 1404 παραέ

2054 1427 2331 1498 τεινούσης
2358 1427 2456 1497 τὴν
2483 1426 2753 1496 γέννησιν.
2790 1423 2854 1478 Ἥ
2889 1425 2947 1478 δὲ
2980 1426 3058 1488 είς
3109 1422 3266 1477 τοῦτο
3318 1423 3624 1494 κατασκευή

2052 1517 2135 1580 τίς
2159 1535 2174 1582 ;
2207 1516 2280 1570 Τὸ
2303 1515 2647 1580 σαϐϐατίζειν
2671 1516 2736 1568 ὲκ
2763 1514 2927 1585 νόμου
2951 1514 3091 1568 κατὰ
3113 1514 3213 1586 τὴν
3239 1514 3476 1586 ἑϐδόμην
3496 1513 3627 1585 mte-

2056 1628 2154 1682 ραν
2179 1609 2269 1663 τὸν
2310 1609 2575 1680 Ἑϐραίων
2593 1607 2743 1664 λαόν.
2772 1601 2844 1660 Ὦ
2875 1608 3014 1677 πόση
3041 1607 3329 1677 συμφωνία
3357 1606 3459 1677 τῆς
3493 1622 3626 1677 μαρ-

375 1699 502 1755 licet
526 1701 813 1756 Hebraeum
868 1715 934 1756 ex
961 1702 1082 1773 lege
1108 1700 1340 1770 septimo
1375 1715 1594 1771 quoque
1630 1700 1718 1756 die
1750 1700 1939 1756 sabba-

2052 1700 2241 1774 τυρίας
2289 1701 2426 1772 πρὸς
2471 1699 2534 1753 τὸ
2581 1700 2970 1771 προκείμενονί
3018 1696 3234 1769 Ἐπειδὴ
3279 1698 3509 1768 τιμᾶται
3562 1698 3624 1768 τῇ

372 1792 564 1847 tizare.
598 1788 644 1845 Ο
668 1800 876 1861 quanta
914 1798 999 1847 est
1024 1791 1091 1845 ad
1133 1792 1186 1847 id
1225 1791 1369 1863 quod
1422 1790 1765 1862 probandum
1818 1805 1946 1861 pro-

371 1882 618 1952 ponitur,
676 1881 977 1939 testimonii
1042 1881 1437 1939 consonantial
1506 1883 1947 1956 quandoquidem

369 1975 553 2045 quiete
572 1981 625 2029 et
650 1979 762 2029 otio
782 1974 1078 2030 Sabbalum
1108 1991 1139 2030 a
1158 1973 1346 2031 iudaeo
1366 1975 1693 2040 celebratur,
1723 1975 1949 2031 demon-

371 2073 607 2120 stratum
664 2073 771 2129 est,
830 2074 888 2120 ut
944 2066 1046 2122 iste
1100 2073 1365 2132 autumat,
1412 2064 1700 2120 Dominum
1754 2073 1948 2136 partus

372 2156 701 2226 principium
742 2154 1023 2221 habuisse,
1079 2163 1134 2212 et
1188 2164 1404 2227 partum
1460 2157 1758 2227 quievisse.
1804 2155 1948 2223 Quot

369 2247 476 2301 alia
507 2246 574 2301 ad
606 2247 711 2301 hoc
758 2246 1073 2303 testimonia
1102 2246 1231 2302 huic
1278 2248 1533 2320 scriptori
1573 2247 1944 2319 praetermissa

368 2343 516 2400 sunt,
548 2335 720 2392 nihilo
752 2351 818 2393 eo
849 2338 991 2407 quod
1016 2337 1224 2393 dictum
1262 2346 1347 2394 est
1380 2340 1447 2395 ad
1487 2339 1700 2411 quaesiti
1738 2339 1946 2395 consti-

366 2429 629 2484 tntionem
660 2426 963 2484 inferiora?
984 2425 1118 2495 Qua:
1150 2436 1346 2485 octavo
1384 2430 1474 2486 die
1513 2429 1675 2488 ﬁebat
1707 2432 1943 2486 circum-

365 2518 542 2574 cisio:
583 2532 918 2590 azymorum,
951 2520 1003 2575 id
1043 2528 1147 2588 est,
1191 2521 1698 2577 infermentatorutn
1739 2536 1941 2592 panum

363 2609 702 2678 hebdomas;
744 2610 1063 2683 mysterium
1108 2612 1252 2682 quod
1285 2611 1691 2683 decimaquarta
1733 2612 1942 2667 lunaris

362 2713 563 2756 cursus
595 2700 1003 2757 celebrabatur:
1043 2701 1381 2772 purgationis
1429 2702 1734 2770 sacriﬁcia;
1772 2703 1943 2773 lepra-

363 2805 488 2847 rum
540 2791 874 2857 observatio,
934 2792 1098 2857 aries,
1153 2793 1380 2858 vitulus,
1431 2792 1689 2864 iuvenca,
1751 2794 1940 2850 hircus

363 2883 706 2951 emissarios,
752 2898 935 2955 caper.
967 2882 1123 2949 Quod
1155 2883 1201 2938 si
1237 2883 1351 2937 haec
1379 2899 1412 2938 a
1456 2882 1735 2954 proposito
1778 2883 1939 2953 longe

363 2985 574 3033 remota
602 2984 752 3043 sunt,
782 2977 1056 3048 quomodo
1095 2977 1229 3032 illud
1254 2976 1395 3031 intra
1417 2977 1727 3046 quaesitum,
1751 2975 1937 3031 dicant

2051 1792 2220 1865 ἀργίᾳ
2245 1792 2398 1863 παρά
2419 1791 2512 1845 τοῦ
2554 1790 2808 1845 Ἰουδαίου
2831 1791 2892 1843 τὸ
2926 1788 3222 1854 Σάϐϐατον,
3254 1777 3626 1843 ἀποδέδεικται

2048 1878 2110 1930 τὸ
2144 1878 2232 1932 τὸν
2271 1877 2493 1950 Κύριον,
2525 1877 2709 1941 καθὼς
2742 1872 2895 1938 οὗτος
2934 1877 3103 1946 λέγει,
3132 1878 3306 1950 ἀρχήν
3344 1894 3407 1930 τε
3443 1868 3623 1931 λαϐεῖν

2047 1968 2141 2023 τοῦ
2177 1970 2357 2031 τόκου,
2388 1970 2481 2025 καὶ
2499 1969 2814 2042 τικτόμενον
2847 1967 3179 2022 παύσασθαι.
3205 1967 3379 2022 Πόσαι
3407 1971 3505 2022 καὶ
3532 1968 3624 2021 άλ-

2047 2060 2135 2115 λαι
2153 2061 2289 2134 πρὸς
2307 2061 2463 2116 τοῦτο
2497 2062 2795 2135 μαρτυρίαι
2821 2060 2898 2132 τῷ
2918 2061 3240 2132 λογογράφῳ
3264 2061 3622 2134 παρείθησαν,

2047 2151 2197 2205 οὐδὲν
2231 2152 2329 2224 τῆς
2361 2153 2656 2224 εἰρημένης
2700 2152 2835 2222 πρὸς
2876 2151 3135 2206 σύστασιν
3164 2151 3258 2206 τοῦ
3286 2149 3621 2223 ζητουμένου

2046 2244 2362 2317 λειπόμεναι
2395 2263 2411 2311 ;
2454 2246 2518 2298 Ἠ
2558 2244 2701 2298 κατά
2729 2247 2827 2314 τήν
2871 2245 3062 2318 ὀγδόην
3113 2248 3418 2318 περιτομή·
3453 2249 3487 2318 ἡ
3517 2247 3622 2300 τῶν

2046 2336 2270 2408 ἀζύμων
2298 2337 2530 2408 ὲϐδομάς
2548 2354 2562 2369 ’
2589 2337 2650 2390 τὸ
2704 2338 2762 2391 ὲν
2789 2337 3354 2409 τεσσαρεσκαιδεκάτῃ
3387 2337 3482 2391 τοῦ
3531 2355 3618 2391 σε·

2045 2428 2257 2500 ληνείου
2277 2428 2476 2500 δρόμου
2507 2429 2832 2500 μυστήριον·
2850 2430 2906 2481 αἱ
2928 2427 3019 2481 τοῦ
3044 2428 3386 2500 καθαρισμοῦ
3417 2429 3615 2491 θυσίαι,

2044 2520 2078 2590 ή
2106 2519 2233 2591 περὶ
2261 2519 2368 2573 τῶν
2388 2519 2629 2591 ’λεπρῶν
2658 2521 3058 2591 παρατήρησις,
3085 2523 3115 2574 ό
3142 2521 3312 2593 κριὸς,
3339 2523 3368 2575 ό
3401 2521 3613 2592 μόσχος,

2043 2609 2076 2679 ή
2105 2607 2355 2679 δάμαλις,
2389 2609 2418 2659 ὁ
2464 2609 2863 2678 ἀποπομπαὶος,
2894 2610 2923 2661 ό
2961 2607 3214 2679 χίμαρος.
3251 2606 3315 2660 Εί
3343 2607 3401 2660 δὲ
3446 2606 3613 2660 ταῦτα

2042 2699 2231 2771 πόρρω
2272 2699 2380 2754 τῶν
2405 2698 2777 2771 προκειμένων
2809 2700 2975 2764 ἐστὶν,
3014 2699 3131 2763 πῶς
3155 2699 3304 2763 ὲντὺς
3327 2700 3502 2753 έκεῖνο
3520 2698 3610 2751 τοῦ

2043 2790 2395 2863 ζητουμένου,
2434 2790 2742 2860 λεγέτωσαν
2786 2792 2835 2844 οί
2887 2791 3124 2863 ζηλωταὶ
3159 2791 3267 2845 τῶν
3314 2788 3610 2846 Ἰουδαϊκῶν

2045 2883 2377 2955 μυστηρίων.
2432 2883 2624 2954 Ἡμεῖς
2679 2886 2787 2955 γὰρ
2831 2884 3207 2955 μικροπρεπὲς
3238 2901 3297 2938 τε
3332 2884 3425 2937 καὶ
3466 2883 3611 2937 ἄναν-

2038 2975 2163 3047 δρον
2206 2977 2268 3029 τὸ
2315 2976 2427 3039 τοῖς
2475 2974 2851 3045 προκειμένοις
2886 2975 3237 3046 ἐπεμϐαίνειν
3286 2977 3606 3047 νομίζοντες,

360 3070 707 3126 aemulatores
749 3068 1101 3125 Judaicorum
1154 3070 1563 3145 mysteriorum.
1624 3067 1736 3125 Nos
1791 3070 1936 3124 enim

2043 3065 2452 3138 ἀναζητήσομεν
2480 3065 2543 3117 ὲκ
2570 3065 2668 3136 τῆς
2697 3064 2805 3119 τῶν
2842 3066 3241 3138 γεγραμμένων
3270 3066 3603 3130 ἀκολουθίας,

358 3166 553 3229 parum
595 3157 857 3213 decorum
912 3165 966 3214 et
1011 3159 1145 3215 viris
1199 3159 1480 3231 indignum
1531 3158 1934 3225 existimantes,

359 3247 656 3318 propositis
709 3248 948 3305 insidere
977 3285 996 3313 ,
1036 3264 1103 3305 ex
1158 3249 1489 3320 scriptorum
1541 3248 1936 3305 consecutione

360 3320 721 3409 inquiremus,
755 3340 800 3394 si
831 3339 965 3410 quid
993 3339 1101 3396 tale
1136 3349 1242 3406 est,
1272 3340 1433 3411 quale
1462 3340 1639 3411 possit
1674 3339 1936 3395 collucta-

358 3435 465 3486 torl
500 3431 759 3487 sudorem
807 3446 1045 3488 movere.
1078 3430 1213 3499 Quae
1253 3432 1420 3504 igitur
1464 3432 1520 3488 in
1554 3432 1933 3502 sequentibus,

357 3521 426 3578 de
450 3538 519 3578 eo
559 3523 702 3593 quod
749 3539 859 3579 non
909 3530 1160 3595 oporteat
1209 3524 1469 3595 quiddam
1518 3523 1757 3581 medium
1791 3523 1936 3579 inter

356 3611 575 3671 Patrem
606 3620 659 3670 et
684 3612 879 3669 Filium
911 3616 1172 3687 cogitare,
1200 3624 1532 3687 praestruens
1562 3615 1932 3687 persequitur,

357 3709 421 3757 ut
448 3703 684 3774 quodam
712 3703 875 3760 modo
904 3714 1099 3762 nostro
1121 3706 1360 3777 dogmati
1394 3706 1777 3762 convenientia
1797 3721 1934 3777 prae.

355 3794 554 3851 teribo.
589 3794 748 3851 Esset
785 3797 927 3851 enim
959 3797 1158 3854 mentis
1189 3796 1608 3855 inconsiderata:
1646 3806 1700 3854 et
1734 3798 1934 3869 iniquas

356 3885 520 3943 simul
545 3892 599 3941 et
627 3900 806 3954 saevae,
838 3886 892 3942 in
922 3887 1010 3944 his
1040 3904 1161 3959 quae
1182 3888 1461 3953 dicuntur,
1484 3903 1595 3962 non
1619 3887 1933 3944 discernere

353 3979 502 4050 quod
529 3979 812 4035 innoxium
844 3987 927 4035 est
963 3988 1017 4035 et
1053 3981 1172 4037 sine
1204 3982 1452 4048 crimine,
1482 3987 1536 4036 et
1574 3979 1719 4049 quod
1745 3979 1932 4034 crimi-

355 4087 552 4128 nosum
599 4080 704 4128 est.
743 4070 1023 4142 Siquidem
1078 4088 1202 4129 cum
1240 4071 1442 4129 Iudaeis
1494 4085 1744 4143 pugnans
1793 4083 1928 4126 con-

353 4162 531 4218 cessis
573 4175 681 4217 non
721 4163 1042 4233 acquiescit,
1078 4163 1450 4220 immediatum
1474 4162 1683 4229 dicens,
1716 4170 1771 4218 et
1798 4177 1930 4219 con-

352 4265 554 4306 nexum
604 4266 713 4308 non
763 4252 1077 4321 admittens,
1127 4261 1182 4311 et
1231 4266 1344 4311 non
1374 4267 1497 4310 esse
1548 4251 1754 4323 aliquid
1804 4259 1931 4307 ante

352 4342 701 4416 Unigenitum
725 4348 991 4419 cogitans,
1009 4352 1061 4399 et
1075 4358 1199 4402 esse
1213 4346 1407 4403 Filium
1424 4348 1732 4419 suspicans,
1750 4347 1845 4404 sed
1862 4346 1931 4403 de

2040 3157 2095 3210 εἴ
2124 3174 2177 3209 τι
2219 3155 2460 3210 τοιοῦτόν
2493 3157 2659 3219 ἐστιν,
2691 3152 2803 3210 οἷον
2850 3157 3049 3230 ἱδρῶτα
3087 3158 3303 3230 κινῆσαι
3336 3160 3412 3230 τῷ
3449 3177 3608 3233 προσ.

2038 3248 2341 3302 παλαίοντι.
2378 3247 2518 3300 Ὅσα
2549 3246 2728 3302 τοίνυν
2758 3249 2815 3302 ὲν
2841 3250 2953 3313 τοῖς
2995 3248 3192 3321 ἐφεξῆς
3223 3251 3351 3323 περὶ
3373 3250 3467 3304 τοῦ
3511 3269 3609 3321 μη-

2038 3340 2127 3393 δὲν
2155 3339 2319 3411 μέσον
2334 3356 2387 3391 τι
2414 3337 2507 3392 τοῦ
2524 3337 2667 3391 ,Υίοῦ
2696 3339 2788 3393 καὶ
2812 3340 3023 3410 Πατρδς
3047 3341 3268 3403 ἐννοεῖν,
3284 3344 3610 3396 κατασκευά·

2039 3430 2147 3496 ζων
2184 3427 2467 3496 διέξεισιν,
2499 3428 2575 3491 ὡς
2617 3428 2982 3499 συμϐαίνοντά
3029 3447 3148 3495 πως
3186 3431 3266 3503 τῷ
3308 3433 3428 3486 καθ’
3467 3435 3608 3504 ἡμᾶς

2034 3523 2281 3595 δόγματι,
2315 3520 2743 3594 παρελεύσομεν.
2784 3521 3153 3595 Ἀδιακρισίας
3173 3524 3283 3595 γάρ
3313 3524 3379 3578 ἂν
3409 3525 3492 3596 εἴη
3520 3525 3608 3579 καὶ

2035 3612 2424 3685 ἀγνωμοσύνης
2462 3614 2598 3684 ἄμα,
2635 3613 2708 3686 μὴ
2739 3613 3033 3685 διακρίνειν
3063 3615 3120 3668 ὲν
3159 3618 3271 3678 τοῖς
3300 3615 3609 3687 λεγομένοις

2032 3706 2094 3760 τὸ
2119 3704 2405 3761 ἀνεύθυνόν
2435 3723 2494 3759 τε
2536 3705 2629 3760 καὶ
2672 3704 2735 3759 τὸ
2775 3706 3044 3760 ὑπαίτιον.
3089 3707 3308 3778 Ἐπειδὴ
3329 3710 3439 3772 τοῖς
3478 3708 3607 3761 ’1ου-

2033 3797 2204 3861 δαίοις
2260 3797 2565 3869 μαχόμενος
2586 3837 2601 3862 ,
2634 3796 2735 3850 οὐκ
2762 3796 3070 3853 ἀκολουθῶν
3092 3802 3204 3863 τοῖς
3241 3800 3606 3871 ὁμολογουμέ-

2033 3903 2165 3951 νοις,
2206 3884 2304 3941 καὶ
2331 3886 2393 3939 τὸ
2430 3886 2633 3958 άμεσον
2664 3886 2858 3955 λέγων,
2892 3888 2986 3941 καὶ
3016 3889 3077 3942 τὸ
3116 3890 3349 3958 συναφὲς
3377 3890 3439 3943 οὐ
3462 3889 3608 3960 6516-

2036 3995 2214 4049 μενος,
2251 3978 2345 4031 καὶ
2374 3977 2432 4030 τὸ
2471 3977 2548 4049 μὴ
2577 3974 2716 4032 εἷναί
2758 3995 2808 4032 τι
2860 3980 2965 4050 πρὸ
3008 3980 3100 4034 τοῦ
3142 3981 3481 4051 Μονογενοῦς
3522 3984 3605 4035 ὲν-

2032 4068 2188 4135 νοῶν,
2219 4068 2314 4122 καὶ
2343 4068 2403 4122 τὸ
2434 4063 2573 4123 εἶναι
2603 4069 2731 4124 Υἱδν
2777 4069 3037 4135 ὑπονοῶν,
3067 4072 3202 4126 ἀλλὰ
3246 4073 3489 4145 περὶτοῦ
3535 4073 3605 4144 μὴ

2030 4160 2160 4214 ὄντα
2198 4157 2524 4231 γεγενῆσθαι
2570 4159 2991 4231 διαμαχόμενος.
3037 4162 3252 4235 Μικρὸν
3291 4164 3352 4218 ὲν
3398 4163 3608 4226 τούτοις

2030 4251 2439 4323 άσχοληθέντες,
2465 4251 2554 4305 διά
2581 4252 2641 4305 τὸ
2669 4256 2780 4317 τοῖς
2819 4253 3084 4323 φθάσασιν
3114 4254 3314 4319 ἱκανῶς
3338 4255 3441 4326 ἤδη
3471 4271 3607 4326 προ-

2032 4343 2462 4399 κατεσκευάσθαι
2494 4343 2585 4398 τὸν
2605 4344 2782 4413 λόγον,
2803 4344 2911 4399 τῶν
2939 4348 3313 4419 προκειμένων
3345 4347 3601 4419 ἑξόμεθα.

350 4437 536 4507 eoqui
568 4453 676 4493 non
704 4448 822 4495 erat
848 4441 1089 4512 genitum
1118 4452 1239 4494 esse
1278 4438 1589 4493 decertans.
1650 4435 1853 4491 Parum
1911 4435 1968 4489 in
2010 4434 2096 4490 his
2151 4433 2530 4497 immorantes,
2582 4432 2709 4503 quia
2766 4431 2824 4487 in
2878 4437 3325 4493 antecedentibus
3395 4437 3612 4494 abunde

349 4531 484 4585 satis
541 4529 652 4601 jam
713 4547 894 4587 sermo
949 4535 1307 4602 praestructus
1351 4535 1457 4594 est,
1522 4530 1578 4584 in
1630 4527 1924 4599 propositis
1955 4527 2302 4593 haerebimus.

418 4620 538 4677 Non
580 4630 665 4678 est
697 4623 941 4693 eiusdem
984 4631 1039 4677 et
1089 4620 1225 4675 nihil
1274 4620 1528 4690 superius
1566 4619 1920 4675 subsistentia

2096 4619 2210 4672 Οὐκ
2254 4616 2370 4670 ἐστι
2414 4617 2507 4671 τοῦ
2565 4619 2732 4674 αὐτοῦ
2780 4620 2874 4676 καὶ
2916 4621 3081 4693 μηδὲν
3120 4621 3468 4693 ὑπερτιθέναι
3508 4625 3629 4695 τῆς-

348 4710 623 4784 Unigeniti
655 4726 880 4784 ponere,
940 4719 995 4766 et
1047 4721 1170 4766 ante
1208 4709 1613 4780 generationem
1661 4723 1769 4762 non
1801 4724 1925 4766 esse

347 4801 551 4871 dicere,
600 4803 695 4860 sed
739 4811 870 4858 tunc
896 4801 1138 4873 genitum
1177 4798 1348 4856 fuisse
1376 4814 1500 4853 cum
1534 4799 1691 4854 Pater
1731 4799 1919 4854 voluit.

349 4891 474 4948 Haec
504 4893 647 4948 enim
677 4891 932 4945 adverbia
962 4898 1094 4945 tunc
1119 4900 1173 4946 et
1193 4888 1433 4960 quando,
1468 4889 1535 4944 ad
1568 4890 1920 4959 temporalem

351 4981 864 5039 demonstrationem
910 4981 1127 5051 preprie
1157 4988 1211 5036 et
1240 4980 1565 5036 naturaliter
1603 4979 1921 5051 significan-

347 5073 477 5127 tiam
522 5071 786 5147 referunt,
817 5071 1116 5128 secundum
1146 5086 1492 5128 communem
1534 5086 1665 5127 sane
1696 5072 1923 5141 loquen-

346 5165 483 5220 tium
538 5165 1013 5232 consuetudinem,
1076 5172 1132 5222 et
1185 5165 1487 5222 secundum
1541 5164 1802 5220 usitatam
1864 5165 1922 5220 in

348 5252 634 5327 Scriptura
658 5256 1139 5329 signiﬁcationem.
1178 5255 1323 5312 Tunc
1366 5255 1537 5310 dicent
1567 5257 1620 5311 in
1647 5254 1922 5328 gentibus:

344 5354 419 5413 et,
452 5345 676 5413 Quando
702 5348 823 5401 misi
848 5364 974 5413 vos;
1013 5353 1088 5412 et,
1124 5345 1268 5401 Tunc
1291 5346 1678 5401 assimitabitur
1707 5362 1922 5416 regnum

343 5437 611 5494 calorum.
644 5436 713 5492 Et
738 5447 991 5493 sexcenta
1013 5437 1280 5507 ejusmodi
1309 5453 1407 5508 per
1436 5451 1651 5492 omnem
1681 5435 1923 5506 Scriptu-

345 5541 463 5583 ram
488 5526 557 5581 ad
585 5526 849 5597 propositi
868 5525 1338 5583 conﬁrmationem
1364 5528 1489 5584 licet
1512 5541 1751 5591 sumere,
1775 5526 1921 5596 quod

347 5618 550 5678 talibus
599 5616 867 5675 orationis
922 5618 1209 5688 particulis
1244 5620 1542 5693 Scriptura:
1580 5620 1920 5677 consuetudo

2025 4706 2121 4761 τοῦ
2153 4708 2490 4777 Μονογενοῦς
2521 4711 2888 4777 ὑποστάσεως,
2906 4713 3002 4767 καὶ
3024 4714 3101 4785 μὴ
3131 4709 3270 4767 εἶναι
3298 4714 3477 4784 λέγειν
3501 4718 3609 4788 πρὸ

2025 4798 2125 4869 τῆς
2154 4799 2479 4870 γεννήσεως,
2505 4800 2639 4855 ἀλλὰ
2682 4803 2801 4857 τότε
2828 4804 3207 4877 γεγεννῆσθαι,
3239 4804 3328 4859 ὅτε
3362 4806 3393 4859 ὁ
3419 4808 3607 4877 Πατὴρ

1988 4934 1991 4937 .
2025 4888 2300 4961 mosmos
2325 4907 2339 4921 °
2367 4889 2428 4945 τὸ
2452 4891 2559 4963 γὰρ
2605 4897 2740 4953 τότε
2783 4900 2877 4955 καὶ
2919 4896 3040 4958 ὅτε,
3080 4896 3286 4966 κυρίως
3314 4897 3409 4950 καὶ
3437 4914 3608 4969 προσ-

2027 4981 2178 5049 φυῶς
2210 4982 2303 5035 ἐπὶ
2340 4982 2437 5055 τήν
2492 4985 2748 5056 χρονικὴν
2786 4984 2950 5052 δεῖξιν
2990 4985 3090 5058 τήν
3124 4988 3400 5058 σημασίαν
3429 4993 3604 5060 φέρει,
3669 5002 3697 5034 .“

2028 5072 2170 5125 κατά
2201 5073 2300 5144 τὴν
2332 5074 2517 5145 κοινὴν
2548 5074 2655 5128 τῶν
2677 5075 2846 5145 ὑγιῶς
2877 5076 3261 5148 φθεγγομένων
3294 5079 3603 5151 συνήθειαν,

2029 5164 2122 5219 καὶ
2147 5165 2288 5218 κατὰ
2318 5165 2417 5236 τὴν
2449 5166 2506 5218 ἐν
2538 5169 2604 5237 τῇ
2641 5167 2829 5239 Γραφῇ
2856 5170 3158 5239 σημασίανο
3194 5172 3332 5224 Τότε
3359 5172 3609 5240 ἐροῦσιν

2024 5254 2095 5309 ἐν
2133 5254 2258 5320 τοῖς
2320 5255 2545 5321 ἔθνεσι,
2583 5258 2697 5324 καὶ,
2732 5258 2871 5313 Ὅτε
2910 5259 3238 5314 ἀπέστειλα
3284 5259 3462 5330 ὑμᾶς,
3488 5263 3600 5325 καὶ,

2030 5348 2168 5400 Τότε
2194 5348 2617 5416 ὁμοιωθήσεται
2643 5349 2680 5416 ἡ
2698 5351 3006 5416 βασιλεία.
3041 5354 3151 5406 Καὶ
3179 5354 3349 5426 μυρία
3381 5355 3602 5409 τοιαῦτα

2024 5435 2113 5491 διὰ
2151 5437 2329 5508 πάσης
2375 5440 2490 5495 ἔστι
2526 5440 2748 5512 Γραφῆς
2771 5442 2851 5505 εἰς
2889 5441 3160 5508 ἀπόδειξιν
3194 5443 3286 5498 τοῦ
3309 5444 3603 5514 προκειμέ-

2022 5545 2114 5581 νου
2153 5527 2369 5594 λαϐεῖν,
2396 5530 2476 5583 ὅτι
2519 5533 2633 5596 τοῖς
2678 5531 2936 5596 τοιούτοις
2956 5533 3051 5588 τοῦ
3084 5533 3243 5605 λόγου
3272 5537 3481 5607 μορίοις
3508 5535 3600 5588 τὸν

2021 5621 2213 5694 χρόνον
2269 5623 2682 5695 ὲπισημειοῦται
2728 5625 2826 5697 τῆς
2868 5626 2909 5682 Γ
2910 5625 3092 5699 paen;
3143 5627 3484 5701 ήσυνήθεια.
