4002 6218
355 348 462 408 M7

1488 359 1767 416 CONTRA
1803 359 2189 429 EUNOMIUM,
2227 363 2350 419 LIB.
2396 365 2483 419 lx.

3509 367 3607 429 8i3

355 464 449 522 οὖν
474 463 664 536 χρόνος
700 463 800 520 οὐκ
841 461 910 538 ἦν
930 509 944 534 ,
977 467 1156 532 καθὼς
1185 469 1213 521 6
1254 470 1554 540 ἀντιλέγων
1596 474 1921 538 συντίθεται,

2045 482 2250 546 tempus
2295 478 2535 532 denotat.
2581 474 2639 532 Si
2678 478 2842 550 igitur
2883 485 3099 552 tempus
3144 497 3253 537 non
3283 490 3424 552 erat,
3465 485 3610 540 sicut

359 558 728 629 συνανῄρηται
758 559 974 624 πάντως
1003 561 1094 614 καὶ
1113 564 1152 633 η
1168 565 1392 635 χρονικὴ
1425 565 1670 636 σημασία
1693 584 1705 598 ’
1731 566 1934 638 ταύτης

357 649 415 702 δὲ
443 651 516 721 μὴ
549 650 736 722 οὔσης,
765 653 826 705 τὸ
850 652 1019 708 ἀΐδιον
1042 654 1141 724 τῆς
1167 655 1372 718 ἑννοίας
1396 657 1538 712 κατὰ
1566 660 1745 711 πᾶσαν
1767 660 1932 729 ἀνάγ-

359 758 464 812 κην
516 744 1006 798 ἀντεισελεύσεται·
1037 748 1104 817 τῇ
1149 746 1257 818 γὰρ
1297 747 1394 802 τοῦ
1440 749 1526 820 μὴ
1565 746 1716 806 εἶναι
1759 756 1930 823 φωνῇ,

358 831 452 885 καὶ
486 830 553 884 τὸ
593 833 741 888 ποτὲ
789 834 1005 898 πάντως
1042 837 1496 894 συνυπακούεται.
1536 841 1599 893 Εἰ
1633 843 1739 912 γὰρ
1766 843 1934 913 χωρὶς

356 924 452 978 τοῦ
489 927 626 980 ποτὲ
664 925 726 979 τὸ
757 926 843 994 μὴ
874 923 1028 981 εἶναι
1073 927 1243 998 λέγοι,
1276 931 1398 984 οὐδὲ
1444 931 1539 986 νῦν
1577 927 1714 985 εἶναι
1751 933 1931 986 δώσει.

359 1018 422 1072 Ei
453 1018 508 1071 δὲ
539 1018 599 1072 τὸ
630 1018 723 1072 νῦν
743 1020 921 1084 διδοὺς
949 1021 1085 1091 πρὸς
1113 1022 1175 1075 τδ
1198 1022 1366 1075 ἀΐδιον
1400 1027 1683 1094 μάχονται,
1720 1025 1936 1088 πάντως

357 1111 420 1164 ού
441 1111 499 1164 τὸ
527 1111 753 1165 καθόλου
786 1112 860 1183 μὴ
903 1108 1062 1179 εἶναι,
1103 1114 1240 1168 ἀλλά
1277 1119 1335 1170 τό
1365 1133 1495 1169 ποτε
1547 1117 1619 1189 μὴ
1649 1112 1788 1170 εἶναι
1827 1117 1935 1171 δια-

357 1203 620 1272 νενόηται.
649 1202 763 1273 Τῆς
796 1203 852 1256 δὲ
886 1204 1070 1275 φωνῆς
1106 1205 1310 1276 ταύτης
1333 1208 1702 1261 ἀνυποστάτου
1731 1208 1936 1263 παντά-

358 1311 523 1348 πασιν
563 1293 750 1366 οὔσης,
800 1298 848 1350 εξ
881 1297 955 1368 μὴ
998 1297 1131 1368 πρὸς
1160 1298 1259 1368 τὴν
1299 1299 1393 1352 τοῦ
1423 1300 1615 1370 χρόνου
1662 1300 1936 1372 σημασίαν

355 1385 631 1454 ἐρείδοιτο,
656 1385 880 1456 ἀνόητον
909 1386 975 1440 ἂν
1002 1389 1087 1458 εἴη
1118 1389 1210 1442 καὶ
1234 1389 1462 1460 μάταιον
1489 1390 1550 1443 τὸ
1577 1392 1714 1462 μήτε
1747 1409 1801 1444 τι
1832 1392 1938 1462 πρὸ

354 1475 450 1530 τοῦ
484 1476 611 1529 Υἰοῠ
659 1473 799 1532 εἶναι
831 1478 1032 1547 λέγειν,
1071 1481 1206 1551 μήτε
1245 1481 1334 1534 τὸν
1366 1482 1595 1536 πάντοτε
1641 1483 1767 1536 Υίὸν
1795 1479 1936 1536 εἶναι

356 1570 807 1633 κατασκευάζειν.
854 1571 916 1623 Εἰ
955 1569 1064 1641 γὰρ
1118 1573 1256 1642 μήτε
1309 1571 1493 1638 τόπος,
1531 1575 1668 1645 μήτε
1724 1575 1935 1646 χρόνος,

357 1660 495 1730 μήτε
534 1676 617 1723 τις
656 1660 818 1730 ἑτέρα
873 1661 1050 1725 κτίσις
1090 1664 1269 1727 ἐστὶν,
1301 1665 1360 1718 ὲν
1479 1667 1578 1718 οὐκ
1621 1666 1768 1720 ἔστιν
1807 1668 1836 1719 6
1879 1671 1937 1722 ὲν

352 1752 497 1822 ἀρχῇ
521 1750 596 1804 ὢν
617 1752 789 1820 Λόγος
813 1791 827 1816 ,
854 1755 1188 1825 πανταχόθεν
1225 1755 1317 1808 τοῦ
1349 1757 1620 1828 δόγματος
1652 1758 1752 1828 τῆς
1787 1759 1934 1812 εὐσε-

351 1841 508 1905 ϐείας
543 1841 824 1913 ὲῇρηται,
847 1844 907 1897 τό
938 1861 1068 1898 ποτε
1101 1845 1175 1916 μὴ
1203 1842 1341 1900 εἶναι
1378 1849 1468 1900 τὸν
1518 1847 1742 1917 Κύριον.
1787 1849 1930 1902 Οὐκ-

351 1933 448 1987 οῦν
471 1935 571 2004 οὐχ
591 1937 745 2006 ἡμῖν,
776 1933 891 1990 ἀλλ’
923 1937 1101 2008 ἑαυτῷ
1119 1937 1464 2009 διαμάχεται,
1489 1941 1516 1993 6
1541 1939 1634 1992 καὶ
1682 1938 1754 2010 μὴ
1797 1935 1935 1994 εἶναι

353 2026 451 2078 καὶ
502 2021 642 2078 εἶναι
693 2026 784 2080 τὸν
817 2028 1098 2099 Μονογενῆ
1141 2028 1500 2100 δογματίζων.
1559 2031 1649 2084 Ἐν
1701 2031 1809 2102 γὰρ
1859 2032 1938 2103 τῷ

349 2116 638 2186 ὁμολογεῖν
657 2117 844 2188 μηδενὶ
868 2119 974 2190 τὴν.
988 2119 1079 2172 τοῦ
1111 2119 1241 2173 Υίοῦ
1273 2121 1408 2192 πρὸς
1427 2121 1519 2176 τὸν
1549 2122 1772 2194 Πατέρα
1800 2123 1937 2177 διαι-

357 2208 570 2278 ρεῖσθαι
613 2210 926 2277 συνάφειαν,
956 2209 1014 2264 τὸ
1050 2211 1226 2265 ἀΐδιον
1258 2211 1408 2282 αὐτῷ
1443 2212 1662 2276 πάντως
1697 2231 1940 2285 προσμεο

356 2300 732 2372 μαρτύρηκεν.
762 2301 825 2354 Ei
858 2300 916 2354 δὲ
946 2303 1004 2355 ὲν
1038 2301 1118 2373 τῷ
1166 2303 1343 2374 Πατρὶ
1374 2303 1521 2372 λέγοι
1564 2304 1638 2375 μὴ
1667 2300 1808 2359 εἶναι
1845 2305 1937 2359 τὸν

353 2391 508 2456 Υἱὸν,
532 2391 610 2462 τῷ
643 2392 875 2463 τοιούτῳ
908 2392 1051 2464 λόγῳ
1081 2392 1180 2446 οὐκ
1227 2395 1561 2466 ἀντεροῦμεν
1591 2397 1764 2461 αὐτοὶ,
1802 2396 1938 2452 ἀλλὰ

347 2485 454 2554 ⁴τὴν
499 2483 726 2555 Γραφὴν
778 2483 1159 2555 ἀντιθήσομεν,
1181 2485 1216 2556 ἦ
1258 2503 1441 2556 φησιν,
1467 2489 1525 2540 ὲν
1556 2486 1635 2558 τῷ
1674 2489 1848 2559 Πατρί
1876 2506 1936 2541 τε

350 2571 495 2628 εἶναι
529 2574 624 2628 τὸν
649 2576 799 2640 Υίὸν,
829 2578 920 2630 καὶ
949 2578 1007 2630 ὲν
1044 2576 1122 2646 τῷ
1156 2577 1272 2648 Υίῷ
1309 2578 1400 2630 τὸν
1429 2579 1648 2649 Πατέρα
1669 2595 1683 2609 ⁶
1717 2581 1780 2634 τδ
1806 2575 1940 2632 ποτὲ

349 2665 391 2736 ἢ
425 2668 514 2719 ὅτε
536 2705 552 2730 ,
594 2666 625 2736 ἢ
663 2665 783 2719 τότε
805 2709 820 2731 ,
863 2667 938 2738 μὴ
983 2663 1336 2738 προστιθεῖσα
1371 2667 1450 2738 τῷ
1481 2669 1655 2740 λόγῳ,
1685 2668 1822 2722 ἀλλὰ
1868 2671 1936 2742 τῇ

347 2760 672 2829 ἀπυφατικῇ
700 2758 872 2829 ταύτῃ
903 2760 996 2812 καὶ
1038 2759 1289 2831 ἀπολύτῳ
1323 2762 1496 2831 φωνῇ,
1529 2753 1615 2814 ἰδ’
1639 2759 1807 2814 ἀΐδιον
1840 2761 1938 2815 αὖ·

341 2851 432 2923 τῷ
475 2853 890 2922 μαρτυρήσασα.
918 2851 992 2904 Τὸ
1020 2850 1077 2903 δὲ
1124 2853 1549 2917 κατασκευάζειν
1581 2851 1741 2906 αὑτὸν
1781 2852 1938 2922 ἀγέν-

341 2961 515 3015 νητον
551 2947 680 3015 παρ’
700 2942 858 3015 ἡμῶν
893 2942 1143 3012 λέγεσθαι
1184 2943 1273 2995 τὸν
1327 2943 1594 3012 μονογενῆ
1625 2942 1790 3008 Θεὸν,
1820 2937 1938 2996 ἶσόν

339 3036 471 3088 ἐστι
509 3032 588 3104 τῷ
618 3032 796 3101 λέγειν
843 3033 926 3085 ὅτι
982 3031 1075 3085 καὶ
1106 3030 1361 3100 γεννητὸν
1393 3023 1530 3082 εἶναι
1576 3029 1668 3084 τὸν
1717 3027 1936 3098 Πατέρα

2033 567 2387 623 refractarius
2417 568 2733 634 asscutitur;
2761 569 3007 625 funditus
3040 570 3201 626 simul
3230 573 3437 629 tollitur
3469 582 3605 629 tem-

2033 660 2237 731 poralis
2290 660 2634 730 signiﬁcatio,
2683 676 2790 730 qua
2819 662 3054 729 sublata,
3092 666 3368 722 aeternitas
3419 681 3613 721 neces-

2033 751 2182 806 sario
2232 751 2454 805 omnino
2489 751 2655 804 menti
2690 758 2745 806 et
2789 752 3100 822 cogitationi
3155 766 3428 811 occurret.
3472 755 3610 811 Voci

2035 844 2201 905 enim,
2246 859 2348 895 non
2387 858 2518 906 esse,
2557 857 2657 895 vox
2699 842 2813 907 illa,
2861 844 3099 912 quando,
3148 860 3375 916 prorsus
3414 849 3616 903 subau-

2034 934 2201 988 ditur.
2234 933 2289 988 Si
2311 935 2452 989 enim
2483 935 2687 1004 absque
2711 934 2814 989 hac
2836 936 3106 1004 particula
3129 937 3340 1006 quando
3365 953 3472 991 non
3494 953 3615 992 esse

2037 1023 2261 1090 diceret,
2298 1039 2473 1094 neque
2499 1040 2643 1078 nunc
2688 1040 2811 1079 esse
2840 1024 3016 1079 daret.
3053 1023 3111 1078 Si
3135 1025 3278 1080 enim
3313 1041 3458 1080 nunc
3478 1025 3615 1080 dans

2037 1126 2160 1165 cum
2190 1121 2396 1166 aeterno
2429 1123 2650 1182 pugnat,
2680 1129 2908 1182 prorsus
2941 1129 3052 1168 non
3081 1113 3135 1167 in
3169 1115 3482 1170 universum
3507 1132 3617 1169 non

2035 1218 2177 1267 esse,
2234 1203 2330 1259 sed
2364 1204 2655 1274 aliquando
2690 1220 2797 1259 non
2841 1205 3034 1271 fuisse,
3094 1206 3439 1277 intelligitur.
3479 1205 3615 1261 Cum

2037 1302 2216 1348 autem
2256 1295 2370 1348 haec
2403 1310 2505 1348 vox
2540 1295 2690 1348 nullo
2717 1295 2878 1350 modo
2908 1297 3081 1367 possit
3130 1297 3452 1364 subsistere,
3509 1297 3616 1352 nisi

2037 1385 2300 1455 temporis
2331 1385 2698 1456 signiﬁcantia
2749 1388 2937 1441 innixa
2971 1388 3237 1454 ﬁrmetur,
3292 1389 3519 1444 stultum
3566 1395 3619 1441 et

2037 1495 2236 1535 vanum
2269 1494 2444 1548 neque
2474 1479 2604 1549 quid
2653 1486 2780 1535 ante
2808 1477 3005 1533 Filium
3035 1495 3157 1535 esse
3201 1480 3405 1544 dicere,
3445 1494 3621 1549 neque

2037 1587 2251 1642 semper
2279 1569 2476 1635 Filium
2518 1584 2640 1626 esse
2675 1580 2941 1626 astruere.
2985 1569 3120 1625 Nam
3163 1571 3210 1626 si
3238 1585 3416 1640 neque
3444 1571 3619 1634 locus,

2039 1678 2214 1732 neque
2253 1672 2488 1731 tempus,
2527 1677 2702 1730 neque
2730 1661 2840 1715 ulla
2870 1670 3124 1717 creatura
3169 1670 3254 1718 est
3284 1662 3390 1717 alia
3419 1661 3474 1715 in
3514 1676 3620 1730 qua

2042 1770 2151 1809 non
2197 1763 2280 1809 est
2319 1756 2412 1824 qui
2457 1755 2510 1808 in
2557 1754 2829 1825 principio
2871 1764 2988 1810 erat
3025 1753 3280 1818 Verbum,
3316 1753 3554 1824 undique
3591 1768 3622 1806 ο

2040 1844 2292 1914 dogmate
2348 1843 2568 1912 pietatis
2617 1850 2927 1912 exemptum
2963 1849 3047 1896 est
3096 1842 3220 1908 hoc,
3279 1858 3473 1912 nempe
3517 1843 3621 1898 alia

2039 1933 2260 2006 quando
2295 1948 2404 1988 non
2434 1932 2606 1990 fuisse
2633 1932 2944 1988 Dominum.
2978 1931 3096 1987 Non
3123 1933 3290 2002 igitur
3317 1933 3493 1995 nobis,
3523 1937 3619 1989 sed

2039 2027 2142 2082 sibi
2191 2027 2295 2097 ipsi
2322 2033 2610 2096 repugnat,
2652 2025 2746 2095 qui
2781 2032 2833 2078 et
2872 2039 2980 2078 non
3011 2039 3155 2084 esse.
3189 2030 3242 2077 et
3284 2038 3406 2079 esse
3434 2025 3616 2080 docet.

2038 2119 2173 2174 Nam
2213 2118 2344 2174 dum
2386 2118 2700 2181 conﬁtetur,
2754 2116 2905 2191 nullo
2934 2117 3113 2171 medio
3142 2114 3266 2171 Filii
3303 2131 3429 2171 cum
3459 2115 3622 2173 Patre

2038 2214 2434 2270 connexionem
2493 2211 2686 2277 dividi,
2737 2212 2791 2268 ei
2854 2209 3080 2265 omnino
3144 2223 3246 2263 suo
3303 2209 3622 2263 testimonio

2037 2314 2301 2362 aeternum
2330 2304 2597 2360 attribuit.
2639 2302 2796 2369 Quod
2823 2302 2869 2358 si
2905 2301 2959 2355 in
2995 2299 3157 2355 Patre
3185 2299 3328 2354 dicat
3369 2313 3476 2354 non
3499 2312 3624 2353 esse

2040 2397 2260 2460 Filium,
2304 2396 2399 2451 tali
2434 2395 2676 2451 sermoni
2722 2409 2831 2450 non
2864 2393 2967 2464 ipsi
3007 2407 3108 2446 nos
3154 2388 3619 2451 contradiccmus,

2039 2491 2135 2548 sed
2167 2489 2507 2559 Seripturam
2561 2501 2922 2556 opponemus,
2960 2499 3081 2554 qua}
3125 2482 3322 2536 asserit
3379 2481 3431 2533 in
3462 2477 3621 2532 Patre

2038 2598 2162 2639 esse
2189 2579 2409 2643 Filium,
2449 2589 2502 2635 et
2552 2580 2606 2634 in
2653 2577 2792 2632 Filio
2837 2576 3076 2638 Patrem,
3141 2573 3467 2644 particulam
3523 2573 3622 2626 ali-

2039 2672 2276 2746 quando,
2317 2673 2400 2728 vel
2447 2671 2689 2742 quando,
2738 2670 2822 2724 vel
2855 2676 3006 2730 tunc,
3042 2664 3278 2720 orationi
3325 2679 3433 2718 non
3476 2662 3618 2732 adji-

2039 2765 2215 2829 eiens,
2235 2763 2330 2826 sed
2361 2763 2464 2818 hac
2493 2759 2811 2814 aliirmativa
2839 2765 2892 2814 et
2923 2756 3174 2818 absoluta
3204 2770 3333 2810 voce
3357 2763 3621 2808 aeternum

2041 2857 2145 2929 ipsi
2173 2856 2482 2927 assignans.
2512 2850 2668 2919 Quod
2692 2856 2871 2904 autem
2896 2849 3013 2919 ipse
3071 2847 3290 2911 astruit,
3320 2844 3621 2914 ingenitum

2040 2964 2071 3004 a
2119 2947 2279 3004 nobis
2319 2945 2666 3017 unigenitum
2702 2941 2871 2997 Deum
2917 2939 3052 3004 dici,
3083 2938 3294 3008 aequale
3327 2943 3413 2991 est
3460 2950 3523 2989 ac
3575 2934 3624 2990 si

2041 3040 2207 3107 dicat,
2255 3038 2401 3110 quod
2440 3037 2603 3092 etiam
2637 3035 2853 3089 Patrem
2887 3033 3129 3105 genitum
3159 3046 3278 3087 esse
3309 3029 3620 3086 delinimus.

340 3124 724 3197 διοριζόμεθα.
784 3125 895 3195 Τῆς
935 3123 1042 3196 γὰρ
1099 3122 1268 3193 αὐτῆς
1320 3121 1568 3185 ἀτοπίας,
1625 3119 1824 3190 μᾶλλον
1880 3117 1936 3172 δὲ

2045 3130 2302 3202 Ejusdem
2340 3127 2484 3184 enim
2520 3124 2899 3190 absurditatis,
2935 3123 3020 3178 vel
3058 3122 3243 3192 potius
3273 3119 3626 3190 blasphemia:

343 3215 708 3288 βλασφημίας
763 3213 1042 3284 ἑκάτερον.
1101 3212 1264 3264 Ὥστε
1319 3211 1367 3262 εἰ
1436 3209 1533 3280 μὲν
1588 3210 1939 3276 συκοφαντεῖν

342 3309 586 3378 ἔγνωκε,
617 3303 953 3376 προστιθέτω
991 3301 1085 3356 καὶ
1132 3301 1193 3354 τὸ
1225 3301 1409 3371 ἕτερον
1443 3299 1727 3369 ἔγκλημα,
1773 3297 1939 3368 μηδε-

344 3401 446 3463 νὸς
476 3397 892 3471 φειδόμενος,δι’
926 3389 1000 3451 ὧν
1035 3395 1102 3450 ἂν
1194 3394 1416 3448 δυνατὸν
1445 3390 1825 3464 χαλεπώτερον
1851 3392 1942 3444 ὲκ-

341 3494 646 3564 τραχύνειν
675 3491 791 3543 καθ’
818 3489 972 3561 ἡμῶν
997 3489 1125 3551 τοὺς
1161 3486 1476 3549 ἀκούοντας.
1507 3486 1566 3537 El
1595 3485 1651 3538 δὲ
1679 3484 1737 3537 τὸ
1754 3483 1939 3553 ἕτερον

342 3585 563 3640 τούτων
583 3582 672 3636 διὰ
698 3582 760 3634 τὸ
790 3578 1086 3652 περιφανὲς
1111 3579 1210 3648 τῆς
1239 3575 1598 3644 συκοφαντίας
1626 3575 1724 3627 ούκ
1759 3574 1940 3627 αἰτιᾶ-

342 3695 472 3742 ται,
505 3674 712 3744 ἀφιέτω
758 3673 852 3727 καὶ
898 3671 960 3725 τὸ
996 3670 1313 3740 λειπόμενον
1337 3686 1350 3699 ο
1375 3661 1493 3720 ἴσον
1538 3665 1645 3736 γὰρ
1696 3667 1775 3729 εἰς
1813 3664 1942 3719 ἀσέο

347 3770 516 3823 Geta»
548 3765 730 3828 καθὼς
765 3767 978 3836 εῐρηται
1006 3761 1216 3817 καὶτὸν
1243 3759 1370 3814 Υἱὺν
1403 3759 1696 3828 ἀγέννητον
1735 3755 1938 3824 λέγειν,

345 3863 388 3933 ἢ
433 3860 534 3914 καὶ
556 3856 813 3928 γεννητὸν
836 3856 926 3909 τὸν
956 3855 1196 3925 Πατέρα.

429 3953 498 4006 Εἰ
531 3950 631 4022 μὲν
661 3945 754 4003 οὖν
795 3946 1106 4018 εὑρίσκεταί
1128 3962 1213 4009 τις
1251 3945 1308 3997 ὲν
1349 3946 1459 4006 τοῖς
1485 3943 1614 4013 παρ’
1658 3939 1814 4014 ἡμῶν
1845 3956 1942 4008 γε-

347 4042 706 4116 γραμμένοις
733 4040 884 4112 φωνὴ
931 4039 1177 4110 τοιαύτη,
1215 4037 1282 4092 δι’
1312 4031 1380 4108 ἧς
1421 4035 1714 4106 ἀγέννητος
1757 4035 1786 4086 6
1815 4033 1944 4097 Υἱὸς

345 4134 711 4206 ὀνομάζεται,
759 4131 882 4186 καθ’
921 4128 1077 4202 ἡμῶν
1116 4129 1294 4184 αὐτῶν
1337 4127 1435 4199 τὴν
1486 4128 1722 4198 ἐσχάτην
1763 4125 1944 4195 ψῆφον

345 4229 669 4296 ἐξοίσομεν.
694 4227 757 4279 Εί
781 4225 840 4279 δὲ
863 4223 1078 4294 ψευδεῖς
1121 4223 1300 4284 αἰτίας
1327 4239 1385 4274 τε
1435 4221 1530 4274 καὶ
1573 4219 1945 4288 συκοφαντίας

346 4321 486 4376 κατ’
507 4317 755 4383 ἐξουσίαν
784 4315 1150 4386 συμπλάσσει,
1175 4312 1236 4367 τὸ
1260 4310 1448 4366 δοκοῦν
1477 4311 1569 4364 ἐπὶ
1596 4310 1814 4382 διαϐολῇ
1835 4309 1943 4363 τῶν

345 4413 487 4466 καθ’
521 4411 672 4481 ἡμᾶς
699 4409 983 4480 δογμάτων
1007 4405 1326 4476 λογοποιῶν,
1357 4403 1554 4473 γένοιτ’
1581 4403 1648 4458 ἂν
1672 4402 1803 4465 ἴσως
1831 4404 1943 4467 τοῖς

2044 3233 2356 3292 utrunque.
2405 3220 2586 3287 Quare
2613 3218 2901 3290 siquidem
2947 3217 3098 3271 novit
3138 3213 3484 3276 calumniari,
3525 3211 3624 3264 ad-

2040 3318 2197 3389 jiciat
2219 3324 2273 3370 et
2305 3315 2537 3370 alterum
2567 3314 2776 3369 crimen
2805 3310 2941 3366 nihil
2973 3308 3272 3382 parcendo,
3314 3323 3423 3378 quo
3453 3307 3626 3377 possit

2048 3409 2303 3466 acerbius
2333 3420 2660 3476 exasperare
2689 3414 2880 3458 contra
2911 3417 3012 3458 nos
3052 3401 3351 3456 auditores.
3392 3399 3544 3466 Quod

2047 3499 2241 3555 horum
2258 3497 2506 3561 alterius,
2523 3495 2649 3567 quia
2675 3495 2746 3551 sit
2763 3492 3050 3548 manifesta
3073 3492 3366 3555 calumnia,
3393 3505 3494 3544 nos
3520 3503 3625 3542 non

2047 3594 2290 3652 accusat,
2351 3585 2583 3640 alterum
2643 3584 2808 3639 etiam
2865 3578 3012 3652 quod
3064 3589 3316 3651 superest
3364 3580 3624 3634 dimittat.

2046 3677 2300 3748 IEqualis
2321 3676 2467 3730 enim
2498 3683 2580 3730 est
2603 3674 2874 3742 impietas,
2909 3675 3052 3728 sicut
3073 3673 3276 3726 dictum
3305 3669 3628 3734 est,Filium

2049 3767 2350 3838 ingenitum
2386 3765 2592 3831 dicere,
2625 3763 2709 3819 vel
2742 3761 2908 3819 etiam
2939 3759 3155 3816 Patrem
3185 3761 3446 3831 genitum.

2121 3943 2182 4000 Si
2209 3944 2376 4015 igitur
2408 3941 2589 4012 aliqua
2640 3939 2694 3994 in
2726 3938 2932 3995 nostris
2966 3937 3190 4008 scriptis
3240 3950 3342 3991 vox
3378 3935 3503 3990 talis
3537 3935 3624 3988 in-

2046 4043 2284 4106 venitur,
2329 4055 2442 4111 qua
2491 4037 2666 4093 Filius
2717 4035 2997 4107 ingenitus
3043 4033 3381 4096 nominetur,
3430 4038 3625 4091 contra

2049 4149 2151 4190 nos
2188 4140 2490 4188 extremum
2522 4125 2794 4182 calculum
2823 4123 3163 4179 emittemus.
3197 4121 3352 4188 Quod
3380 4121 3424 4175 si
3449 4118 3620 4174 falsas

2051 4221 2433 4277 accusationes
2493 4225 2548 4272 et
2585 4214 2893 4270 calumnias
2957 4214 3026 4266 ad
3079 4211 3296 4267 libitum
3339 4210 3620 4278 conﬁngit,

2051 4313 2321 4385 quidlibet
2374 4311 2430 4364 in
2504 4317 2820 4364 nostrorum
2889 4303 3237 4360 decretorum
3293 4302 3624 4358 calumniam

2051 4378 2432 4467 conscribens,
2467 4400 2701 4456 fortasse
2737 4397 2878 4469 apud
2919 4398 3218 4468 prudentes
3287 4403 3342 4451 et
3373 4395 3489 4449 haec
3522 4408 3626 4448 no.
3708 4378 3716 4383 ’

341 4525 424 4576 γε
454 4504 582 4560 νοῦν
611 4504 793 4573 ἔχουσι
833 4504 927 4557 καὶ
956 4500 1098 4571 αὕτη
1131 4500 1228 4570 τῆς
1253 4499 1309 4551 ὲν
1349 4499 1480 4568 ἡμῖν
1504 4495 1786 4558 εὐσεϐείας
1810 4494 1940 4547 ἀπό-

2052 4507 2180 4555 stra:
2211 4496 2428 4568 pietatis
2461 4493 2622 4549 fuerit
2648 4491 3066 4551 demonstratio,
3105 4488 3232 4559 quia
3253 4487 3483 4542 veritate
3520 4501 3618 4555 pro

340 4599 550 4665 δειξις.
590 4598 712 4650 Ὅτι
750 4597 850 4667 τῆς
892 4593 1150 4666 ἀληθείας
1197 4591 1354 4663 ἡμῶν
1401 4587 1842 4661 ὑπερμαχούσης,
1887 4586 1949 4640 τὸ

339 4687 562 4758 ψεῦδος
594 4688 673 4750 είς
701 4685 1034 4759 κατηγορίαν
1062 4683 1154 4739 τοῦ
1191 4683 1460 4754 δόγματος
1501 4683 1658 4754 ἡμῶν
1684 4681 1950 4753 προεστή-

344 4796 521 4845 cato,
556 4777 843 4848 ἀλλοτρίαν
890 4776 984 4831 τοῦ
1016 4776 1284 4849 ἡμετέρου
1332 4775 1490 4844 λόγου
1525 4772 1950 4836 κατασκευάζων

341 4871 464 4942 τὴν
512 4871 612 4940 τῆς
657 4869 909 4934 ἀσεϐείας
956 4869 1191 4940 γραφήν.
1233 4867 1371 4920 Ἀλλ’
1405 4867 1553 4921 ἔστιν
1597 4868 1655 4920 ὲν
1698 4866 1949 4936 συντόμῳ

342 4966 506 5034 πρὸς
530 4962 628 5027 τάς
647 4961 825 5026 αἰτίας
843 4961 1042 5024 ταύτας
1061 4959 1521 5030 ἀπολογήσασθαι.
1552 4959 1640 5021 Ὠς
1659 4959 1766 5029 γὰρ
1789 4960 1950 5028 ἡμεῖς

338 5056 460 5109 τὸν
485 5055 780 5125 ἀγέννητον
806 5047 946 5107 εἶναι
988 5053 1213 5120 λέγοντα
1242 5051 1333 5104 τὸν
1369 5050 1629 5123 μονογενῆ
1664 5049 1796 5102 Θεὸν
1824 5050 1952 5104 ἐπάρ-

342 5163 534 5220 ρατον
582 5147 864 5218 κρίνομεν,
914 5144 1057 5199 οὔτω
1108 5145 1356 5203 κάκεῖνος
1400 5140 1694 5211 ὲπαράσθω
1727 5139 1818 5194 τὸν
1876 5139 1950 5212 μὴ

339 5237 512 5296 εἷναί
559 5257 688 5293 ποτε
711 5239 804 5294 τὸν
848 5240 906 5292 ἐν
948 5240 1088 5309 ἀρχῇ
1117 5238 1246 5290 ὄντα
1294 5234 1675 5306 διοριζόμενος.
1718 5231 1814 5286 Ἐκ
1841 5232 1950 5303 γὰρ

335 5331 464 5387 τοῦ
488 5331 733 5385 τοιούτου
757 5329 1098 5402 δειχθήσεται
1116 5328 1340 5399 τρόπον,
1367 5328 1396 5380 ὅ
1417 5342 1478 5379 τε
1509 5325 1648 5378 κατά
1669 5322 1947 5392 ἀλήθειαν,

339 5423 472 5481 καὶ
500 5424 529 5475 6
556 5423 965 5493 συκοφαντικῶς
990 5421 1089 5485 τὰς
1123 5419 1302 5482 αἰτίας
1329 5418 1569 5487 ἐπάγων.
1606 5417 1668 5470 El
1701 5415 1758 5469 δὲ
1789 5415 1950 5484 ἡμεῖς

337 5513 687 5585 ἀρνούμεθα
713 5512 783 5568 τὰ
803 5513 1141 5584 ἐγκλήματα,
1171 5511 1266 5565 καὶ
1289 5509 1505 5582 Πατέρα
1531 5507 1802 5577 λέγοντες,
1824 5505 1952 5558 Υἱδν

333 5608 442 5678 τῇ
479 5608 625 5678 φωνῇ
659 5604 1098 5676 πνεπινοοῦμεν,
1129 5603 1221 5658 καὶ
1267 5603 1393 5656 Υἰὸν
1417 5601 1802 5672 ὀνομάσαντες,
1827 5596 1954 5670 ἀλη-

337 5696 490 5758 Θῶς
523 5693 661 5752 εἷναί
699 5714 880 5768 φαμεν
915 5697 945 5750 δ
984 5696 1220 5766 λέγεται,
1248 5693 1519 5767 γεννητιῖκ
1543 5695 1609 5747 ὲκ
1651 5691 1745 5746 τοῦ
1788 5691 1950 5760 ἀγεν·

345 5791 541 5861 ’ᾐτου
568 5787 742 5858 ςρωτδς
779 5788 1220 5860 ἀπανγασθέντα,
1258 5788 1372 5852 πῶς
1411 5787 1471 5842 ού
1506 5783 1767 5859 πρόδηλος
1796 5783 1832 5855 ἡ
1861 5799 1952 5837 συε-

2050 4591 2208 4647 Iobis
2240 4595 2636 4661 propugnante,
2674 4583 3022 4640 mendacium
3053 4583 3107 4635 in
3141 4581 3314 4637 nostri
3351 4578 3626 4649 dogmatis

2051 4684 2456 4741 accusationem
2489 4683 2542 4735 iu
2575 4680 2810 4736 medium
2836 4677 3088 4748 protulit,
3109 4675 3342 4730 alienam
3370 4689 3404 4727 a
3433 4681 3627 4728 nostro

2051 4792 2306 4838 sermone
2363 4773 2664 4844 impietatis
2721 4771 3054 4843 scripturam
3117 4777 3466 4824 construens.
3519 4765 3625 4822 Sed

2052 4873 2318 4930 adversus
2353 4865 2900 4924 has’criminationes
2944 4861 3138 4934 paucis
3169 4861 3351 4917 verbis
3380 4859 3509 4915 licet
3535 4859 3631 4913 de-

2054 4963 2295 5020 fendere.
2323 4959 2395 5016 Ut
2425 4959 2572 5015 enim
2619 4972 2721 5013 nos
2752 4955 3056 5027 ingenitum
3109 4969 3232 5010 esse
3285 4951 3626 5022 unigenitum

2052 5056 2224 5112 Deum
2258 5053 2351 5126 qui
2392 5057 2662 5114 autumat,
2693 5064 2819 5106 eum
2853 5045 3249 5103 exsecrabilem
3291 5043 3626 5114 judicamus,

2054 5151 2135 5207 sic
2152 5158 2206 5205 et
2224 5149 2313 5204 ille
2329 5144 2715 5202 abominabilis
2731 5151 2871 5208 esto,
2891 5141 2984 5212 qui
3011 5155 3120 5195 non
3152 5139 3323 5194 fuisse
3335 5135 3631 5207 aliquando

2053 5257 2178 5298 eum
2212 5240 2306 5311 qui
2335 5245 2454 5295 erat
2481 5238 2535 5292 in
2568 5235 2841 5306 principio
2875 5231 3224 5288 determinat.
3272 5227 3408 5282 Nam
3439 5227 3629 5283 eodem

2053 5330 2214 5385 modo
2238 5325 2720 5387 demoustrabitur,
2753 5322 2957 5393 quique
2989 5319 3291 5374 secundum
3323 5317 3631 5378 veritatem,

2053 5430 2109 5475 et
2139 5419 2231 5490 qui
2263 5417 2603 5473 calunmiose
2636 5413 3051 5470 criminationes
3098 5410 3336 5466 inducit.
3378 5410 3537 5477 Quod
3583 5411 3630 5464 si

2054 5528 2157 5569 nos
2187 5511 2495 5566 inﬁciamur
2528 5506 2782 5571 crimina,
2827 5513 2884 5561 et
2911 5505 3126 5560 Patrem
3161 5504 3429 5571 dicentes,
3465 5503 3632 5557 simul

2054 5606 2222 5663 etiam
2251 5602 2448 5658 Filium
2472 5601 2578 5657 hac
2605 5614 2739 5656 voce
2761 5609 2942 5654 mente
2963 5597 3328 5667 concipimus,
3349 5603 3406 5650 et
3432 5594 3634 5648 Filium

2057 5699 2426 5761 nominantes,
2490 5709 2620 5752 vere
2651 5707 2774 5750 esse
2815 5689 3053 5748 dicimus
3113 5689 3166 5744 id
3209 5688 3361 5762 quod.
3401 5687 3630 5751 dicitur,

2063 5805 2156 5853 per
2194 5786 2413 5844 modum
2440 5782 2809 5854 generationis
2835 5781 2902 5839 ab
2937 5779 3186 5851 ingenita
3210 5779 3333 5835 luce
3361 5774 3629 5841 ell'ulgcn-
