4002 6218
421 403 524 459 819

1746 401 1803 458 5.
1835 399 2162 457 GRECORII
2203 398 2501 456 NYSSENI

3586 391 3686 448 εεο

421 533 551 586 tem,
578 519 852 591 quomodo
893 534 998 572 non
1029 521 1346 590 ptopalatur
1377 521 1651 576 calumnia
1683 536 1874 576 eorum
1900 520 1992 591 qui

2115 520 2364 590 ιοφαντία
2395 519 2508 573 τῶν
2549 516 2847 588 ἀγέννητον
2875 515 3056 584 λέγειν
3087 514 3236 585 ἡμᾶς
3275 511 3368 566 τὸν
3405 511 3683 580 Μονογενῆ

421 609 769 682 Unigenitum
808 611 1110 682 ingenitum
1154 627 1255 668 nos
1305 612 1489 668 dicere
1530 611 1996 684 divulgant?Non

421 713 600 758 tamen
655 704 914 773 quoniam
971 719 1067 774 per
1115 704 1336 760 modum
1387 705 1758 776 generationis
1817 707 1996 776 ipsum

419 802 541 843 esse
573 787 832 855 dicimus,
871 804 996 844 eum
1030 803 1139 843 non
1173 789 1345 846 fuisse
1391 790 1689 860 aliquando
1749 805 1844 861 per
1895 791 1998 846 hoc

420 875 870 950 approbabimus.
903 878 1039 946 Quis
1061 880 1207 936 enim
1243 879 1423 936 nescit
1464 879 1842 935 immediatam
1873 895 1999 936 esse

421 972 723 1028 secundum
763 975 1130 1044 signiﬁcatum
1164 974 1617 1029 contrarietatem
1642 975 1786 1030 entis
1804 983 1859 1030 et
1890 989 1997 1030 non

421 1064 694 1121 entis?lta
732 1074 790 1121 ut
815 1067 1044 1122 alterius
1101 1067 1369 1123 dictorum
1401 1066 1691 1123 afﬁrmatio
1733 1070 1997 1124 contrarii

423 1171 652 1225 prorsus
681 1157 753 1212 sit
784 1159 1025 1227 negatio.
1069 1157 1135 1211 Et
1164 1157 1627 1228 quemadmodum
1661 1175 1788 1216 esse
1855 1161 1997 1216 idem

423 1257 505 1302 est
562 1263 656 1317 per
685 1263 847 1302 omne
875 1256 1113 1320 tempus,
1156 1249 1210 1303 in
1240 1264 1351 1320 quo
1381 1249 1602 1321 quidem
1635 1251 1837 1322 aliquis
1871 1251 2000 1308 sub-

425 1339 623 1394 sistere
668 1339 802 1408 quid
845 1354 1036 1395 eorum
1086 1357 1209 1411 quae
1251 1350 1401 1408 sunt,
1452 1344 1848 1414 supposuerit:
1887 1357 1998 1400 non

423 1432 567 1486 enim
603 1433 776 1502 magis
817 1448 963 1488 nunc
1003 1442 1086 1490 est
1133 1435 1336 1490 coelum
1379 1446 1432 1490 et
1459 1437 1668 1502 sidera,
1703 1447 1758 1492 et
1791 1437 1895 1503 sol,
1947 1449 2002 1493 et

426 1525 631 1598 reliqua
663 1541 852 1581 eorum
884 1542 1005 1598 qua:
1038 1535 1188 1594 sunt,
1219 1542 1383 1598 quam
1429 1528 1546 1584 heri
1582 1537 1637 1584 ει
1677 1530 1999 1587 nudiuster-

427 1618 555 1684 tius,
585 1619 833 1688 atquein
885 1619 1034 1674 omni
1077 1619 1436 1677 antecedente
1484 1629 1760 1694 tempore:
1808 1622 2000 1679 eodem

426 1710 587 1765 modo
634 1711 1002 1783 signiﬁcatum
1059 1713 1182 1784 ejus
1245 1713 1394 1785 quod
1442 1714 1645 1770 dicitur
1693 1731 1802 1771 non
1854 1731 2001 1784 esse,

425 1819 642 1874 semper
662 1805 716 1859 in
746 1805 894 1860 omni
926 1821 992 1861 ex
1025 1821 1183 1877 aequo
1217 1807 1271 1862 id
1297 1809 1444 1879 quod
1470 1823 1580 1863 non
1616 1809 1839 1865 exsistit
1867 1825 2002 1866 con-

2103 611 2504 683 ορυλλούντων;
2533 611 2607 666 Οὐ
2653 609 2762 680 μὴν
2800 607 2989 679 ἐπειδὴ
3019 604 3294 677 γεννητῶς
3339 603 3502 658 αὐτὸν
3549 597 3686 656 εἶναί

2103 723 2301 776 φαμεν,
2329 705 2389 758 τὸ
2419 703 2495 776 μὴ
2525 699 2664 759 εἶναι
2696 702 2864 756 αὑτὸν
2897 701 3047 762 ποτε,
3074 698 3162 752 διὰ
3203 696 3362 751 τοῦτο
3390 694 3686 766 παραδεξό-

2105 795 2262 867 μεθα.
2299 796 2396 858 Τίς
2419 795 2529 866 γὰρ
2557 795 2659 848 ούκ
2685 789 2824 848 οῐδεν
2859 793 2942 846 ὅτι
2987 789 3190 861 ἄμεσός
3214 791 3361 842 ἐστιν
3387 788 3422 859 ή
3455 786 3601 840 κατά
3629 784 3687 838 τὸ

2104 888 2499 960 σημαινόμενον
2519 888 2835 950 ἐναντίωσις
2860 883 2956 937 τοῦ
2979 883 3131 945 ὄντος
3153 880 3248 934 καὶ
3273 878 3368 933 τοῦ
3401 879 3478 950 μὴ
3503 878 3684 943 δντος;

2105 981 2268 1032 Ὥστε
2301 979 2398 1048 τὴν
2429 977 2523 1032 τοῦ
2554 979 2742 1051 ἑτέρου
2767 977 2876 1030 τῶν
2920 973 3230 1046 εἰρημένων
3267 970 3437 1034 θέσιν,
3467 966 3686 1039 ἀναίρε-

2103 1087 2189 1124 σιν
2221 1067 2315 1123 τοῦ
2342 1069 2582 1124 ὲναντίου
2621 1067 2876 1138 γενέσθαι
2913 1066 3152 1128 πάντως.
3185 1063 3296 1117 Καὶ
3324 1063 3406 1118 ὃτι
3436 1059 3686 1132 καθάπερ

2100 1163 2162 1214 τὸ
2197 1156 2338 1216 εἶναι
2363 1159 2506 1215 κατά
2551 1159 2750 1225 παντὸς
2787 1160 2981 1230 χρόνου
3015 1154 3208 1210 ταύτόν
3239 1155 3406 1220 ἐστιν,
3433 1154 3494 1207 ὲν
3537 1147 3687 1224 ᾧπερ

2103 1257 2167 1310 ἄν
2195 1273 2280 1320 τις
2322 1255 2619 1325 ὑφεστάναι
2663 1271 2719 1306 τι
2767 1251 2876 1306 τῶν
2921 1251 3090 1305 ὄντων
3125 1247 3392 1318 ὑπόθηται
3416 1263 3430 1274 ·
3471 1246 3538 1299 οὐ
3579 1247 3687 1318 γὰρ

2106 1348 2308 1421 μᾶλλον
2340 1345 2436 1400 νῦν
2472 1347 2620 1400 ἐστιν
2648 1344 2874 1416 οὐρανὸς
2902 1342 3222 1414 καὶιάστρα,
3261 1340 3354 1394 καὶ
3389 1337 3562 1410 ἥλιος,
3597 1338 3687 1390 καὶ

2101 1440 2172 1494 τὰ
2195 1437 2357 1493 λοιπά
2381 1438 2490 1493 τῶν
2515 1437 2684 1491 ὄντων
2710 1436 2744 1508 ἢ
2775 1435 2904 1507 χθὲς
2936 1435 3030 1489 καὶ
3051 1431 3262 1505 πρώην,
3296 1432 3389 1485 καὶ
3417 1429 3583 1484 παντὶ
3614 1428 3687 1500 τῷ

2104 1533 2399 1604 προάγοντι
2429 1531 2606 1603 χρόνῳ
2628 1547 2642 1560 ·
2670 1528 2762 1582 τὸν
2786 1527 2950 1582 αὑτὸν
2979 1527 3178 1598 τρόπον
3209 1522 3420 1578 καὶτοῦ
3449 1520 3528 1594 μὴ
3553 1516 3685 1575 εἶναι

2103 1624 2164 1676 τὸ
2192 1622 2588 1694 σημαινόμενον
2611 1621 2808 1691 ἐπίσης
2831 1620 2888 1672 ὲν
2914 1617 3078 1672 παντὶ
3099 1615 3162 1670 τὸ
3183 1614 3532 1685 ἀνύπαρκτον
3556 1613 3682 1683 ἔχει.

2103 1716 2227 1768 Εἴτε
2258 1714 2400 1768 κατὰ
2431 1713 2491 1768 τὸ
2520 1712 2786 1784 πρότερόν
2812 1728 2916 1775 τις,
2947 1711 3055 1763 εἴτε
3081 1708 3221 1763 κατὰ
3244 1707 3304 1760 τὸ
3343 1706 3573 1777 ὕστερον
3601 1704 3684 1758 λέ-

2104 1824 2212 1875 γοι.
2238 1807 2312 1861 Οὐ
2339 1806 2449 1876 γάρ
2482 1805 2682 1876 μᾶλλον
2703 1802 2799 1858 νῦν
2822 1819 2874 1855 τι
2901 1803 3006 1857 τῶν
3039 1799 3365 1870 ὑφεστώτων
3393 1800 3495 1852 οὐκ
3523 1797 3682 1862 ἔστιν,

427 1898 585 1953 tinet.
619 1898 746 1954 Sive
776 1899 902 1969 quis
953 1898 1259 1955 secundum
1294 1901 1471 1971 prius,
1527 1900 1643 1956 sive
1694 1901 2001 1957 secundum

2115 1900 2142 1970 ἢ
2175 1902 2223 1952 εί
2254 1899 2517 1970 πρότερον
2542 1895 2890 1970 ἀνύπαρκτον
2908 1891 2996 1967 ἦν,
3025 1893 3162 1948 ἀλλά
3179 1887 3259 1956 εἷς
3275 1895 3304 1946 ὁ
3323 1891 3418 1945 τοῦ
3448 1890 3525 1962 μὴ
3552 1886 3686 1944 εἶναι

429 1990 700 2058 posterius
727 1991 894 2045 dicat.
953 1990 1070 2046 Non
1102 1992 1249 2048 enim
1310 1992 1482 2063 magis
1521 2009 1688 2056 nunc,
1739 1993 1871 2065 quid
1915 2010 2009 2051 eo-

430 2095 546 2134 rum
575 2097 697 2150 quae
730 2081 1118 2146 substiterunt,
1146 2099 1256 2138 non
1282 2095 1385 2151 est,
1421 2101 1586 2155 quam
1627 2085 1676 2141 si
1707 2086 1866 2156 prius
1895 2103 2007 2143 non

426 2169 751 2234 exstitisset,
785 2171 880 2226 sed
911 2187 1020 2226 una
1053 2173 1358 2244 eademque
1387 2183 1472 2230 est
1511 2176 1733 2231 essendi
1774 2177 1917 2233 ratio
1949 2178 2007 2233 in

426 2275 494 2314 eo
522 2261 670 2329 quod
703 2277 812 2316 non
867 2271 974 2327 est,
1038 2265 1097 2318 in
1157 2266 1305 2320 omni
1363 2267 1652 2336 temporali
1695 2269 2003 2326 intervallo.

427 2351 697 2418 Quocirca
729 2354 782 2408 in
838 2354 1169 2413 animalibus
1221 2357 1340 2425 ejus
1369 2359 1513 2428 quod
1564 2358 1668 2413 fuit
1709 2361 1762 2415 in
1823 2377 2004 2416 rerum

430 2445 704 2500 naturain
740 2446 792 2501 id
825 2447 973 2518 quod
1021 2462 1134 2504 non
1185 2457 1270 2506 est
1319 2451 1741 2516 resolutionem,
1800 2461 1856 2509 et
1885 2455 2006 2524 ejus

428 2538 576 2608 quod
608 2539 851 2594 nondum
880 2540 936 2595 in
975 2557 1158 2597 rerum
1185 2551 1440 2598 naturam
1475 2559 1759 2601 accessum
1785 2547 2000 2613 habuit,

429 2630 746 2686 nominibus
772 2631 992 2701 quidem
1034 2630 1436 2701 differentibus,
1476 2649 1585 2690 non
1627 2636 2007 2692 exsistentiam

431 2720 833 2791 signiﬁcamus,
867 2720 954 2776 vel
977 2736 1086 2776 non
1121 2722 1364 2792 genitum
1415 2721 1594 2778 fuisse
1627 2738 1656 2777 a
1714 2723 2006 2795 principio.

429 2811 516 2866 vel
569 2821 845 2866 mortuum
914 2825 1037 2867 esse
1082 2810 1326 2881 genitum
1392 2809 1683 2886 dicentes:
1725 2813 2012 2882 :equaliter

431 2910 613 2958 autem
645 2916 743 2974 per
788 2910 1080 2973 utramque
1105 2916 1317 2967 vocem,
1345 2915 1455 2956 non
1479 2901 1855 2958 exsistentiam
1880 2919 2007 2960 ora-

433 2997 584 3052 tione
629 3003 1110 3066 repraasentamus.
1171 2991 1650 3061 Quemadmodum
1696 2993 1844 3049 enim
1892 2994 2012 3052 dies

435 3095 595 3144 nocte
630 3088 968 3154 continetur,
1001 3087 1070 3142 ab
1104 3095 1337 3157 utraque
1361 3093 1539 3156 parte,
1569 3099 1680 3141 non
1713 3096 1895 3142 autem
1921 3087 2011 3142 di-

434 3187 636 3235 cuntur
661 3180 849 3237 eodem
881 3180 1042 3236 modo
1068 3188 1252 3250 partes
1286 3195 1408 3250 quae
1443 3179 1750 3246 continent,
1789 3179 1888 3235 sed
1909 3180 2012 3236 hoc

435 3271 654 3340 quidem
701 3281 824 3343 post
856 3288 1160 3344 vesperam,
1195 3272 1326 3327 illud
1360 3287 1490 3327 vero
1526 3279 1653 3328 ante
1687 3272 2012 3336 diluculum,

437 3376 545 3416 nox
575 3369 754 3416 autem
779 3368 865 3417 est
895 3361 1041 3431 quod
1058 3362 1374 3417 declaratur
1407 3362 1715 3418 secundum
1750 3371 2014 3433 utraque:

443 3453 635 3509 eodem
674 3454 858 3519 modo,
899 3455 944 3508 si
977 3453 1103 3523 quis
1142 3469 1208 3508 ex
1239 3461 1431 3508 mutua
1465 3455 1612 3510 inter
1636 3470 1696 3512 se
1738 3470 2018 3527 compara—

437 3545 587 3601 tione
621 3561 745 3600 cum
773 3560 838 3601 eo
867 3545 1014 3617 quod
1038 3553 1145 3610 est,
1165 3545 1312 3614 quod
1347 3561 1459 3601 non
1492 3555 1578 3602 est
1603 3548 1849 3605 vicissim
1880 3563 2019 3604 con—

439 3637 664 3704 sideret,
691 3637 1000 3693 nominabit
1054 3636 1277 3708 quidem
1324 3636 1662 3703 diﬁ'crenter,
1705 3641 1852 3710 quod
1891 3650 2018 3696 ante

438 3730 889 3786 constitutionem
942 3738 998 3786 et
1051 3729 1196 3801 quod
1254 3739 1377 3802 post
1431 3732 1847 3790 dissolutionem
1896 3734 2018 3804 ejus

439 3824 585 3895 quod
621 3824 676 3878 in
717 3839 899 3878 rerum
932 3830 1127 3878 natura
1157 3824 1515 3892 substiterat;
1545 3825 1642 3880 sed
1668 3841 1832 3880 unum
1863 3841 2020 3896 pror-

441 3930 537 3970 sus
565 3914 820 3985 idemque
853 3913 1216 3984 signiﬁcatum
1247 3929 1343 3984 per
1366 3923 1602 3986 utraque
1642 3916 1928 3987 intelliget,
1964 3927 2020 3973 et

439 4007 586 4078 quod
617 4015 742 4062 ante
768 4005 1242 4068 constitutionem,
1277 4013 1332 4060 et
1358 4005 1503 4072 quod
1526 4014 1650 4077 post
1691 4005 2018 4063 dissolutio-

440 4116 564 4157 nem
586 4101 706 4170 ejus
734 4101 879 4172 quod
913 4099 1261 4155 substiterat.
1325 4095 1460 4152 Nam
1499 4112 1610 4152 non
1643 4112 1766 4154 esse
1794 4105 1849 4154 et
1898 4099 2020 4170 ejus

439 4195 584 4264 quod
617 4208 897 4262 nunquam
930 4191 1050 4259 fuit,
1115 4199 1170 4247 et
1219 4190 1341 4260 ejus
1395 4191 1544 4261 quod
1594 4200 1870 4247 mortuum
1912 4201 2018 4259 est,

443 4282 586 4338 idem
615 4291 718 4346 est,
751 4289 975 4352 excepta
1017 4290 1230 4337 tantum
1269 4282 1549 4338 nominum
1593 4281 1921 4348 differentia,
1971 4283 2018 4338 si

443 4381 627 4429 tamen
677 4374 957 4443 exceperis
991 4387 1110 4428 eam
1144 4386 1266 4442 qua:
1303 4372 1357 4426 in
1399 4387 1498 4442 spe
1545 4381 1630 4429 est
1659 4374 2021 4431 resurrectio-

443 4481 590 4520 nem.
620 4465 890 4532 Quoniam
926 4465 1092 4536 igitur
1127 4465 1252 4520 vita:
1293 4465 1599 4535 principem
1647 4476 1700 4520 et
1727 4466 2020 4536 ipsammet

2042 3233 2085 3290 C

2108 1988 2263 2058 λόγος
2280 1990 2372 2042 ἐπὶ
2400 1988 2493 2042 τοῦ
2519 1987 2593 2059 μὴ
2619 1987 2770 2051 ὃντος
2803 1987 2861 2040 ἐν
2887 1986 3048 2041 παντὶ
3072 1984 3308 2056 χρονικῷ
3336 1983 3682 2052 διαστήματι.

2107 2081 2198 2134 Διὸ
2236 2082 2330 2136 καὶ
2358 2081 2451 2134 ἐπὶ
2493 2079 2602 2134 τῶν
2643 2077 2798 2144 ζώων
2836 2079 2936 2149 τήν
2971 2095 3029 2132 τε
3060 2076 3154 2130 τοῦ
3187 2075 3470 2146 γεγονότος
3509 2074 3591 2136 είς
3627 2072 3688 2126 τὸ

2111 2172 2186 2244 μὴ
2204 2171 2263 2227 ὃν
2293 2172 2571 2236 ἀνάλυσιν,
2600 2169 2696 2224 καὶ
2728 2167 2823 2222 τοῦ
2858 2169 3084 2241 μηδέπω
3111 2168 3210 2239 τὴν
3249 2167 3326 2230 εἰς
3352 2165 3414 2220 τδ
3441 2162 3687 2234 γενέσθαι

2109 2267 2340 2337 πάροδον
2380 2265 2694 2337 ἐσχηκότος,
2738 2264 2966 2335 ὀνόμασι
3004 2264 3102 2335 μὲν
3139 2261 3418 2333 διαφόροις
3455 2259 3558 2330 τὴν
3607 2259 3690 2312 ἀνι

2108 2357 2380 2430 υπαρξίαν
2411 2359 2768 2429 σημαίνομεν,
2794 2356 2828 2427 ἦ
2863 2356 2937 2428 μὴ
2962 2353 3290 2425 γεγενῆσθαι
3315 2353 3415 2423 τὴν
3433 2351 3625 2424 ἀρχὴν,
3654 2351 3686 2422 ἢ

2107 2447 2362 2501 τεθνάναι
2407 2449 2468 2500 τὸ
2526 2445 2864 2516 γεννώμενον
2915 2445 3184 2514 λέγοντες.
3237 2443 3464 2514 Ἐπίσης
3517 2442 3574 2495 δὲ
3625 2439 3688 2494 δι’
3744 2447 3752 2453 ’

2109 2540 2376 2611 ἑκατέρας
2400 2543 2582 2612 φωνῆς
2602 2541 2663 2594 τὸ
2687 2541 3036 2611 ἀνύπαρκτον
3057 2555 3133 2590 πα
3143 2535 3413 2608 ριστῶμεν
3431 2533 3510 2605 τῷ
3529 2533 3687 2604 λόγῳ.

2113 2633 2324 2706 Ὠσπερ
2348 2633 2458 2707 γὰρ
2491 2637 2526 2706 ἡ
2570 2635 2754 2706 ήμέρα
2785 2633 2943 2688 νυκτὶ
2975 2633 3290 2704 περιέχεται
3341 2629 3467 2684 καθ’
3503 2630 3692 2684 ἑκάτε-

2113 2742 2206 2796 ρον
2239 2725 2426 2796 μέρος,
2470 2725 2686 2794 λέγεται
2712 2725 2768 2778 δὲ
2800 2725 2898 2795 οὐχ
2945 2723 3209 2786 ὡσαύτως
3244 2722 3313 2775 τά
3352 2720 3693 2791 περιέχοντα,

2113 2815 2248 2872 ἀλλά
2273 2817 2334 2870 τὸ
2363 2817 2460 2888 μὲν
2484 2816 2623 2888 μετά
2651 2816 2750 2888 τὴν
2773 2816 3036 2888 ἑσπέραν,
3063 2815 3122 2868 τὸ
3145 2813 3200 2867 δὲ
3227 2812 3334 2884 πρὸ
3353 2811 3447 2865 τοῦ
3476 2810 3692 2883 ὄρθρου,

2113 2911 2209 2978 νὺξ
2235 2910 2290 2964 δὲ
2321 2912 2382 2964 τὸ
2411 2909 2742 2982 δηλούμενόν
2771 2911 2887 2963 ἐστι
2915 2909 3035 2962 κατ’
3064 2906 3350 2978 ἀμφότερα
3369 2921 3381 2934 ·
3411 2903 3508 2958 τδν
3539 2903 3696 2957 αὐτὸν

2112 3004 2314 3074 τρόπον
2344 3005 2393 3056 εί
2418 3003 2482 3056 ὲκ
2507 3001 2601 3055 τοῦ
2633 2999 2982 3073 παραλλήλου
3008 2999 3146 3070 πρὸς
3172 2997 3233 3052 τὸ
3251 2997 3316 3050 ὃν
3346 2993 3695 3066 ἀντιθεωροίη

2114 3111 2200 3158 τις
2229 3093 2290 3148 τὸ
2319 3093 2394 3165 μὴ
2441 3092 2524 3159 ὃν,
2562 3092 2930 3164 κατονομάσει
2961 3091 3058 3162 μὲν
3089 3089 3363 3159 διαφόρως
3406 3085 3467 3140 τό
3499 3103 3559 3138 τε
3595 3084 3700 3154 πρὸ

2115 3189 2214 3259 τῆς
2247 3188 2558 3251 συστάσεως
2606 3186 2700 3240 καὶ
2727 3184 2787 3238 τὸ
2839 3183 2977 3254 μετά
3018 3181 3118 3253 τὴν
3144 3179 3238 3233 τοῦ
3267 3177 3564 3242 συστάντος
3589 3177 3701 3231 διά-

2117 3282 2291 3344 λυσιν,
2321 3281 2382 3333 ἓν
2417 3279 2475 3333 δὲ
2503 3279 2684 3350 νοήσει
2715 3276 2782 3329 δι’
2815 3274 3143 3346 ἀμφοτέρων
3185 3271 3246 3326 τὸ
3279 3270 3698 3342 σημαινόμενον,

2117 3370 2179 3424 τό
2207 3386 2266 3423 τε
2298 3367 2404 3440 πρὸ
2450 3367 2552 3438 τῆς
2583 3365 2920 3429 συστάσεως,
2955 3364 3049 3417 καὶ
3078 3363 3139 3416 τὸ
3173 3362 3310 3434 μετὰ
3353 3360 3455 3433 τὴν
3482 3361 3576 3416 τοῦ
3605 3379 3695 3416 συ-

2121 3463 2344 3526 στάντος
2382 3460 2644 3515 διάλυσιν.
2681 3458 2754 3513 Τὸ
2782 3460 2891 3530 γὰρ
2925 3455 3000 3528 μὴ
3034 3451 3195 3520 εἶναι,
3234 3453 3328 3509 τοῦ
3359 3470 3420 3508 τε
3474 3453 3551 3526 μή
3580 3471 3700 3522 γενο

2118 3553 2376 3627 νηθέντος
2410 3552 2506 3606 καὶ
2529 3550 2624 3605 τοῦ
2657 3549 2980 3618 τεθνηκότος
3013 3547 3154 3618 πλὴν
3182 3547 3281 3617 τῆς
3304 3545 3572 3615 διαφορᾶς
3599 3547 3703 3600 τῶν

2120 3646 2419 3718 ὀνομάτων,
2447 3639 2563 3698 ἶσόν
2597 3645 2766 3710 ἐστιν,
2822 3641 3240 3714 ὑπεξῃρημένου
3283 3637 3376 3692 τοῦ
3424 3641 3568 3693 κατά
3607 3639 3702 3710 τὴν

2120 3739 2309 3794 ἐλπίδα
2338 3737 2436 3808 τῆς
2462 3735 2811 3796 ἀναστάσεως
2838 3733 3020 3801 λόγου.
3070 3731 3288 3802 Ἐπειδὴ
3319 3731 3504 3786 τοίνυν
3537 3733 3704 3801 ἀρχη-

2119 3831 2213 3901 γὺν
2233 3829 2378 3900 ζωῆς
2400 3828 2496 3882 καὶ
2541 3825 2820 3896 αύτοζωὴν
2862 3813 2953 3879 τὸν
2991 3826 3252 3895 μονογενῆ
3277 3823 3410 3876 Θεὸν
3429 3823 3587 3894 παρὰ
3608 3823 3704 3893 τῆς

2119 3923 2345 3994 Γραφῆς
2394 3919 2816 3992 μεμαθήκαμεν,
2847 3916 2944 3970 καὶ
2978 3915 3116 3985 φῶς,
3157 3917 3252 3970 καὶ⁵
3294 3915 3579 3985 ἀλήθειαν,
3617 3915 3705 3970 καὶ

2121 4015 2228 4068 πᾶν
2256 4013 2448 4083 ὅτιπερ
2471 4012 2620 4065 ἐστιν
2647 4011 2705 4063 έν
2731 4009 2955 4080 ὀνόματι
2981 4006 3074 4062 καὶ
3095 4007 3328 4078 νοήματι
3348 4007 3554 4079 τίμιον,
3588 4009 3706 4063 ἀτο-

2121 4124 2222 4162 πον
2255 4108 2348 4162 καὶ
2392 4104 2647 4168 δυσσεϐὲς
2673 4099 2813 4157 εἷναί
2855 4118 3059 4173 φαμεν,
3101 4099 3180 4172 τῷ
3215 4099 3386 4165 ὅντως
3417 4101 3537 4156 ὄντι
3585 4119 3708 4156 συν.

2122 4197 2348 4268 θεωρεῖν
2385 4195 2448 4248 τὸ
2497 4193 2557 4259 ὲξ
2601 4192 2846 4248 ἐναντίου
2899 4191 3215 4263 νοούμενον,
3259 4192 3294 4264 ἢ
3336 4191 3585 4247 διάλυσιν
3631 4194 3707 4256 είς

2121 4287 2348 4360 φθορὰν,
2377 4287 2412 4358 ἢ
2437 4283 2777 4356 ἀνυπαρξίαν
2799 4285 2906 4356 πρὸ
2932 4284 3033 4356 τῆς
3054 4285 3385 4350 συστάσεως,
3413 4283 3556 4338 ἀλλά
3577 4302 3708 4340 παν-

2120 4379 2347 4450 ταχόθεν
2377 4377 2514 4448 πρὸς
2556 4376 2619 4429 τὸ
2676 4373 3011 4446 πρωιὼνιον
3048 4375 3450 4439 ἐπεκτείνοντες
3500 4375 3710 4429 ἑαυτῶν

2120 4471 2220 4542 τὴν
2246 4471 2506 4535 διάνοιαν,
2549 4465 2788 4538 οὐδαμοῦ
2819 4467 2958 4539 πρὸς
2985 4467 3046 4522 τὸ
3095 4469 3171 4540 μὴ
3213 4468 3272 4523 ὃν
3315 4471 3436 4530 ταῖς
3476 4468 3709 4531 ἐννοίαις

439 4557 609 4611 vitam
656 4557 997 4627 unigenitum
1042 4557 1212 4613 Deum
1261 4571 1327 4612 ex
1373 4556 1659 4626 Scriptura
1697 4557 2011 4626 didicimus,

2123 4564 2358 4636 λήγομεν
2378 4578 2392 4593 ⁸
2413 4557 2530 4615 ἶσον
2550 4561 2630 4624 είς
2647 4559 2902 4614 ἀσέϐειαν
2921 4559 3197 4629 κρίνοντες
3214 4561 3514 4632 οίῳδήποτε
3535 4563 3711 4632 χρόνῳ

440 4655 494 4703 ει
526 4649 721 4714 lucem,
759 4656 812 4704 et
843 4649 1152 4716 veritatem,
1198 4655 1253 4704 et
1284 4649 1555 4720 quidquid
1591 4657 1676 4706 est
1727 4650 2016 4705 nominatu

440 4747 494 4795 et
525 4740 802 4796 intellectu
831 4739 1056 4811 dignum
1109 4748 1162 4796 et
1205 4740 1550 4807 honorabile,
1596 4739 1898 4796 absurdum
1942 4753 2020 4796 at-

440 4847 548 4903 que
576 4833 802 4905 impium
840 4831 1077 4888 dicimus
1127 4847 1273 4898 esse,
1329 4847 1457 4887 cum
1493 4844 1559 4888 eo
1607 4832 1702 4903 qui
1738 4848 1868 4888 vere
1911 4843 2016 4898 est,

440 4925 800 4996 contemplari
838 4924 1002 4979 etiam
1065 4923 1212 4995 quod
1256 4939 1288 4980 e
1337 4924 1621 4981 contrario
1672 4925 2018 4997 intelligitur,

439 5020 528 5074 vel
564 5018 976 5075 dissolutionem
1010 5018 1065 5072 in
1117 5017 1424 5082 interitum,
1484 5017 1569 5072 vel
1608 5033 1718 5073 non
1751 5019 2020 5074 exsistan-

443 5110 572 5164 tiam
613 5118 741 5166 ante
775 5109 1245 5172 constitutionem.
1310 5107 1406 5164 sed
1438 5108 1680 5179 undique
1729 5108 2022 5180 cogitatio-

445 5220 566 5260 nem
624 5205 692 5261 ad
753 5205 804 5260 id
855 5205 1001 5275 quod
1051 5203 1248 5260 saecula
1311 5203 1592 5272 praecessit
1638 5202 2020 5267 extendentes,

445 5317 715 5372 nusquam
745 5301 810 5356 ad
864 5301 918 5355 id
948 5299 1094 5372 quod
1141 5315 1254 5354 non
1289 5307 1375 5354 est.
1421 5296 1849 5368 cogitationibus
1887 5287 2055 5353 dell-5

444 5392 651 5455 nimus,
701 5393 966 5462 aequalem
1025 5390 1362 5461 impietatem
1397 5389 1736 5458 judicantes,
1781 5389 2020 5458 quodam

445 5484 666 5539 tandem
697 5493 944 5555 tempore
967 5501 1066 5557 per
1085 5501 1196 5538 non
1237 5483 1618 5539 exsistcntiam
1643 5483 1886 5537 divinam
1923 5497 2024 5537 na-

446 5585 626 5630 turam
659 5578 1075 5632 circumcidere.
1121 5576 1264 5632 Idem
1299 5593 1444 5632 enim
1476 5585 1561 5634 est
1603 5585 1659 5631 et
1691 5577 1922 5634 mortale
1947 5577 2026 5631 di-

445 5683 575 5722 cere
629 5668 992 5722 immortalem
1045 5668 1236 5731 vitam,
1297 5677 1352 5724 et
1386 5668 1579 5724 falsam
1626 5668 1910 5723 veritatem
1967 5676 2024 5724 et

447 5759 792 5814 tenebrosam
825 5759 1021 5822 lucem,
1059 5767 1114 5814 et
1145 5775 1252 5812 non
1301 5774 1426 5814 esse
1481 5761 1534 5814 id
1575 5759 1721 5829 quod
1755 5767 1864 5815 est.
1920 5760 2023 5826 Qui

453 5853 616 5922 igitur
666 5867 777 5908 non
819 5851 933 5905 fore
993 5850 1289 5920 aliquando
1348 5866 1458 5905 non
1517 5850 1792 5914 concedit,
1849 5866 2026 5922 neque

2123 4656 2192 4709 δι’
2218 4653 2557 4723 ἀνυπαρξίας
2587 4651 2943 4723 περικόπτειν
2972 4653 3033 4707 τὸ
3047 4649 3222 4708 Θεῖον.
3255 4652 3432 4706 Ταύτὸ
3458 4653 3572 4724 γάρ
3599 4656 3708 4706 ἐστι

2126 4747 2220 4802 καὶ
2248 4746 2449 4817 θνητήν
2471 4747 2645 4798 είπεῖν
2669 4744 2768 4816 τὴν
2800 4743 3066 4799 ἀθάνατον
3087 4745 3250 4814 ζωὴν,
3285 4744 3378 4798 καὶ
3413 4743 3588 4814 ψευδῆ
3617 4744 3711 4815 τήν

2124 4837 2399 4908 ἀλήθειαν,
2437 4836 2530 4889 καὶ
2555 4835 2826 4889 σκοτεινὸν
2859 4835 2920 4888 τὺ
2942 4834 3077 4904 φῶς,
3119 4835 3214 4887 καὶ
3256 4834 3332 4907 μὴ
3362 4829 3504 4888 εἶναι
3534 4835 3600 4888 τὸ
3632 4835 3708 4889 ὃν.

2137 4929 2195 4982 '0
2221 4929 2400 4982 τοίνυν
2426 4925 2487 4983 τὸ
2518 4927 2592 4998 μὴ
2623 4925 2846 4982 ἔσεσθαί
2876 4943 3004 4980 ποτε
3034 4925 3108 4997 μὴ
3153 4925 3348 4992 διδοὺς,
3380 4925 3504 4979 οὐδὲ
3547 4926 3612 4980 τὸ
3639 4925 3712 4997 μή

2126 5020 2265 5077 εἷναί
2289 5039 2419 5076 ποτε
2441 5021 2785 5090 συνθήσεται,
2813 5020 2955 5074 κατὰ
2982 5020 3074 5073 τὸν
3099 5019 3366 5090 ἡμέτερον
3401 5016 3586 5086 λόγον,
3617 5018 3711 5088 τὴν

2127 5112 2296 5186 αὐτὴν
2321 5113 2550 5168 ἀτοπίαν
2581 5111 2797 5182 φεύγων
2829 5111 2949 5166 καθ’
2981 5111 3242 5182 ἑκάτερον
3281 5109 3472 5181 μέροςο
3498 5110 3578 5173 ὡς
3605 5109 3711 5177 γὰο

2126 5206 2189 5259 τὸ
2219 5205 2572 5260 ἀτελέστατον
2604 5203 2703 5274 τῆς
2745 5202 2891 5274 ζωῆς
2935 5201 3029 5256 τοῦ
3068 5201 3406 5271 Μονογενοῦς
3435 5191 3551 5255 ὀὐκ
3591 5204 3709 5255 sm-

2129 5300 2318 5354 κόπτει
2349 5297 2598 5361 θάνατος,
2632 5295 2806 5359 οὕτως
2852 5294 2971 5348 οὐδὲ
3002 5295 3142 5348 κατὰ
3170 5295 3230 5348 τὸ
3258 5294 3369 5348 ἄνω
3403 5295 3438 5365 ἡ
3463 5295 3710 5366 ἀνύπαρ-

2129 5391 2218 5459 ξία
2241 5392 2425 5461 στήσει
2453 5388 2589 5459 πρὸς
2617 5387 2679 5441 τὸ
2701 5386 2870 5440 ἀΐδιον
2893 5386 3058 5440 αὑτοῦ
3085 5385 3182 5456 τὴν
3204 5386 3350 5457 ζωὴν
3376 5385 3673 5456 προϊοῦσαν
3690 5401 3706 5416 ο

2127 5480 2203 5544 ὼς
2231 5480 2296 5534 ἂν
2329 5477 2662 5550 πανταχόθεν
2696 5476 2992 5549 καθαρεύοι
3026 5476 3088 5530 τὸ
3130 5477 3298 5542 ὅντως
3341 5476 3402 5531 ὂν
3431 5477 3537 5546 τῆς
3575 5476 3708 5548 πρὸς

2129 5573 2190 5626 τὸ
2214 5571 2288 5643 μὴ
2325 5570 2490 5634 ὅντως
2522 5569 2581 5623 ὃν
2603 5571 2907 5633 κοινωνίας.
2935 5568 3034 5623 Διά
3059 5567 3218 5622 τοῦτο
3243 5569 3432 5642 πόρρω
3461 5569 3701 5638 γίνεσθαι

2131 5664 2231 5734 τῆς
2263 5661 2516 5734 τοιαύτης
2547 5660 2753 5732 πλάνης
2785 5661 2909 5724 τοὺς
2934 5659 3183 5730 μαθητὰς
3212 5659 3382 5714 θέλων
3417 5662 3446 5713 ὁ
3472 5659 3675 5731 Κύριος

2131 5759 2205 5821 ὡς
2232 5757 2298 5811 Ξιν
2336 5756 2410 5826 μή
2459 5771 2588 5808 ποτε
2640 5753 2732 5807 καὶ
2776 5752 2928 5806 αὐτοὶ
2971 5751 3032 5806 τὸ
3065 5751 3430 5823 πρεσὸύτερον
3467 5752 3568 5823 τῆς
3611 5749 3705 5805 τοῦ

2134 5849 2471 5921 Μονογενοῦς
2521 5848 2869 5913 ὑποστάσεως
2894 5846 3309 5920 ἀναζητοῦντες,
3344 5845 3477 5919 πρὸς
3513 5845 3573 5899 τὸ
3609 5843 3710 5923 ἀνα.
