4002 6218
321 309 420 364 821

1437 327 1718 383 CONTRA
1758 329 2146 392 EUNOMIUM.
2190 332 2319 387 LIB.
2359 333 2449 387 IX.

3464 325 3569 380 8:19.

323 427 606 500 ύπαρκτον
638 432 748 494 τοῖς
781 431 1056 504 λογισμοῖς
1091 437 1458 508 ἀπενεχθεῖενο
1492 444 1660 512 Ἐγὼ,
1695 447 1884 515 φησὶν,

2029 449 2156 503 tiam
2210 447 2507 519 aliquando
2561 462 2666 501 non
2709 461 2833 502 esse
2882 442 3211 508 consentiet,
3267 444 3568 498 secundum

325 521 395 573 ἐν
425 519 506 585 τῷ
530 523 734 589 Πατρὶ,
767 525 863 577 καὶ
900 530 933 579 ό
963 527 1165 594 Πατὴρ
1187 530 1256 582 ἐν
1279 531 1431 599 ἐμοὶ,
1457 534 1532 597 ὠς
1555 535 1680 588 οὔτε
1703 537 1795 590 τοῦ
1827 538 1900 607 μὴ

326 611 478 675 ὄντος
505 614 562 664 ὲν
593 611 672 682 τῷ
698 615 832 679 δντι,
879 617 990 670 εἴτε
1025 621 1118 674 τοῦ
1151 623 1303 685 ὄντος
1343 625 1400 677 ὲν
1427 625 1503 697 τῷ
1535 627 1608 697 μὴ
1633 629 1767 681 ὄντι.
1794 632 1904 683 Καὶ

327 703 464 773 αὕτη
490 705 546 757 δὲ
577 707 612 776 ἡ
638 706 731 759 τοῦ
762 707 920 777 λόγου
944 709 1118 778 τάξις,
1151 714 1212 767 τὸ
1245 716 1464 781 εὐσεϐὲς
1491 720 1782 790 ἐρμηνεύει
1808 722 1902 774 τοῦ

326 791 613 862 δ’γματος.
659 797 872 870 Ἐπειδὴ
919 800 1028 871 γὰρ
1069 803 1169 856 οὐκ
1213 804 1278 857 ἐκ
1311 806 1404 859 τοῦ
1448 808 1575 860 Υἱοῦ
1607 812 1636 862 6
1681 811 1898 881 Πατήρ·

329 885 442 937 ἀλλ’
470 887 533 940 ὲκ
561 886 654 940 τοῦ
684 890 897 960 Πατρός
925 894 955 944 6
980 891 1106 958 Υἱός
1126 914 1140 929 ι
1161 895 1248 949 διὰ
1279 897 1434 950 τοῦτο
1462 900 1676 970 πρῶτον
1700 901 1862 971 φησίν
1889 920 1903 934 ο

344 976 484 1044 Ἐγὼ
510 977 581 1030 ἐν
606 978 687 1044 τῷ
727 983 913 1049 Harp!
931 999 944 1014 ο
975 983 1186 1050 δεικνὺς
1209 989 1270 1041 τὸ
1303 989 1376 1060 μὴ
1411 990 1469 1056 ἐξ
1497 991 1677 1057 ἄλλου,
1704 993 1817 1046 ἀλλ’
1849 994 1906 1060 ἐξ

328 1066 538 1120 ἐκείνου
571 1063 738 1123 εἶναι’
773 1068 888 1125 εἶτα
921 1075 1247 1146 ἀναστρέφει
1292 1080 1381 1132 τὸν
1409 1080 1583 1149 λόγον,
1610 1084 1695 1136 ὅτι
1727 1083 1837 1137 Καὶ
1875 1087 1908 1138 ὁ

249 1184 262 1194 ·
329 1161 533 1229 Πατὴρ
563 1163 634 1215 ἐν
675 1163 807 1232 ἐμοί
827 1181 839 1194 ⁸
873 1167 1155 1237 σημαίνων
1185 1170 1266 1223 ὅτι
1305 1173 1332 1224 ὁ
1369 1172 1614 1242 ὑπερϐὰς
1646 1173 1738 1228 τὸν
1781 1174 1909 1228 Υίὸν

327 1254 394 1322 τῇ
431 1253 953 1328 πολυπραγμοσύνῃ,
976 1260 1067 1312 καὶ
1096 1259 1192 1330 τὴν
1211 1263 1451 1333 περὶτοῦ
1471 1266 1681 1337 Πατρὸς
1701 1267 1910 1322 ἔννοιαν

330 1358 395 1394 συ
403 1343 798 1415 μπαρέρχεται.
839 1349 896 1401 '0
913 1349 1023 1420 γὰρ
1042 1350 1097 1402 ἔν
1123 1368 1228 1405 τινι
1249 1353 1344 1417 ὢν,
1375 1353 1479 1420 ἔξω
1501 1355 1595 1409 τοῦ
1617 1360 1674 1410 ὲν
1697 1351 1741 1425 ᾧ
1765 1360 1910 1413 ἐστιν

327 1434 615 1525 εύρεοῆναι
635 1436 696 1490 οὐ
726 1437 966 1493 δύναται.
997 1441 1160 1496 ’Ὢστε
1190 1444 1416 1525 μάταιος
1439 1449 1467 1499 6
1489 1448 1546 1499 ἐν
1571 1448 1648 1518 τῷ
1675 1449 1786 1519 Υἱῷ
1811 1450 1910 1520 μὲν

328 1522 471 1579 εἶναι
503 1528 594 1578 τὸν
650 1529 872 1602 Πατέρα
922 1531 996 1602 μὴ
1043 1522 1364 1604 ἁντιλέγωνλ
1399 1537 1503 1602 ἔξω
1539 1539 1598 1593 δὲ
1650 1540 1745 1593 τοῦ
1781 1541 1908 1596 Υίοῦ

329 1617 715 1687 κατειληφέναι
756 1638 807 1674 τι
834 1621 925 1674 τοῦ
959 1623 1172 1697 Πατρὸς
1202 1627 1607 1699 φανταζόμενος
1627 1649 1640 1662 ·
1673 1633 1764 1685 καὶ
1808 1634 1912 1703 μά-

329 1726 434 1779 την
471 1709 825 1766 διαπλανᾶται
870 1713 979 1770 τῶν
1029 1717 1406 1786 πολεμούντων
1443 1721 1633 1794 ἡμῖνή
1683 1725 1811 1794 περὶ
1850 1725 1910 1778 τὸ

2003 551 2252 597 nostrum
2287 555 2616 602 sermonem,
2651 540 2742 609 qui
2774 538 3019 594 eamdem
3066 537 3266 606 refugit
3321 535 3574 596 absurdi-

2004 641 2172 688 tatcm
2207 633 2276 686 ab
2306 643 2538 700 utraque
2579 637 2771 699 parte:
2809 637 2867 683 ut
2897 631 3041 683 enim
3079 628 3200 682 vita:
3243 629 3574 698 perpetuita-

2005 730 2114 779 tem
2144 730 2198 777 et
2223 722 2586 777 aeternitatem
2620 718 2894 790 Unigeniti
2937 735 3087 774 mors
3121 734 3231 772 non
3275 718 3572 783 abscindit,

2007 815 2088 870 sic
2121 829 2297 884 neque
2321 828 2484 883 supra
2518 828 2624 866 non
2652 812 2972 866 cxsisteutia
3022 820 3174 865 stare
3209 810 3372 865 faciet
3407 810 3574 864 vitam

2006 907 2126 974 ejus
2155 906 2207 959 in
2232 914 2492 959 aeternum
2528 903 2982 973 progredientem.
3025 899 3092 956 Ut
3126 900 3368 970 undique
3427 900 3579 971 quod

2007 1009 2134 1049 vere
2169 1002 2271 1057 est,
2316 1009 2512 1063 purum
2548 994 2620 1047 sit
2651 1007 2678 1045 a
2714 991 3102 1046 communione
3131 991 3253 1060 ejus
3288 991 3434 1060 quod
3465 1007 3577 1045 non

2007 1092 2090 1139 est
2134 1099 2279 1138 vere.
2319 1082 2614 1152 Propterea
2655 1081 2917 1135 Dominus
2946 1081 3136 1136 volens
3171 1080 3471 1151 discipulos
3510 1081 3579 1134 ab

2009 1172 2114 1227 hoc
2175 1188 2367 1227 errore
2423 1172 2613 1241 procul
2667 1172 2880 1233 abesse.
2944 1183 3003 1226 ut
3062 1187 3347 1242 nunquam
3383 1181 3437 1227 et
3473 1173 3582 1242 ipsi

2009 1262 2153 1333 quod
2187 1270 2273 1318 est
2298 1263 2580 1332 antiquius
2612 1261 2886 1331 Unigeniti
2911 1264 3272 1319 subsistentia
3298 1264 3581 1334 inquiren-

2011 1363 2113 1417 tes,
2148 1354 2213 1407 ad
2253 1354 2305 1407 id
2351 1353 2499 1422 quod
2529 1368 2634 1406 non
2666 1355 2883 1407 exsistit
2927 1354 3354 1423 cogitationibus
3397 1365 3580 1409 trans-

2013 1442 2322 1498 ferrentur:
2361 1443 2490 1512 Ego,
2522 1443 2717 1512 inquit,
2751 1444 2804 1496 in
2840 1442 3019 1508 Patre,
3050 1455 3098 1497 et
3135 1443 3296 1497 Pater
3337 1447 3391 1499 in
3434 1463 3510 1499 me
3537 1446 3578 1510 *,

2011 1549 2120 1588 non
2152 1543 2414 1603 tanquam
2452 1549 2561 1589 non
2592 1548 2692 1588 ens
2719 1534 2772 1587 in
2804 1542 2949 1598 entc,
2978 1535 3063 1588 vel
3087 1551 3186 1590 ens
3211 1535 3262 1588 in
3296 1551 3402 1590 non
3431 1545 3578 1590 eatc.

2011 1627 2076 1680 Et
2111 1626 2199 1680 hic
2229 1627 2500 1681 sermonis
2537 1627 2672 1681 ordo
2700 1627 2953 1696 pietatem
2989 1625 3266 1695 dogmatis
3297 1627 3578 1696 explanat.

2012 1715 2462 1785 Quandoquidem
2490 1717 2635 1770 enim
2687 1731 2796 1770 non
2846 1732 2912 1770 ex
2942 1714 3080 1769 Filio
3126 1715 3310 1780 Pater,
3362 1717 3458 1772 sed
3514 1733 3583 1773 ex

329 1802 484 1871 ῥῆμα
504 1803 601 1870 τῆς
629 1805 952 1876 ἀγεννησίας
975 1810 1288 1878 σκιομαχία,
1311 1810 1398 1863 διὰ
1417 1811 1524 1864 τῶν
1551 1814 1912 1885 ἀνυπάρκτων

2023 1808 2174 1863 Patre
2214 1809 2404 1874 Filius,
2430 1819 2714 1879 propterea
2747 1810 2981 1877 primum
3017 1810 3093 1861 ait
3117 1828 3133 1872 ,ε
3172 1808 3282 1878 Ego
3308 1810 3360 1863 in
3395 1808 3580 1874 Patre,

329 1894 742 1962 κενεμϐατοῦσα
761 1913 773 1924 ’
802 1898 1000 1967 μᾶλλον
1017 1899 1072 1953 δὲ
1095 1901 1208 1968 εἴγε
1231 1901 1336 1972 χρὴ
1364 1904 1542 1957 πᾶσαν
1561 1906 1641 1968 εἰς
1655 1907 1715 1959 τὸ
1742 1907 1912 1976 ἐμφα-

330 1984 421 2046 νὲς
446 1984 674 2054 ἀγαγεῖν
702 1986 800 2056 τὴν
835 1989 1064 2043 ἀτοπίαν
1112 1990 1204 2044 τοῦ
1238 1992 1416 2058 λόγου,
1444 1994 1638 2066 μικρὸν
1671 1995 1750 2049 ἔτι
1781 2013 1910 2065 συγ-

330 2074 636 2147 χωρηθήτω
693 2079 1112 2150 προσδιατρίψαι
1153 2080 1231 2152 τῷ
1285 2081 1621 2154 Θεωρήματι.
1664 2085 1770 2138 Τοῦ
1804 2087 1912 2157 γὰρ

335 2165 659 2235 μονογενοῦς
689 2167 822 2222 Θεοῦ
874 2169 1098 2242 ὓστερον
1129 2173 1265 2243 μετά
1300 2173 1391 2227 τὸν
1430 2175 1648 2247 Πατέρα
1688 2178 1914 2249 γεγενῆ-

335 2258 463 2310 σθαι
484 2259 614 2330 παρ’
639 2259 817 2313 αὐτῶν
840 2260 1132 2333 λεγομένου
1155 2280 1167 2292 ·
1193 2264 1505 2336 εὑρίσκεται
1527 2270 1645 2322 κατ’
1670 2269 1915 2341 ἀνάγκην

329 2348 396 2400 τὸ
429 2350 722 2421 ἀγέννητον
751 2351 931 2417 αὐτὴν,
955 2358 984 2410 ὅ
1003 2355 1056 2409 τί
1089 2373 1218 2409 ποτε
1246 2359 1340 2411 καὶ
1369 2357 1507 2412 εἶναι
1535 2361 1913 2430 φαντάζονται,

331 2440 446 2492 τῶν
475 2441 660 2494 κακῶν
686 2445 783 2513 τὴν
830 2443 1042 2498 ἔννοιαν
1080 2449 1626 2520 συναναφαινόμενον.
1675 2452 1770 2515 Τίς
1806 2453 1916 2526 γὰρ

331 2532 438 2584 οὐκ
465 2531 603 2585 οἶδεν
631 2533 714 2585 ὅτι
741 2533 928 2605 ὥσπερ
965 2534 1042 2605 τῷ
1069 2535 1182 2590 ὅντι
1205 2537 1265 2591 τὸ
1295 2538 1369 2610 μὴ
1402 2538 1460 2593 ὃν
1487 2541 1914 2615 ἀντιδιαιρείται,

331 2625 480 2677 οὕτω
514 2625 603 2678 καὶ
633 2626 791 2680 παντὶ
821 2627 1012 2697 ἀγαθῷ
1048 2628 1330 2699 πράγματί
1365 2647 1424 2684 τε
1465 2633 1555 2685 καὶ
1582 2633 1825 2703 ὀνόματι,
1855 2637 1918 2688 τὸ

331 2713 398 2778 ἑξ
438 2714 677 2767 ἐναντίου
725 2715 1033 2786 νοούμενον,
1063 2712 1173 2770 οἷον
1207 2717 1286 2788 τῷ
1311 2719 1469 2790 καλῷ
1504 2721 1565 2774 τὸ
1601 2722 1787 2787 κακὸν,
1823 2725 1919 2779 καὶ

331 2808 404 2876 τῇ
436 2805 661 2876 ἀληθείᾳ
688 2807 749 2859 τὸ
776 2807 988 2876 ψεῦδος,
1017 2809 1098 2879 τῷ
1125 2810 1264 2879 φωτὶ
1291 2811 1350 2864 τὸ
1381 2813 1590 2877 σκότος,
1617 2815 1711 2868 καὶ
1740 2816 1918 2872 πάντα

331 2897 440 2951 ὅσα
473 2897 680 2962 τούτοις
715 2899 1087 2970 ὁμοιοτρόπως
1118 2900 1252 2971 πρὸς
1296 2901 1357 2955 τὸ
1398 2903 1639 2958 ἐναντίον
1673 2907 1918 2977 ἀλλήλοις

334 2987 802 3054 ἀντικαθίσταται,
849 2990 934 3059 ἐφ’
963 2982 1038 3044 ὧν
1076 2989 1278 3060 ἄμεσός
1311 2991 1458 3046 ἐστιν
1489 2995 1521 3063 ἡ
1581 2995 1918 3066 ἐναντίωσις,

2013 1897 2264 1952 iudicans
2287 1911 2395 1951 non
2425 1913 2490 1952 ex
2521 1899 2649 1960 alio,
2699 1899 2792 1952 sed
2823 1912 2888 1951 ex
2921 1898 3016 1950 illo
3048 1913 3188 1954 esse.
3226 1897 3430 1954 Deinde
3462 1917 3583 1955 ser-

2013 2003 2231 2042 monem
2265 1989 2509 2050 invertit,
2557 1987 2622 2040 Et
2655 1988 2820 2042 Pater
2851 1989 2904 2041 in
2933 2005 3036 2051 me,
3088 1990 3409 2059 signiﬁcans
3458 2007 3582 2045 eum

2013 2079 2108 2148 qui
2157 2079 2482 2134 curiositate
2517 2079 2714 2134 Filium
2769 2079 3188 2150 transgreditur,
3240 2081 3400 2134 simul
3437 2091 3488 2136 et
3517 2082 3586 2137 de

2013 2169 2179 2224 Patre
2206 2170 2457 2224 notitiam
2484 2171 2802 2240 praeterire;
2853 2171 2946 2238 qui
2988 2169 3132 2222 enim
3166 2170 3218 2222 in
3255 2169 3440 2240 aliquo
3474 2179 3580 2229 est.

2014 2274 2169 2318 extra
2201 2278 2325 2316 eum
2349 2264 2403 2317 in
2434 2279 2544 2333 quo
2577 2270 2681 2324 est,
2719 2262 2952 2316 inveniri
3001 2277 3112 2315 non
3157 2269 3358 2331 potest.
3402 2262 3584 2331 Quare

2015 2368 2190 2408 vanus
2219 2353 2310 2422 qui
2343 2353 2396 2406 in
2432 2350 2573 2405 Filio
2591 2351 2811 2418 quidem
2842 2349 3054 2406 Patrem
3081 2366 3203 2407 esse
3231 2366 3337 2405 non
3359 2368 3583 2422 negans.

2015 2455 2168 2498 extra
2209 2442 2402 2498 Filium
2437 2444 2642 2514 aliquid
2671 2442 2847 2497 Patris
2873 2441 3366 2511 comprehendisse
3401 2443 3586 2497 animo

2018 2535 2190 2605 ﬁngit.
2226 2533 2540 2600 Quinetiam
2595 2533 2798 2588 frustra
2857 2532 3019 2588 nobis
3061 2533 3469 2588 adversantium
3521 2535 3595 2590 de-

2014 2626 2183 2681 verbo
2230 2625 2556 2697 ἀγεννησὶας
2606 2623 2918 2680 umbratilis
2971 2639 3151 2694 pugna
3209 2623 3447 2688 oberrat,
3494 2641 3591 2694 per

2017 2733 2082 2771 ea
2142 2732 2266 2788 qua:
2313 2724 2594 2786 nequeunt
2648 2715 2974 2778 subsistere,
3021 2715 3259 2768 inaniter
3305 2715 3586 2771 incedens.

2016 2808 2131 2863 lmo
2170 2823 2300 2864 vero
2329 2809 2375 2864 si
2399 2823 2616 2863 omnem
2645 2808 2699 2862 in
2729 2814 2979 2877 apertum
3016 2806 3268 2876 proferre
3305 2807 3589 2862 sermonis

2017 2901 2414 2957 absurditatem
2460 2907 2698 2971 oportet,
2743 2899 3025 2969 paulisper
3077 2897 3260 2951 adhuc
3302 2896 3588 2960 concedat,

2018 3010 2120 3050 nos
2149 2994 2204 3048 in
2235 2993 2342 3048 hoc
2370 2991 2750 3062 speculamine
2795 3005 3005 3044 moram
3039 2989 3238 3043 facere.
3279 2987 3414 3042 Cum
3443 2987 3591 3042 enim

346 3079 452 3133 καὶ
481 3080 580 3132 οὐκ
606 3079 878 3151 ἐνδέχεται
908 3081 1049 3135 κατά
1075 3081 1270 3135 ταύτὸν
1308 3083 1374 3135 τὰ
1400 3082 1493 3136 δύο
1530 3088 1646 3154 μετ’
1676 3085 1918 3158 ἀλλήλων

2038 3085 2355 3154 unigenitus
2385 3082 2530 3138 Deus
2565 3083 2633 3137 ab
2665 3082 2800 3153 ipsis
2838 3081 3046 3136 dicitur
3089 3089 3213 3152 post
3245 3079 3461 3135 l’atrem
3497 3096 3592 3150 ge-

336 3167 519 3224 εἶναι’
548 3167 724 3240 ἀλλ’ἢ
754 3190 816 3226 τε
856 3173 1129 3244 παρουσία
1160 3174 1254 3226 τοῦ
1290 3173 1408 3238 ἐνὸς
1443 3176 1726 3248 ὑπεξαιρεί
1743 3177 1802 3231 τὸ
1825 3180 1919 3232 ἀν-

2024 3179 2173 3232 nitus
2206 3192 2352 3240 esse,
2400 3176 2712 3230 necessario
2754 3175 3033 3229 invenitur
3064 3173 3241 3243 ipsum
3269 3173 3604 3242 ingenitum,

335 3262 573 3328 τίθετον,
605 3264 698 3316 καὶ
746 3264 804 3315 ὲν
842 3264 910 3334 τῇ
943 3263 1038 3318 τοῦ
1086 3264 1274 3336 ἐτέρου
1309 3265 1670 3338 ὑποχωρήσει,
1713 3269 1918 3336 γίνεται

2023 3271 2141 3325 sive
2170 3270 2286 3324 haec
2321 3268 2565 3336 ingenita
2603 3274 2823 3332 natura,
2883 3263 3151 3335 quidquid
3204 3265 3425 3317 tandem
3475 3278 3598 3317 esse

335 3352 437 3405 ⁴ιοῦ
469 3353 710 3408 ἐναντίου
742 3356 776 3424 ἡ
800 3355 1048 3423 γένεσις;

2026 3359 2130 3414 sibi
2150 3359 2420 3427 tingantet
2435 3355 2743 3420 somnient;
2775 3355 3066 3418 invenitur,
3087 3354 3332 3422 inquam,
3354 3351 3596 3406 omnium

339 3445 612 3501 malorum
637 3445 911 3500 notionem
941 3461 1048 3500 una
1073 3460 1260 3501 secum
1297 3447 1704 3503 demonstrans.
1752 3447 1889 3515 Quis
1926 3449 2073 3503 enim
2139 3448 2380 3519 ignorat,
2439 3447 2583 3517 quod
2627 3444 3089 3516 quemadmodum
3137 3445 3254 3498 enti
3326 3458 3435 3496 non
3500 3457 3598 3498 ens

338 3538 660 3607 opponitur,
684 3537 765 3593 sic
822 3538 988 3593 etiam
1035 3539 1184 3593 omni
1234 3539 1314 3594 rei
1375 3542 1534 3596 bona:
1593 3550 1651 3596 et
1743 3542 1974 3608 nomini,
2016 3541 2532 3614 quodecontrario
2577 3539 2924 3611 intelligitur,
2990 3548 3048 3592 ut
3074 3539 3222 3591 bono
3265 3538 3490 3601 malum,
3539 3547 3597 3589 et

340 3629 562 3684 veritati
593 3627 956 3694 mendacium,
1014 3629 1124 3685 luci
1149 3632 1408 3698 tenebrar,
1467 3640 1523 3688 et
1567 3648 1912 3704 quaecunque
1951 3635 2211 3689 similiter
2240 3635 2384 3688 inter
2419 3647 2480 3687 se
2518 3631 2804 3685 contrario
2851 3630 3014 3684 modo
3087 3638 3461 3699 opponuntur,
3543 3626 3600 3681 in

335 3717 549 3788 quibus
573 3718 938 3773 contrarietas
983 3726 1136 3773 caret
1181 3720 1382 3786 medio,
1423 3736 1602 3792 neque
1646 3722 1914 3791 contingit
1949 3722 2059 3777 duo
2093 3722 2262 3777 simul
2304 3722 2359 3775 in
2388 3719 2583 3776 eodem
2637 3735 2764 3775 esse
2841 3719 3091 3789 subjecto
3165 3718 3356 3772 eodem
3407 3717 3597 3774 modo:

336 3811 439 3868 sed
470 3809 639 3865 unius
667 3811 958 3880 praesentia
987 3812 1298 3882 oppositum
1323 3815 1564 3884 perimit,
1610 3823 1666 3870 et
1692 3816 1748 3870 in
1779 3815 2008 3870 alterius
2046 3814 2302 3870 cessione
2333 3814 2564 3868 alterius
2591 3810 2856 3866 contrarii
2889 3809 2948 3863 ﬁt
2983 3809 3310 3879 generatio?

413 3904 635 3958 Τούτων
680 3905 737 3958 δὲ
785 3906 916 3974 ἡμῖν
966 3904 1107 3958 οὕτω
1153 3905 1663 3977 διωμολογημένων,
1701 3907 1924 3960 κάκεὲνο

337 3997 511 4049 παντὶ
543 3994 701 4066 δῆλόν
730 3995 895 4061 ἐστιν,
939 3997 1020 4050 ὅτι
1055 3995 1243 4068 ὥσπερ
1274 3997 1408 4068 φησι
1437 3995 1691 4069 Μωῦσῆς,
1735 3997 1925 4060 σκότος

337 4085 488 4142 εἶναι
519 4087 624 4160 πρὸ
647 4087 748 4158 τῆς
774 4085 872 4140 τοῦ
913 4088 1085 4157 φωτὸς
1113 4089 1344 4153 κτίσεως
1362 4104 1377 4117 ’
1407 4087 1550 4143 οὕτω
1587 4089 1680 4142 καὶ
1710 4089 1804 4140 ἐπὶ
1829 4087 1924 4140 τοῦ

340 4178 505 4242 Υἱοῦ,
546 4180 595 4232 εἰ
627 4177 766 4232 κατά
790 4178 881 4232 τὸν
904 4177 1059 4247 λόγον
1085 4178 1182 4249 τῆς
1215 4177 1478 4250 αἱρέσεως
1515 4179 1637 4232 τότε
1672 4179 1927 4247 ἐποίησεν

341 4270 513 4325 αὐτὸν
537 4271 567 4323 ό
595 4269 806 4342 Πατὴρ,
845 4270 934 4322 ὅτε
963 4268 1214 4339 ἠθέλησε,
1248 4269 1377 4340 πρὶν
1402 4269 1624 4339 ποιῆσαι
1646 4269 1808 4323 αὐτὸν
1830 4269 1930 4322 οὐκ

338 4359 418 4434 ἦν
447 4363 623 4415 ἐκεῖνο
651 4363 711 4415 τὺ
737 4361 851 4430 φῶς
883 4361 1019 4432 ὅπερ
1049 4347 1246 4413 ὲστὶνό
1278 4359 1435 4424 Υἱός⁹
1465 4361 1644 4429 φωτὸς
1672 4359 1727 4413 δὲ
1765 4361 1932 4430 μήπω

2089 3905 2188 3962 llis
2213 3914 2394 3961 autem
2424 3905 2584 3959 nobis
2624 3903 2700 3957 ita
2735 3902 3037 3964 concessis,
3059 3901 3225 3954 etiam
3262 3900 3394 3955 illud
3423 3900 3603 3956 cuivis

2023 3996 2375 4068 perspicuum
2418 4003 2523 4058 est,
2577 3993 2747 4063 quod,
2797 3991 3262 4062 quemadmodum
3309 3993 3385 4045 ait
3430 3991 3605 4046 Moses

2024 4085 2286 4141 tenebras
2318 4083 2490 4139 fuisse
2537 4090 2664 4136 ante
2715 4081 2857 4136 lucis
2912 4079 3331 4148 productionem
3360 4118 3375 4143 ,
3418 4080 3500 4134 sic
3547 4087 3604 4134 et

2025 4178 2079 4232 in
2109 4175 2280 4243 Filio,
2309 4175 2354 4230 si
2394 4172 2698 4229 secundum
2737 4172 3006 4226 haereseos
3046 4171 3314 4224 rationem
3350 4179 3482 4224 tunc
3519 4169 3602 4224 l‘e-

2035 4270 2112 4324 cit
2145 4269 2325 4338 ipsum
2375 4265 2540 4320 Pater
2571 4279 2698 4319 cum
2754 4263 2951 4327 voluit,
3005 4263 3328 4332 priusquam
3387 4260 3609 4316 fecisset

2039 4368 2240 4431 ipsum,
2269 4373 2376 4413 non
2401 4365 2520 4412 erat
2542 4358 2634 4410 lux
2671 4355 2764 4409 illa
2788 4370 2912 4426 quae
2939 4362 3024 4409 est
3053 4353 3249 4410 Filius:
3269 4368 3392 4407 cum
3425 4360 3606 4407 autem

341 4454 524 4516 ὕντος,
568 4452 669 4504 οὐκ
704 4450 975 4520 ἐνδέχεται
1015 4450 1089 4520 μὴ
1121 4449 1185 4502 τὸ
1215 4450 1590 4521 ἀντικείμενον
1628 4449 1785 4504 εἶναι.
1824 4450 1919 4505 Καῖ

2037 4453 2280 4510 nondum
2333 4459 2480 4507 esset
2511 4451 2627 4514 lux,
2686 4464 2796 4504 non
2830 4448 3100 4518 contingit
3141 4447 3452 4517 Oppositum
3499 4461 3607 4498 non

345 4544 463 4614 γὰρ
498 4542 585 4596 διὰ
617 4541 725 4594 τῶν
780 4540 952 4594 ἄλλων
1000 4539 1299 4610 ἐμάθομεν,
1348 4541 1430 4594 ὅτι
1461 4541 1613 4596 οὐδὲν
1651 4544 1770 4614 εἱκῆ
1825 4543 1934 4596 τῶν

349 4634 506 4704 παρὰ
532 4633 628 4686 τοῦ
659 4631 988 4702 δημιουργοῦ
1029 4632 1331 4700 γεγονότων
1368 4633 1535 4698 ἐστὶν,
1571 4633 1708 4688 ἀλλά
1742 4635 1802 4687 τὸ
1829 4635 1937 4688 λεί-

348 4742 455 4778 πον
492 4723 846 4791 ὲπεισάγεται
884 4725 998 4785 τοῖς
1044 4718 1164 4776 οὖσι
1210 4723 1300 4777 διὰ
1345 4724 1443 4794 τῆς
1487 4724 1735 4788 κτίσεως.
1771 4725 1938 4795 Δῆλον

348 4813 449 4872 οὖν
477 4819 595 4870 ἐστι
624 4815 862 4880 πάντως,
891 4816 971 4869 ὅτι
1015 4816 1173 4887 εἴπερ
1201 4817 1422 4888 ἐποίησε
1449 4816 1539 4871 τὸν
1572 4817 1701 4870 Υίὸν
1729 4819 1758 4871 6
1783 4818 1938 4884 Θεὸς,

348 4909 443 4963 διὰ
467 4909 529 4961 τὸ
563 4907 748 4960 λεῖπον
777 4909 842 4977 τῇ
886 4905 1044 4975 φύσει
1070 4907 1177 4960 τῶν
1215 4907 1384 4962 ὄντων
1418 4908 1692 4978 ἐποίησεν.
1725 4909 1936 4981 Ὠσπερ

349 4995 450 5053 οὖν
480 4998 580 5052 τοῦ
610 4995 871 5065 αἰσθητοῦ
905 4996 1080 5065 φωτὸς
1107 4995 1384 5058 λείποντος
1423 4997 1612 5060 σκότος
1636 4992 1735 5068 ἦν·
1772 4998 1866 5051 καὶ
1889 5000 1936 5051 εί

357 5091 437 5162 μὴ
484 5087 727 5157 ἐγεγόνει
771 5089 831 5141 τὸ
865 5086 1002 5155 φῶς,
1043 5087 1335 5158 ἐπεκράτει
1371 5088 1587 5151 πάντως
1618 5088 1680 5141 τὸ
1725 5090 1938 5155 σκότος,

351 5182 530 5246 οὕτως
562 5179 772 5236 καὶτοῦ
810 5177 941 5232 Υίοῦ
973 5178 1137 5249 μήπω
1173 5179 1480 5250 δντος,αύτό
1506 5196 1562 5232 τε
1600 5179 1659 5234 τὸ
1687 5179 1937 5250 ἀληθινὸν

356 5276 496 5344 φῶς.
533 5277 625 5330 καὶ
653 5274 830 5328 πάντα
855 5273 956 5326 ὅσα
987 5271 1178 5324 ὲστὶνό
1195 5269 1342 5335 Υίδς,
1367 5270 1518 5324 οῦπω
1535 5266 1624 5341 ἦν.
1654 5272 1728 5324 Τὸ
1746 5271 1853 5342 γὰρ
1879 5270 1939 5325 ὃν

356 5369 455 5421 καὶ
473 5367 613 5422 κατά
625 5367 726 5437 τὴν
737 5366 839 5436 τῆς
862 5363 1127 5435 αἱρέσεως
1159 5363 1482 5436 μαρτυρίαν,
1495 5363 1588 5416 τοῦ
1605 5363 1854 5432 γενέσθαι
1876 5365 1938 5418 ού

356 5460 560 5512 δέεται.
591 5456 800 5510 Οὐκοῦν
819 5457 868 5509 εἰ
897 5455 1141 5524 ἐποίησε,
1172 5454 1234 5507 τὸ
1257 5453 1330 5525 μὴ
1363 5452 1422 5506 ὃν
1449 5453 1662 5517 πάντως
1692 5456 1936 5526 ἐποίησε.

361 5548 502 5621 Πρὶν
530 5544 626 5603 οὖν
649 5547 902 5617 γενέσθαι
930 5549 1050 5603 κατ’
1075 5548 1268 5611 αὐτοὺς
1296 5548 1388 5601 τὸν
1419 5549 1564 5613 Υίὺν,
1591 5547 1710 5602 οὐδὲ
1743 5549 1776 5619 ἡ
1811 5550 1943 5621 ἀλή-

442 5727 455 5758 ¹
496 5721 656 5780 Joan.
692 5739 805 5790 ιη’,
843 5721 928 5779 10.

2031 4561 2177 4602 esse.
2235 4544 2451 4599 Etenim
2490 4558 2588 4614 per
2635 4542 2744 4596 alia
2790 4541 3106 4605 didicimus,
3152 4539 3297 4608 quod
3347 4539 3483 4592 nihil
3523 4546 3606 4591 est

2034 4637 2242 4690 frustra
2265 4649 2452 4689 eorum
2486 4647 2608 4703 quae
2636 4631 2705 4685 ab
2734 4631 2930 4700 Opilice
2961 4630 3103 4684 facta
3136 4639 3286 4690 sunt,
3321 4628 3416 4684 sed
3454 4626 3602 4696 quod

2035 4727 2240 4789 deﬁcit,
2271 4724 2530 4793 adjicitur
2560 4723 2727 4777 rebus
2741 4737 2837 4792 per
2855 4721 3211 4774 creationem.
3241 4716 3602 4787 Perspicuum

2039 4819 2209 4888 igitur
2235 4816 2483 4878 omnino,
2511 4814 2656 4884 quod
2693 4813 2738 4869 si
2777 4811 2979 4867 Filium
3009 4811 3153 4867 Deus
3187 4812 3338 4874 fecit,
3387 4817 3612 4880 propter

2045 4910 2099 4965 id
2129 4909 2275 4980 quod
2307 4907 2596 4963 deliciebat
2629 4905 2683 4958 in
2713 4913 2912 4959 natura
2934 4918 3123 4959 eorum
3153 4919 3274 4973 quae
3297 4900 3609 4962 sunt,t‘ecit.

2045 4999 2512 5067 Quemadmodum
2543 4996 2708 5068 igitur
2739 4995 2990 5051 sensibili
3028 4997 3148 5050 luce
3179 4993 3492 5055 deﬁciente,
3541 4999 3614 5045 te-

2046 5093 2230 5148 nebrae
2273 5096 2470 5148 erant:
2509 5103 2574 5143 ac
2617 5088 2725 5145 nisi
2787 5087 2930 5142 facta
2973 5085 3172 5142 fuisset
3217 5086 3332 5149 lux,
3375 5083 3614 5137 tenebrae

2046 5184 2272 5238 omnino
2295 5181 2715 5250 pmvaluissent
2743 5196 2756 5232 :
2781 5179 2862 5234 sic
2892 5185 2946 5232 et
2982 5176 3157 5230 Filius
3199 5190 3322 5228 cum
3372 5172 3612 5227 nondum

2047 5280 2215 5338 esset,
2253 5272 2370 5341 ipsa
2399 5284 2524 5325 vera
2552 5269 2666 5332 lux,
2689 5275 2745 5323 et
2779 5267 2960 5321 omnia
2988 5281 3108 5336 quze
3149 5263 3323 5318 Filius
3349 5271 3432 5317 est
3476 5277 3614 5316 non-

2047 5363 2177 5417 dum
2212 5367 2390 5416 erant.
2427 5358 2580 5424 Quod
2611 5357 2757 5412 enim
2786 5363 2891 5417 est,
2911 5351 3228 5408 testimonio
3249 5351 3414 5405 etiam
3438 5348 3614 5402 haere-

2049 5469 2197 5518 seos,
2237 5452 2487 5522 generari
2520 5464 2629 5504 non
2685 5448 2910 5517 indiget.
2962 5443 3134 5514 Igitur
3165 5443 3210 5498 si
3264 5441 3410 5502 fecit,
3463 5439 3613 5510 quod

2053 5562 2161 5601 non
2199 5553 2315 5601 crat
2341 5543 2533 5614 procul
2553 5539 2720 5597 dubio
2751 5537 3229 5608 tecit.Priusquam
3256 5535 3421 5606 igitur
3438 5533 3616 5610 lactus
