4002 6218
426 223 529 280 89.5

1626 231 1682 286 S.
1731 230 2052 288 GREGORH
2089 231 2378 290 NYSSENI

3575 239 3678 296 826

427 344 574 390 esset
606 334 799 402 Filius,
833 339 1138 395 secundum
1166 343 1340 412 ipsos,
1387 361 1563 416 neque
1609 348 1809 403 veritas
1835 348 1998 403 nimi-

2113 349 2220 403 lerat
2247 352 2488 422 δηλονότι
2534 354 2795 426 ἐγεγόνει,
2828 353 2950 408 οὔτε
2992 355 3052 407 rb
3087 356 3275 427 νοητὸν
3319 355 3456 425 φῶς,
3492 355 3615 410 οὔτε
3646 355 3682 428 ἡ

432 445 553 482 rum
606 428 806 496 fueral,
869 447 1048 502 neque
1097 433 1188 487 lux
1232 446 1411 490 mente
1452 437 1780 508 cogitabilis,
1829 456 2005 509 neque

436 519 559 576 fons
591 522 732 590 vitae,
768 538 947 592 neque
993 525 1045 576 in
1098 525 1420 582 universum
1484 529 1651 584 ullius
1691 530 1909 586 honesti
1953 543 2006 586 et

436 611 559 664 boui
597 620 812 665 natura.
864 615 1029 684 Atqui
1093 616 1285 670 horum
1340 618 1776 690 uniuscujusque
1815 637 2004 676 exem-

435 705 618 771 ptionc
645 705 791 776 quod
837 723 867 761 e
897 709 1177 763 contrario
1235 709 1584 782 intelligitur,
1621 713 1897 769 subsistit.
1943 713 2007 767 Et

435 796 480 848 si
517 795 607 850 lux
650 813 758 852 non
788 807 891 865 est,
925 815 1034 854 non
1075 809 1256 871 potest
1279 801 1395 857 fieri
1422 803 1557 872 quin
1584 804 1694 858 sint
1740 805 2004 870 tenchrze,

434 893 487 939 et
516 889 570 942 in
604 889 728 944 aliis
744 891 940 946 eodem
972 893 1156 958 modo,
1210 894 1331 949 loco
1358 910 1546 949 eorum
1577 911 1699 966 quae
1743 907 2008 966 przestan-

434 979 574 1031 tiora
611 979 1016 1049 intelliguntur,
1050 999 1174 1039 cum
1205 985 1400 1038 horum
1429 985 1650 1056 aliquod
1680 1001 1789 1040 non
1825 987 2002 1055 adest,

438 1086 546 1124 non
579 1073 851 1142 contingit
909 1076 1248 1130 contrarium
1303 1093 1532 1147 prorsus
1568 1093 1676 1132 non
1718 1094 1840 1134 esse
1887 1079 2008 1134 loco

434 1160 755 1217 deficientis.
787 1163 928 1235 Ergo
971 1181 1203 1224 necesse
1233 1179 1317 1224 est
1373 1171 1619 1234 omnino,
1664 1171 1712 1226 si
1758 1173 2008 1228 volunla‘

435 1261 541 1307 tem
575 1264 721 1310 esset
746 1257 1037 1314 habiturus
1071 1257 1234 1315 Pater
1277 1261 1512 1318 faciendi
1565 1262 1762 1318 Filium
1814 1280 2008 1319 secun-

435 1347 563 1398 dum
591 1348 859 1404 haereseos
895 1366 1227 1418 sermonem,
1271 1368 1396 1409 cum
1454 1356 1589 1411 nihil
1620 1367 1768 1412 esset
1816 1373 2004 1428 eorum

434 1453 556 1506 quae
585 1437 755 1494 Filius
788 1448 892 1504 est,
931 1441 1114 1496 omnia
1153 1444 1431 1498 contraria
1473 1445 1528 1499 in
1568 1445 1690 1514 ipso
1715 1427 1887 1501 fuisse
1907 1461 2006 1500 au-

437 1539 684 1596 tumare;
725 1547 820 1600 pro
853 1533 974 1587 luce
1026 1534 1305 1600 tenebras,
1359 1551 1457 1606 pro
1496 1537 1727 1593 veritate
1774 1537 2004 1592 menda-

435 1619 604 1685 cium,
640 1637 737 1690 pro
766 1622 872 1676 vita
899 1635 1150 1692 mortem,
1169 1640 1267 1695 pro
1291 1623 1441 1682 bono'
1459 1629 1684 1685 malum.
1720 1630 1824 1696 Qui
1853 1632 2001 1686 enim

435 1719 606 1778 creat,
647 1729 768 1782 qua'
801 1729 909 1767 non
935 1723 1064 1770 sunt
1097 1724 1250 1770 creat
1278 1735 1294 1783 ;
1332 1718 1606 1788 siquidem
1647 1721 1698 1775 ei
1716 1720 1861 1791 quod
1893 1729 2003 1784 est,

437 1819 544 1857 non
575 1820 716 1874 opus
739 1815 846 1871 est,
883 1817 941 1862 ut
971 1811 1048 1864 ait
1089 1809 1415 1877 Eunomius,
1472 1821 1531 1866 ut
1586 1820 1897 1884 generetur.
1938 1814 2007 1869 lis

437 1909 566 1948 vero
623 1911 745 1966 quae
793 1915 889 1968 per
941 1903 1349 1971 oppositionem
1399 1905 1846 1972 considerantur,
1897 1921 2006 1962 non

436 1987 655 2043 aliunde
682 1991 954 2061 contingit
1004 1993 1232 2047 meliora
1290 2010 1398 2049 non
1440 2010 1583 2063 esse,
1638 2012 1800 2066 quam
1833 2013 1901 2052 ex
1942 2012 2008 2053 eo

434 2079 580 2149 quod
615 2081 727 2136 sint
765 2081 1057 2138 deteriora.
1097 2083 1221 2139 llaec
1247 2085 1432 2156 itaque
1476 2087 1749 2143 haereseos
1785 2089 2009 2158 sapien-

434 2170 509 2223 tia
536 2169 684 2225 Patri
716 2172 863 2227 dono
898 2173 1024 2238 fert,
1071 2190 1166 2244 per
1195 2192 1317 2246 quae
1348 2176 1642 2232 dedecorat
1685 2178 1807 2233 Filii
1842 2189 2006 2235 aeter-

436 2261 684 2327 nitatem,
717 2264 984 2318 malorum
1018 2266 1322 2338 catalogum
1358 2280 1482 2325 aute
1500 2268 1624 2325 Filii
1655 2271 2000 2330 demonstra-

436 2350 637 2406 tionem
674 2350 823 2406 Patri
851 2352 959 2408 Deo
1000 2355 1302 2412 advehens.

504 2443 585 2496 Ac
618 2442 840 2513 quidem
892 2446 1078 2501 nullus
1127 2448 1427 2513 existimet.
1478 2452 1548 2506 ab
1602 2453 1707 2506 alia
1752 2463 2008 2511 creatura

435 2535 643 2590 scilicet
671 2537 842 2606 petito
868 2547 1217 2609 argumento,
1256 2557 1319 2596 ex
1355 2542 1456 2598 hac
1494 2547 1885 2603 consecutione
1907 2548 2007 2602 do-

435 2627 632 2696 gmatis
662 2627 1060 2684 absurditatem
1109 2630 1541 2689 demonstratam
1581 2645 1848 2694 evertere.
1871 2636 2006 2692 Nam

436 2720 576 2776 forte
588 2719 735 2776 dicet
762 2723 986 2793 aliquis,
1009 2724 1155 2793 quod
1179 2726 1638 2795 quemadmodum
1659 2729 1858 2783 cmlum
1881 2744 2006 2784 cum

435 2828 545 2868 non
599 2822 768 2880 esset,
806 2815 941 2869 nihil
971 2823 1089 2870 erat
1125 2815 1201 2868 illi
1239 2817 1618 2880 contrarium,
1673 2819 1754 2874 sic
1781 2828 1835 2875 et
1866 2820 2008 2875 Filio

435 2905 674 2960 nondum
701 2907 902 2977 genito.
935 2907 1028 2976 qui
1059 2913 1141 2960 est
1173 2908 1393 2970 veritas,
1431 2921 1537 2961 non
1576 2909 1734 2978 plane
1756 2911 2009 2982 cogimur

2108 445 2258 514 πηγὴ
2291 443 2392 514 τῆς
2435 446 2601 516 ζωῆς,
2636 446 2760 500 οὔτε
2810 449 2956 512 τινὸς
3003 449 3228 502 καθόλου
3277 448 3443 502 καλοῦ
3482 465 3543 502 τε
3591 452 3684 502 καὶ

2107 534 2311 602 ἀγαθοῦ
2347 535 2506 602 φύσις
2526 553 2539 566 ο
2568 537 2705 590 ἀλλά
2735 538 2840 609 μὴν
2866 539 3067 592 τούτων
3097 539 3326 593 ἑκάστου
3353 543 3419 611 τῇ
3453 541 3687 612 ὑπεραι-

2109 625 2258 693 ρέσει
2282 626 2342 679 rb
2356 627 2414 690 ἐξ
2435 627 2673 681 ἐναντίου
2698 629 2985 700 νοούμενον
3008 632 3554 702 παρυφισταταιλίαὶ
3574 650 3687 701 φω-

2106 716 2196 780 τὸς
2228 717 2302 787 μὴ
2334 718 2486 780 ὄντος
2515 719 2616 773 οὐκ
2648 718 2762 773 ἔστι
2792 721 2866 791 μὴ
2903 721 3090 784 σκότος
3121 717 3281 786 εἶναι,
3325 724 3419 775 καὶ
3453 723 3549 776 ἐπὶ
3581 722 3691 776 τῶν

2107 806 2281 861 ἄλλων
2305 808 2582 875 ὡσαύτως,
2611 811 2726 865 ἀνθ’
2751 813 2981 866 ἑκάστου
3028 813 3136 866 τῶν
3175 813 3312 885 πρὸς
3340 814 3399 867 rb
3440 817 3692 885 κρεῖττον

2109 899 2432 968 νοουμένων,
2462 901 2588 954 ὅταν
2619 903 2692 974 μὴ
2738 906 2886 975 παρῇ
2926 919 2981 957 τι
3013 902 3235 970 τούτων,
3267 906 3367 958 οὐκ
3408 904 3692 976 ἐνδέχεται

2112 989 2187 1061 μὴ
2235 990 2296 1042 τὸ
2335 991 2578 1045 ἐναντίον
2625 994 2841 1058 πάντως
2887 990 3026 1048 εἶναι
3074 996 3194 1049 ἀντὶ
3235 994 3330 1049 τοῦ
3384 995 3688 1062 λείποντος.

2122 1079 2356 1152 Ἀνάγκη
2387 1077 2479 1136 οὖν
2506 1085 2653 1136 πᾶσα
2679 1085 2754 1148 ὡς
2771 1084 2964 1155 ἔμελλε
2995 1085 3166 1139 θέλειν
3184 1089 3211 1140 6
3233 1086 3420 1158 Πατὴρ
3441 1089 3538 1142 τὸν
3564 1089 3693 1142 Υἱδν

2111 1173 2336 1243 ποιῆσαι
2369 1175 2508 1228 κατά
2539 1175 2629 1230 τὸν
2651 1176 2749 1247 τῆς
2777 1177 3038 1246 αἱρέσεως
3064 1176 3242 1245 λόγον,
3275 1178 3507 1249 μηδενὸς
3541 1179 3691 1243 ὄντος

2109 1264 2216 1317 τῶν
2253 1265 2352 1318 ὅσα
2379 1252 2567 1329 δ’Υίός
2610 1268 2778 1331 ἐστιν,
2813 1268 2991 1322 πάντα
3018 1267 3086 1321 τά
3120 1269 3338 1323 ἐναντία
3363 1270 3496 1341 περὶ
3529 1270 3692 1324 αὐτὸν

2109 1351 2247 1410 εἶναι
2294 1356 2511 1426 λέγειν’
2542 1359 2663 1412 ἀντὶ
2717 1359 2811 1412 τοῦ
2858 1360 3034 1430 φωτὸς
3071 1361 3132 1414 rb
3181 1360 3391 1428 σκότος,
3429 1361 3554 1415 ἀντὶ
3591 1364 3694 1433 τῆς

2109 1446 2366 1518 ἀληθείας
2392 1449 2450 1502 rb
2479 1447 2693 1517 ψεῦδος,
2719 1449 2839 1504 ἀντὶ
2861 1449 2960 1519 τῆς
2991 1449 3142 1519 ζωῆς
3163 1449 3255 1504 τὸν
3277 1449 3533 1516 θάνατον,
3570 1452 3694 1505 ἀντὶ

2110 1535 2203 1590 τοῦ
2233 1537 2396 1591 καλοῦ
2423 1537 2483 1591 rb
2514 1538 2700 1592 κακόν.
2747 1539 2804 1592 '0
2827 1538 2937 1610 γάρ
2962 1537 3180 1602 κτίζων,
3215 1537 3283 1593 τὰ
3307 1540 3384 1611 μὴ
3409 1538 3545 1594 ὄντα
3569 1542 3689 1594 κτξι

2112 1628 2222 1694 ζειο
2253 1629 2330 1699 τῷ
2369 1629 2478 1701 γάρ
2509 1628 2646 1694 ὄντι,
2692 1629 2872 1692 καθώς
2913 1647 3077 1700 φησιν
3109 1632 3138 1682 6
3179 1631 3467 1700 Εὑνόμιος,
3512 1633 3577 1686 οὐ
3615 1632 3693 1686 δεῖ

2109 1723 2431 1792 γεννήσεως.
2459 1721 2580 1775 Τῶν
2607 1722 2664 1776 δὲ
2691 1720 2831 1775 κατὰ
2853 1720 3124 1776 ἀντίθεσιν
3155 1722 3569 1794 θεωρουμένων,
3592 1721 3691 1775 οὐκ

2109 1815 2379 1886 ἐνδέχεται
2415 1813 2590 1878 άλλως
2627 1813 2697 1867 τά
2743 1813 2977 1886 κρείττω
3013 1813 3087 1885 μὴ
3122 1811 3279 1875 εἶναι.
3321 1814 3354 1884 ἤ
3403 1816 3470 1867 ἐκ
3503 1814 3598 1868 τοῦ
3620 1815 3689 1868 τά
3741 1834 3745 1838 ·

2109 1909 2327 1980 χείρονα
2378 1902 2536 1960 εἶναι.
2579 1905 2766 1960 Ταῦτα
2801 1905 2980 1959 τοίνυν
3015 1906 3048 1976 ή
3078 1905 3240 1975 σοφία
3283 1905 3386 1976 τῆς
3425 1905 3687 1976 αἱρέσεως

2108 2001 2407 2071 δωροφορεῖ
2454 1998 2533 2070 τῷ
2562 1999 2758 2070 Πατρὶ,
2807 1997 2873 2051 δι’
2920 1991 2996 2052 ὧν
3030 1997 3286 2070 ἀτιμάζει
3337 2000 3432 2052 τοῦ
3469 1998 3602 2051 Υίοῦ
3627 2000 3689 2052 rb

2109 2093 2299 2154 ἀΐδιον,
2328 2092 2418 2146 τὸν
2447 2090 2557 2145 τῶν
2595 2089 2784 2145 κακῶν
2820 2089 3119 2158 κατάλογον
3153 2089 3258 2162 πρὸ
3289 2091 3390 2160 τῆς
3428 2089 3523 2144 τοῦ
3559 2089 3682 2145 Υίοῦ

2108 2184 2429 2252 ἀναδείξεως
2462 2184 2812 2255 προσάγουσα
2841 2182 2922 2253 τῷ
2948 2181 3068 2253 Θεῷ
3097 2183 3191 2236 καὶ
3218 2183 3412 2253 Πατρί.

2178 2452 2286 2507 Καὶ
2348 2450 2536 2522 μηδεὶς
2584 2449 2649 2502 ὲκ
2702 2447 2802 2518 τῆς
2853 2445 3024 2517 ἄλλης
3077 2447 3309 2510 κτίσεως
3356 2447 3684 2520 ἀνατρέπειν

2107 2537 2302 2592 οἰέσθω
2331 2537 2429 2610 τὴν
2460 2538 2527 2589 ὲκ
2552 2535 2653 2606 τῆς
2686 2533 3006 2599 ἀκολουθίας
3037 2534 3243 2607 ταύτης
3277 2536 3684 2607 ἀναδειχθεὴαν

2109 2630 2340 2684 ἀτοπίαν
2357 2627 2453 2682 τοῦ
2474 2627 2764 2698 δόγματος.
2799 2626 2944 2698 Ἐρεῖ
2967 2627 3075 2699 γάρ
3101 2643 3187 2691 τις
3213 2628 3363 2699 ἴσως,
3388 2627 3474 2684 ὅτι
3498 2630 3682 2702 ὥσπερ

2110 2720 2203 2775 τοῦ
2229 2719 2460 2793 οὐρανοῦ
2493 2720 2570 2791 μὴ
2613 2720 2767 2783 ὄντος
2803 2719 2954 2774 οὐδὲν
2979 2719 3229 2774 ἐναντίον
3267 2721 3474 2792 τούτῳο
3514 2722 3683 2788 οὕτως

2111 2814 2206 2867 καὶ
2233 2811 2326 2865 τοῦ
2371 2811 2501 2864 Υἱοῦ
2539 2811 2707 2882 μήπω
2736 2811 3048 2882 γενομένου,
3079 2812 3137 2876 ὃς
3173 2813 3321 2867 ἐστιν
3351 2813 3595 2886 ἀλήθεια,
3621 2816 3685 2869 οὐ

2112 2907 2327 2969 πάντως
2347 2904 2769 2976 ἀναγκαζόμεθα
2789 2905 2850 2958 rb
2881 2905 3122 2959 ἐναντίον
3145 2901 3286 2959 εῖναι
3321 2907 3685 2962 συντίθεσθαι.

436 2999 777 3053 contrarium
807 2996 982 3053 fuisse
1010 2999 1278 3054 confiteri.
1315 2998 1418 3053 Cui
1447 3000 1891 3069 respondendum
1917 3013 2004 3060 est

2114 2997 2254 3069 Πρὸς
2282 2996 2342 3052 ὃν
2372 2995 2516 3050 ἐστιν
2541 2997 2744 3049 εἰπεῖν·
2779 2996 2860 3049 ὅτι
2891 2994 3106 3068 οὐρανῷ
3138 2997 3237 3068 μὲν
3289 2997 3351 3051 rb
3373 2998 3684 3070 ἀντικείμε-

435 3092 580 3159 quod
611 3091 752 3145 coelo
779 3090 998 3160 quidem
1049 3090 1184 3144 nihil
1213 3100 1297 3144 est
1329 3091 1662 3159 oppositum,
1700 3092 1809 3147 nisi
1855 3093 1999 3150 forte

435 3183 560 3252 quis
593 3185 770 3249 ipsum
804 3197 912 3237 non
953 3197 1075 3238 esse
1117 3183 1290 3253 ipsius
1322 3199 1444 3238 esse
1486 3183 1797 3254 oppositum
1838 3186 2006 3240 dicat.

439 3275 640 3328 Virtuti
662 3281 879 3339 .autem,
905 3272 1052 3344 quod
1083 3274 1383 3329 secundum
1418 3275 1609 3328 vitium
1643 3285 1729 3330 est
1779 3292 2008 3345 prorsus

438 3365 777 3421 adversatur.
815 3365 1001 3420 Virtus
1030 3373 1210 3420 autem
1241 3365 1526 3420 Dominus.
1579 3364 1761 3431 Quare
1805 3369 2006 3423 coelum

437 3460 484 3514 si
515 3473 623 3512 non
652 3466 791 3518 erat,
823 3455 958 3509 nihil
991 3463 1128 3520 erat,
1169 3456 1373 3510 bonum
1424 3465 1607 3512 autem
1657 3459 1702 3513 si
1747 3476 1855 3515 non
1892 3471 2011 3517 erat

437 3546 772 3602 contrarium
811 3553 950 3600 erat.
985 3543 1086 3610 Qui
1125 3545 1291 3615 igitur
1327 3546 1528 3600 bonum
1561 3562 1671 3602 non
1703 3564 1829 3604 esse
1857 3565 2008 3606 asse-

438 3639 532 3704 rit,
563 3637 763 3691 malum
809 3651 932 3691 esse
983 3636 1186 3691 invitus
1233 3635 1506 3691 fatebitur.
1564 3638 1733 3709 Atqui
1821 3640 2008 3708 Pater,

440 3730 638 3800 inquit,
675 3729 900 3784 omnino
928 3727 1168 3799 perfecta
1201 3737 1286 3784 est
1321 3729 1518 3796 virtus,
1569 3739 1622 3786 et
1657 3735 1787 3800 vita,
1834 3743 1888 3788 et
1918 3734 2010 3788 lux

439 3823 742 3886 inaccessa,
779 3822 1070 3892 omniaque
1114 3821 1329 3876 excelsa
1379 3824 1578 3878 mentis
1626 3839 1785 3880 sensa
1821 3833 1874 3880 et
1914 3841 2012 3880 no-

440 3915 585 3967 mina
618 3931 630 3967 :
659 3913 733 3967 ita
777 3922 837 3967 ut
866 3927 975 3967 non
1005 3912 1074 3967 sit
1120 3915 1516 3979 necessarium,
1560 3916 1780 3984 quando
1824 3918 2012 3988 unige-

443 4006 551 4060 uita
599 4005 694 4060 lux
739 4005 982 4060 nondum
1015 4015 1154 4071 erat,
1208 4003 1353 4075 quod
1388 4020 1452 4060 ex
1503 4005 1732 4062 adverso
1770 4013 2013 4067 occurrit

441 4115 506 4153 ex
555 4099 835 4153 contrario
882 4096 1133 4167 intelligi,
1191 4113 1386 4168 nempe
1436 4098 1709 4154 tenebras.
1759 4097 1867 4156 Sed
1924 4102 2013 4157 hic

441 4206 596 4246 meus
651 4197 737 4246 est
794 4205 999 4253 sermo,
1055 4188 1201 4259 quod
1251 4205 1430 4260 neque
1473 4205 1715 4260 unquam
1773 4192 2014 4248 tenebrae

440 4288 618 4337 erant.
660 4278 847 4351 Neque
894 4279 1038 4334 enim
1071 4294 1310 4349 unquam
1362 4296 1469 4335 non
1503 4279 1604 4335 fuit
1636 4281 1728 4336 lux
1759 4299 1771 4336 :
1797 4298 2014 4353 semper

2110 3092 2199 3144 νόν
2223 3091 2369 3143 ἐστιν
2392 3088 2563 3153 οὐδὲν,
2596 3089 2644 3140 εί
2666 3087 2739 3159 μὴ
2769 3086 2876 3157 ἄρα
2895 3087 2973 3159 τῷ
2999 3083 3137 3142 εἶναι
3160 3089 3340 3154 αὑτὸν,
3367 3090 3429 3142 τὸ
3453 3090 3530 3161 μὴ
3550 3087 3687 3144 εἷναί

2109 3199 2194 3245 τις
2233 3181 2382 3248 λέγοι
2432 3179 2725 3233 ἀντίθετον.
2759 3179 2838 3250 Τῇ
2888 3178 2946 3233 δὲ
2983 3180 3148 3252 ἀρετῇ
3194 3181 3255 3234 rb
3309 3182 3453 3236 κατά
3491 3183 3690 3238 κακίαν

2112 3274 2330 3336 πάντως
2375 3271 2852 3342 άντικαοέστηκεν.
2900 3272 3094 3343 Ἀρετὴ
3135 3272 3192 3326 δὲ
3217 3274 3246 3326 6
3279 3273 3515 3344 Κύριος-
3548 3276 3686 3330 ὥστε

2110 3365 2339 3440 οὐρανοῦ
2372 3365 2471 3436 μὲν
2507 3364 2580 3435 μὴ
2606 3363 2779 3428 ὄντος,
2806 3363 2958 3417 οὐδὲν
2979 3359 3068 3434 ἦν,
3101 3363 3307 3432 ἀγαθοῦ
3333 3365 3390 3419 δὲ
3419 3366 3496 3437 μὴ
3517 3367 3686 3434 ὄντος,

2109 3458 2171 3512 rb
2207 3455 2445 3511 ἐναντίον
2473 3451 2562 3526 ἦν.
2612 3455 2669 3508 '0
2693 3449 2786 3509 οὗν
2816 3453 2876 3507 τὸ
2906 3453 3110 3523 ἀγαθὸν
3138 3454 3311 3524 λέγων
3345 3455 3421 3527 μὴ
3447 3453 3608 3522 εἶναι,
3628 3458 3692 3512 rb

2111 3549 2281 3605 κακὸν
2321 3545 2580 3603 εἶναικαὶ
2609 3547 2684 3620 μὴ
2727 3547 3050 3618 βουλόμενος
3091 3546 3307 3611 πάντως
3340 3549 3689 3621 συνθήσεται.

2124 3640 2286 3696 Ἀλλά
2310 3642 2405 3696 καὶ
2430 3641 2460 3693 ὁ
2488 3639 2700 3710 Πατὴρ,
2730 3637 2884 3709 φησὶ,
2917 3638 3012 3691 καὶ
3034 3638 3305 3710 παντελής
3337 3638 3488 3694 ἐστιν
3523 3640 3692 3712 ἀρετὴ

2113 3734 2207 3788 καὶ
2245 3732 2378 3804 ζωὴ,
2431 3732 2526 3785 καὶ
2562 3729 2856 3800 ἀπρόσιτον
2888 3728 3023 3798 φῶς,
3061 3730 3156 3784 καὶ
3199 3730 3376 3784 πάντα
3406 3729 3478 3784 τά
3514 3731 3695 3803 ὑψηλὰ

2113 3825 2363 3898 νοήματά
2390 3841 2451 3877 τε
2483 3822 2578 3876 καὶ
2623 3820 2972 3892 ὀνόματα·ὡς
3013 3821 3087 3894 μὴ
3121 3818 3259 3876 εἶναι
3297 3823 3569 3894 ἀνάγκην,
3605 3825 3695 3876 ὅτε

2111 3916 2174 3970 rb
2221 3914 2505 3987 μονογενὲς
2542 3912 2656 3982 φῶς
2689 3910 2842 3965 οὔπω
2885 3906 2974 3983 ἦν,
3014 3911 3076 3966 rb
3120 3911 3453 3984 κατάλληλον
3496 3914 3563 3967 ὲκ
3599 3912 3696 3967 τοῦ

2113 4009 2354 4064 ἐναντίου
2387 4004 2624 4060 νοεῖσθαι
2659 4003 2867 4068 σκότος.
2903 4002 3041 4057 Ἀλλ’
3062 3999 3216 4068 οὗτος
3244 4007 3274 4058 6
3299 4005 3433 4070 ἐμός
3470 4005 3588 4059 ἐστι
3609 4005 3695 4060 λό-

2113 4117 2231 4170 γος,
2258 4100 2340 4153 ὅτι
2362 4097 2482 4151 οὐδέ
2511 4112 2642 4149 ποτε
2677 4095 2869 4158 σκότος
2889 4088 2978 4166 ἦν.
3009 4093 3144 4148 Οὐδὲ
3173 4094 3282 4166 γάρ
3320 4111 3452 4148 ποτε
3485 4095 3548 4149 rb
3579 4095 3696 4166 φῶς

2114 4193 2214 4247 οὐκ
2243 4188 2332 4263 ἦν,
2362 4189 2447 4243 ἀεὶ
2471 4187 2579 4259 γὰρ
2612 4189 2672 4242 έν
2705 4186 2783 4257 τῷ
2810 4189 2949 4255 φωτὶ
2973 4185 3151 4240 πάντα
3177 4187 3294 4240 ἐστὶ
3316 4185 3381 4239 rb
3415 4185 3558 4256 φῶς,
3592 4202 3696 4239 κα·-

2116 4282 2223 4346 θὼς
2253 4285 2286 4354 ή
2315 4279 2623 4352 προφητεία
2641 4277 2808 4346 λέγει.
2832 4279 2894 4332 Ei
2919 4277 2976 4331 δὲ
3008 4277 3149 4332 κατὰ
3172 4277 3263 4332 τὸν
3287 4277 3446 4346 λόγον
3474 4281 3578 4348 τῆς
3609 4277 3698 4332 αι-

441 4375 674 4430 enim’in
703 4374 825 4428 luce
851 4372 1035 4426 omnia
1061 4380 1190 4427 sunt
1228 4372 1340 4437 lux,
1376 4372 1520 4427 sicut
1549 4373 1833 4443 prophetia
1860 4374 2009 4431 dicit.

2123 4373 2344 4445 ρέσεως,
2380 4369 2509 4425 ἀλλο
2535 4369 2597 4422 rb
2633 4366 2924 4438 ἀγέννητόν
2963 4369 3080 4421 ἐστι
3112 4367 3245 4436 φῶς,
3287 4368 3383 4422 καὶ
3405 4368 3470 4422 rb
3508 4369 3610 4438 μὲν
3634 4369 3698 4434 ἐξ

441 4465 598 4532 Quod
641 4466 689 4520 si
734 4464 1036 4521 secundum
1072 4477 1379 4519 sermonem
1420 4464 1690 4521 haereseos
1740 4466 1848 4521 alia
1890 4467 2015 4536 qui-

441 4552 565 4612 dem
603 4565 688 4614 est
711 4556 804 4612 lux
848 4555 1109 4627 ingenita,
1139 4561 1194 4610 et
1231 4555 1346 4610 haec
1391 4555 1460 4610 ab
1487 4564 1715 4622 aaterno,
1752 4556 1858 4610 alia
1885 4573 2014 4614 vero

441 4665 564 4720 quae
597 4657 786 4721 postea
815 4657 1387 4720 generaturznecesse
1428 4656 1514 4703 est
1550 4648 1771 4718 penitus
1796 4655 2016 4705 aeterna:

446 4741 553 4796 luci
597 4755 878 4810 nunquam
931 4739 1111 4792 locum
1149 4737 1397 4795 invenire
1443 4736 1748 4793 adversarii
1793 4742 2017 4810 opposi-

443 4840 558 4886 tum
585 4849 599 4898 ;
627 4845 842 4901 semper
869 4830 1018 4884 enim
1048 4830 1170 4884 luce
1208 4829 1442 4894 lucente,
1483 4827 1537 4883 in
1569 4844 1632 4884 ea
1665 4830 2012 4886 tenebrarum

443 4925 688 4990 operatio
715 4931 929 4992 tempus
949 4937 1059 4977 non
1079 4921 1262 4976 habet.
1294 4920 1352 4975 In
1383 4936 1447 4976 ea
1476 4928 1658 4977 autem
1686 4937 1806 4992 qua:
1828 4930 2015 4992 postea

447 5016 588 5068 facta
623 5022 725 5080 est,
777 5013 920 5067 sicut
964 5011 1043 5066 illi
1091 5011 1266 5079 aiunt,
1304 5027 1411 5067 non
1443 5027 1604 5082 posse
1634 5010 1773 5079 fieri,
1809 5029 1919 5068 non
1951 5029 2014 5069 ex

444 5106 686 5162 tenebris
728 5106 908 5160 lucem
961 5104 1279 5176 splendere;
1333 5104 1431 5159 sed
1474 5105 1679 5175 passim
1709 5115 1763 5160 et
1793 5105 2016 5160 omnino

444 5207 660 5251 aeterna!
691 5195 802 5251 luci
830 5205 884 5250 et
916 5195 963 5250 ei
1005 5210 1128 5266 quae
1174 5195 1449 5265 posterior
1477 5195 1624 5250 facta
1659 5205 1765 5261 est,
1809 5197 2018 5253 medias

445 5289 830 5344 intercessisse
871 5288 1127 5344 tenebras
1175 5287 1637 5359 deprehendetur.
1699 5286 1816 5343 Non
1871 5289 2018 5343 enim

445 5395 585 5450 Opus
622 5381 818 5438 fuisset
847 5381 1208 5452 posteriorem
1236 5381 1379 5436 hanc
1408 5382 1585 5436 lucem
1621 5381 1880 5447 condere,
1913 5382 2020 5438 nisi

447 5475 516 5528 ad
555 5473 792 5542 aliquam
834 5474 1122 5530 utilitatem
1165 5483 1544 5546 comparatum
1587 5481 1734 5529 esset
1777 5473 1829 5528 id
1874 5473 2019 5544 quod

447 5570 688 5619 creatur.
718 5562 837 5618 Una
871 5573 1052 5619 autem
1087 5565 1228 5620 lucis
1261 5565 1490 5631 utilitas,
1524 5571 1584 5620 nt
1623 5565 1798 5635 caligo
1822 5579 2025 5634 praeva-

451 5660 567 5714 lens
599 5658 667 5712 ab
713 5657 832 5728 ipsa
865 5656 1182 5726 dissipetur.
1226 5656 1332 5713 Sed
1373 5657 1465 5711 lux
1496 5658 1715 5729 quidem
1756 5658 2017 5726 increata,

2116 4461 2308 4525 ἀϊδίου,
2331 4461 2488 4515 τοῦτο
2513 4459 2570 4514 δὲ
2605 4458 2742 4531 μετά
2760 4457 2932 4513 ταῦτα
2963 4458 3276 4528 γενόμενον,
3297 4458 3515 4530 ἀνάγκη
3543 4462 3697 4514 πᾶσα

2114 4555 2192 4626 τῷ
2235 4555 2333 4626 μὲν
2358 4555 2514 4624 ἀϊδίῳ
2541 4553 2702 4622 φωτὶ,
2739 4551 3008 4623 μηδέποτε
3043 4549 3228 4622 χώραν
3256 4553 3436 4623 εὑρεῖν
3469 4554 3695 4607 ἀντικα-

2113 4646 2374 4716 ταστῆναι
2405 4645 2467 4698 rb
2511 4643 2916 4713 ἀντικείμενονο
2964 4643 3055 4696 ἀεὶ
3100 4642 3210 4714 γὰρ
3241 4642 3551 4713 λάμποντος
3597 4644 3692 4698 τοῦ

2115 4740 2308 4810 φωτὸς,
2343 4741 2378 4810 η
2398 4737 2648 4810 ἐνέργεια
2676 4735 2772 4789 τοῦ
2799 4735 3025 4798 σκότους
3059 4736 3144 4790 ἐπ’
3175 4734 3340 4788 αὐτοῦ
3368 4737 3564 4807 καιρὸν
3592 4737 3692 4791 οὐκ

2115 4835 2246 4906 ἔχει.
2290 4833 2415 4886 Ἐπὶ
2456 4831 2513 4884 δὲ
2550 4828 2644 4883 τοῦ
2677 4827 2816 4900 μετὰ
2851 4827 3049 4892 ταῦτα,
3079 4825 3264 4891 καθὼς
3304 4827 3505 4881 ἐκεῖνοί
3536 4847 3690 4898 φασι,

2115 4925 2416 4996 γεγονότος,
2448 4923 2728 4994 ἀμήχανον
2783 4917 2922 4975 εἶναι
2976 4918 3054 4990 μὴ
3086 4920 3150 4973 ὲκ
3185 4919 3408 4982 σκότους
3461 4921 3526 4974 rb
3576 4921 3688 4990 φῶς

2114 5015 2348 5087 λάμψαι,
2375 5013 2511 5068 ἀλλά
2533 5011 2708 5082 πάντη
2729 5011 2825 5064 καὶ⁵
2856 5009 3072 5073 πάντως
3099 5008 3193 5064 τοῦ
3222 5027 3278 5063 τε
3316 5009 3486 5064 ἀϊδίου
3511 5009 3690 5080 φωτὸς

2116 5108 2211 5162 καὶ
2241 5105 2335 5161 τοῦ
2377 5105 2600 5176 ὕστερον
2652 5100 2941 5172 γενομένου
2986 5102 3211 5164 σκότους
3253 5101 3314 5155 rb
3353 5101 3522 5172 μέσον
3566 5101 3685 5155 δια.

2115 5199 2468 5270 ληφθήσεται.
2517 5195 2592 5250 Οὐ
2627 5193 2737 5266 γάρ
2772 5192 2838 5246 ἂν
2871 5195 2972 5264 τῆς
3017 5193 3359 5264 κατασκευῆς
3405 5194 3499 5247 τοῦ
3550 5194 3688 5264 μετὰ

2115 5291 2288 5346 ταῦτα
2323 5289 2498 5359 φωτὸς
2546 5286 2705 5358 χρεία
2738 5284 2967 5354 ἐγίνετο,
3001 5285 3051 5337 εί
3092 5283 3168 5356 μὴ
3205 5283 3341 5354 πρός
3385 5301 3438 5336 τι
3489 5285 3684 5358 χρήσι-

2121 5402 2218 5454 μον
2253 5378 2323 5453 ἦν
2363 5382 2425 5434 rb
2468 5379 2807 5451 κτιζόμενον.
2838 5379 2953 5433 Μία
3000 5378 3058 5431 δὲ
3108 5377 3284 5447 φωτὸς
3337 5376 3536 5447 χρῆσις
3592 5375 3682 5431 τοῦ

2117 5474 2338 5536 λύεσθαι
2369 5473 2461 5526 ἀπ’
2509 5471 2674 5524 αὑτοῦ
2703 5471 2794 5524 τὸν
2828 5468 3200 5542 ὲκκρατοῦντα
3247 5468 3431 5536 ζόφον.
3465 5467 3540 5520 Tb
3588 5467 3682 5536 μὲν

2118 5561 2210 5622 οὖν
2244 5563 2510 5626 ἀκτίστως
2553 5557 2620 5633 ἦν
2659 5561 2794 5630 φῶς,
2833 5559 2964 5614 αὐτὸ
3000 5559 3066 5613 δι’
3117 5557 3309 5612 ἑαυτοῦ
3358 5559 3506 5611 ἐστιν
3547 5558 3682 5623 ὅπερ

2122 5655 2236 5709 ἐστὶ
2269 5657 2334 5726 τῇ
2363 5653 2541 5725 φύσει.
2565 5651 2637 5706 Tb
2666 5651 2721 5704 δὲ
2777 5649 3088 5721 κτιζόμενον
3112 5647 3201 5704 διά
3233 5665 3285 5702 τι
3312 5647 3517 5718 γίνεται
3550 5647 3682 5702 πάν·
