4002 6218
533 289 637 346 ΒΞἿ

1775 275 1834 334 S.
1874 275 2197 333 GREGOBII
2233 275 2526 335 NYSSENI

3676 267 3767 324 εει

532 405 727 465 videat,
765 402 962 454 idcirco
991 413 1308 466 consequens
1339 405 1438 461 est,
1477 411 1638 466 neque
1683 396 1748 449 ab
1784 395 1908 450 aliis
1933 395 2106 449 Itami-

2218 395 2320 450 τῶν
2361 395 2552 449 ὄντων
2581 393 2844 462 εὕρεσιν.
2887 392 3024 446 Ἀλλ’
3069 392 3270 462 εἴποιμ’
3311 391 3378 445 ἂν
3418 388 3554 461 πρὸς
3597 389 3770 454 αὑτὸν,

535 497 688 550 nibus
731 509 913 548 eorum
967 507 1084 561 quae
1130 499 1254 543 sunt
1299 489 1646 542 inreutionem
1696 488 1889 558 attingi
1931 503 2102 556 posse.

537 587 736 643 Verum
782 585 910 640 huic
949 582 1274 644 dixerimus,
1307 579 1452 650 quod
1503 581 1596 650 qui
1648 579 1869 645 asserit,
1922 592 2105 633 rerum

536 675 908 731 inventionem
952 670 1341 742 comprehendi
1390 685 1588 739 posse,
1633 668 1720 724 via
1770 669 2004 738 quadam
2052 674 2108 722 et

535 767 940 823 oonsucntionis
997 764 1138 818 serie
1178 777 1273 832 per
1305 778 1488 816 rerum
1525 763 1912 831 cognitionem,
1950 775 2105 815 suam

536 859 948 930 intelligentiam
1003 855 1271 926 provexit.
1328 852 1394 908 Et
1447 869 1544 924 per
1587 869 1649 908 ea
1705 870 1826 924 qua:
1891 852 2108 907 facilius

536 952 744 1022 percipi
776 956 1006 1020 possunt
1035 957 1088 1002 et
1120 947 1329 1000 minora
1368 945 1702 1000 exercitatus
1737 960 1833 1014 per
1857 958 2108 1013 compre-

539 1043 854 1096 ltensioncm
887 1057 902 1093 :
936 1038 1017 1092 sic
1063 1037 1280 1090 tandem
1322 1045 1375 1090 et
1417 1035 1504 1091 bis
1549 1051 1672 1105 qua:
1709 1050 1925 1089 omnem
1963 1032 2111 1088 noti-

539 1135 667 1188 tiam
733 1137 1016 1200 superant,
1066 1143 1222 1183 suam
1277 1126 1782 1196 comprehensivam
1840 1125 2106 1179 visionem

539 1227 653 1280 sive
690 1222 1130 1292 imaginationem
1173 1219 1456 1290 applicuit.
1490 1217 1594 1284 Qui
1643 1217 1805 1288 igitur
1847 1216 2110 1286 gloriatur

535 1312 924 1384 jactabundus,
981 1327 1040 1366 se
1075 1325 1266 1366 eorum
1309 1324 1430 1378 qua:
1477 1319 1607 1363 sunt
1651 1308 1936 1362 scientiam
1982 1305 2110 1360 ade-

541 1415 690 1476 ptum
733 1421 874 1468 esse,
909 1403 1055 1474 quod
1103 1401 1387 1455 minimum
1427 1408 1511 1455 est
1553 1415 1743 1454 eorum
1792 1414 1913 1469 qua:
1951 1397 2108 1452 nobis

539 1505 665 1551 ante
699 1495 891 1550 oculos
932 1503 1216 1562 apparent,
1262 1506 1383 1560 qua:
1416 1491 1489 1544 sit
1528 1491 1649 1560 ejus
1697 1497 1898 1544 natura
1947 1487 2120 1542 nobis

538 1587 816 1655 explanet,
860 1592 917 1638 ut
965 1599 1028 1638 ex
1061 1599 1127 1638 eo
1165 1582 1310 1652 quod
1353 1589 1540 1636 notum
1587 1588 1674 1636 est
1714 1580 1782 1636 de
1831 1595 1898 1635 eo
1943 1579 2110 1634 etiam

539 1677 686 1746 quod
745 1677 1023 1732 occultum
1080 1682 1168 1730 est
1215 1684 1268 1728 et
1312 1671 1650 1742 incognitum
1716 1670 1874 1726 fidem
1922 1669 2108 1724 faciat.

2205 490 2288 542 ὅτι
2313 491 2344 542 6
2371 486 2597 558 ἑφικτὴν
2638 482 2778 539 εἶναι
2825 485 2997 553 λέγων
3047 483 3156 536 τῶν
3191 483 3358 538 ὄντων
3409 483 3512 552 τὴν
3542 479 3771 551 εὕρεσιν,

2205 577 2308 649 ὀδῷ
2335 595 2440 632 τινι
2496 578 2712 640 πάντως
2740 577 2834 630 καλ⁸
2867 574 3152 645 ἀκολουθίᾳ
3197 573 3285 628 διὰ
3329 571 3429 644 τῆς
3458 571 3568 627 τῶν
3616 572 3773 626 ὄντων

2206 671 2462 739 γνώσεως
2516 671 2831 741 προήγαγεν
2864 667 3054 722 ἑαυτοῦ
3099 667 3198 738 τὴν
3224 667 3486 722 διάνοιαν.
3517 665 3630 719 Καὶ
3675 667 3773 728 τοῖς

2207 763 2493 833 εὑλήπτοις
2527 778 2584 815 τε
2617 762 2710 815 καὶ
2759 759 3100 832 μικροτέροις
3133 757 3532 830 έγγυμνασθεὶς
3559 757 3651 811 διὰ
3687 757 3776 825 τῆς

2207 851 2564 922 καταλήψεως
2585 867 2599 882 ·
2630 851 2802 914 οὕτως
2828 851 2922 906 καὶ
2947 852 3059 914 τοῖς
3090 849 3344 902 ἐπέκεινα
3372 848 3552 918 πάσης
3580 848 3773 909 ἑννοίας

2206 945 2470 999 ἐπέϐαλεν
2498 945 2691 999 ἑαυτοῦ
2737 944 2836 1016 τὴν
2876 942 3287 1015 καταληπτικὴν
3317 941 3639 1010 φαντασίαν.
3687 939 3777 992 Οὑ-

2208 1037 2336 1091 κοῦν
2366 1038 2394 1090 6
2422 1036 2518 1109 τὴν
2544 1037 2670 1108 περὶ⁵
2697 1035 2807 1090 τῶν
2829 1037 2997 1089 ὅντων
3024 1033 3228 1105 εἴδησιν
3275 1032 3664 1103 κατειληφέναι
3693 1047 3774 1100 με-

2207 1128 2667 1200 γαλαυχούμενος,
2701 1127 2762 1181 τὸ
2812 1127 3137 1199 μικρότατον
3183 1125 3290 1179 τῶν
3337 1123 3776 1196 προφαινομένων

2208 1223 2360 1291 ἡμῖν,
2404 1220 2552 1284 ὅπως
2585 1221 2697 1290 ἔχοι
2747 1218 2962 1286 φύσεως
3010 1217 3418 1289 ὲρμηνευσάτω.
3465 1215 3554 1278 Ὠς
3605 1212 3672 1267 ἂν
3700 1213 3776 1267 διὰ

2207 1311 2300 1365 τοῦ
2327 1310 2604 1382 γνωρίμου
2627 1309 2720 1364 καὶ
2749 1311 2877 1380 περὶ
2901 1307 2995 1361 τοῦ
3020 1307 3399 1378 κεκρυμμένου
3431 1305 3775 1360 πιστώσαιτο.

2207 1402 2318 1457 Kal
2364 1403 2450 1464 τίς
2494 1401 2656 1472 ήτοῦ
2716 1401 3005 1474 μύρμηκος
3055 1387 3242 1468 φύσις
3271 1397 3664 1469 έρμηνευσάτω
3710 1395 3776 1466 τῷ

2207 1493 2369 1564 λόγῳ,
2413 1495 2462 1546 εί
2509 1492 2779 1562 πνεύματι
2820 1492 2916 1546 καὶ
2951 1489 3186 1560 ἄσθματι
3232 1490 3512 1559 συνέχεται
3555 1487 3776 1558 αὑτοῦὴ

2209 1585 2343 1656 ζωὴ,
2375 1586 2424 1638 εί
2469 1585 2799 1655 σπλάγχνοις
2847 1585 3206 1653 οἰκονομεῖται
3245 1580 3646 1652 παραπλησίως
3678 1583 3778 1643 τοῖς

2208 1677 2391 1740 ἄλλοις
2433 1675 2592 1740 ζώοις
2623 1692 2638 1707 °
2677 1675 2726 1728 εί
2763 1673 2970 1737 ὀστέοις
2995 1672 3056 1726 τὸ
3093 1671 3249 1742 σῶμα
3281 1670 3665 1742 περιείληπται
3686 1684 3701 1700 ο
3735 1669 3778 1721 εί

540 1769 868 1839 Eequmnam
920 1767 991 1822 sit
1031 1765 1274 1819 formicae
1319 1772 1514 1818 natura
1550 1777 1805 1818 sermone
1849 1761 2107 1830 explicet,

2218 1766 2396 1838 μυελῷ
2427 1766 2495 1820 τὰ
2521 1767 2674 1820 κοῖλα
2722 1766 2828 1820 τῶν
2863 1765 3067 1819 ὀστέων
3095 1765 3236 1817 κατὰ
3279 1762 3339 1816 τὸ
3375 1761 3546 1826 έντδς,
3590 1761 3640 1813 εί
3671 1759 3780 1813 νεύ-

541 1871 723 1916 utrum
753 1859 946 1928 spiritu
975 1867 1027 1912 et
1060 1857 1230 1911 halitu
1270 1855 1390 1924 ejus
1425 1855 1534 1909 vita
1561 1855 1894 1919 continetur,
1924 1860 2108 1908 utrum

2218 1875 2327 1930 ροις
2376 1859 2469 1910 καὶ
2521 1857 2837 1928 συνδέσμοις
2877 1857 2986 1920 τὰς,
3032 1856 3298 1927 ἁρμονίας
3350 1854 3679 1907 τετόνωται·
3734 1854 3778 1905 εί

538 1953 842 2008 visceribus
867 1950 1236 2020 dispensatur,
1267 1947 1522 2003 similiter
1552 1957 1716 2016 atque
1751 1947 1873 2002 aliis
1902 1947 2113 2000 anima-

2218 1949 2366 2022 μυῶν
2393 1949 2728 2023 περισολαίς,
2754 1949 2847 2004 καὶ
2876 1948 3078 2005 ἀδένων
3107 1949 3140 2020 ἡ
3165 1948 3272 2002 τῶν
3292 1945 3499 2020 νεύρων
3532 1960 3778 2018 περικραο

540 2043 721 2105 libus,
779 2049 962 2094 utrum
1013 2040 1236 2094 ossibus
1301 2053 1503 2107 corpus
1557 2046 1934 2092 constructum
1992 2043 2107 2099 est,

2218 2045 2384 2096 τεῖται
2429 2043 2610 2108 θέσιςο
2660 2044 2708 2096 εί
2757 2045 2871 2108 τοῖς
2908 2042 3178 2106 νωτιαίοις
3228 2041 3541 2104 σπονδύλοις
3590 2041 3656 2093 ὲκ
3695 2037 3779 2092 τοῦ

541 2141 726 2186 tttrum
759 2131 996 2185 medulla
1033 2129 1242 2183 ossium
1281 2128 1545 2182 cavitatcs
1575 2128 1727 2182 intus
1757 2128 1927 2198 plena
1955 2134 2108 2191 sunt,

2218 2132 2520 2204 βρέγματος
2547 2134 2638 2186 ἐπὶ
2668 2132 2729 2186 τὸ
2758 2134 2975 2205 οὐραῖον
3001 2135 3030 2186 6
3063 2131 3256 2203 μυελὸς
3283 2131 3696 2202 παρατείνεται·
3735 2130 3778 2181 εί

543 2239 611 2277 an
649 2223 832 2276 nervis
877 2229 928 2275 et
973 2220 1209 2274 vinculis
1246 2234 1539 2289 compages
1569 2226 1826 2274 contenta
1876 2226 1993 2284 est;
2041 2233 2112 2271 an

2218 2224 2276 2293 τῇ
2309 2223 2536 2292 περιοχῇ
2575 2219 2666 2275 τοῦ
2701 2221 2999 2292 νευρώδους
3045 2219 3261 2290 ὑμένος,
3298 2222 3412 2282 τοῖς
3455 2218 3780 2288 κινουμένοις

541 2311 916 2366 musculorum
967 2309 1260 2363 amictibus
1294 2317 1348 2362 et
1389 2307 1626 2363 adenum
1673 2309 1788 2363 sive
1829 2307 2114 2377 glandula-

2218 2313 2400 2384 μέλεσι
2430 2314 2529 2384 τὴν
2560 2313 2866 2386 όρμητικὴν
2901 2311 3141 2365 ἐνδίδωσι
3175 2311 3435 2380 δύναμινο
3471 2312 3520 2364 εί
3560 2311 3703 2363 ἐστιν
3731 2311 3782 2362 ὲν

540 2419 662 2456 rum
696 2416 986 2456 nervorum
1014 2399 1153 2454 situs
1177 2397 1525 2464 continetur;
1559 2411 1627 2452 an
1659 2397 1966 2453 dorsalibus
1989 2411 2111 2451 ver-

2218 2405 2363 2477 αὑτῷ
2389 2405 2450 2458 τὸ
2488 2399 2663 2478 ἧπαρ,
2719 2405 2813 2458 καὶ
2844 2403 3128 2475 χοληδόχον
3169 2404 3384 2473 ἀγγεῖον
3413 2403 3506 2456 ἐπὶ
3535 2401 3629 2455 τοῦ
3652 2403 3784 2472 ἧπαρ

541 2495 714 2550 tebris
738 2509 766 2547 e
794 2493 1072 2562 bregmate
1100 2489 1169 2544 ad
1197 2489 1430 2544 caudam
1466 2489 1701 2544 medulla
1732 2488 2112 2560 protenditur;

2218 2513 2326 2561 τος,
2356 2495 2542 2566 νεφροί
2567 2511 2627 2547 τε
2657 2495 2752 2547 καὶ
2780 2493 2995 2564 καρδία,
3037 2492 3131 2546 καὶ
3163 2491 3422 2563 ἀρτηρίαι
3451 2492 3547 2544 καὶ
3581 2491 3782 2560 φλέϐες,

541 2603 611 2641 an
659 2585 946 2653 complexu
1007 2597 1252 2636 nervosa
1303 2581 1634 2636 membrana:
1685 2581 1946 2638 membris
1991 2597 2112 2651 qua:

2218 2587 2412 2657 ὑμένες
2435 2603 2495 2639 τε
2526 2585 2620 2639 καὶ
2644 2585 2854 2656 φρένες,
2881 2585 2975 2637 καὶ
3000 2583 3391 2654 διαφράγματα
3417 2598 3430 2612 ·
3463 2583 3557 2635 καὶ⁵
3575 2585 3622 2635 εἰ
3645 2582 3788 2652 ψιλόν

542 2684 832 2733 moventur
862 2675 970 2729 vim
1004 2674 1367 2744 impultricem
1409 2672 1629 2739 inserit;
1675 2687 1744 2725 an
1789 2673 1842 2725 in
1883 2670 1998 2741 ipsa
2030 2680 2116 2727 est

2218 2677 2446 2748 έστιν,ἢ
2503 2675 2845 2748 τετρίχωται,
2887 2675 2982 2728 καὶ
3028 2675 3077 2728 εί
3111 2674 3246 2746 πρὸς
3278 2675 3340 2726 τὸ
3388 2674 3558 2746 ἄρρεν
3602 2689 3660 2728 τε
3702 2675 3788 2728 καὶ

536 2771 698 2840 jecur
738 2775 792 2822 et
841 2765 1115 2820 folliculus
1165 2763 1326 2829 fellis,
1376 2763 1430 2817 id
1469 2770 1575 2826 est,
1620 2771 1934 2842 expurgata;
1974 2779 2005 2818 ε
2032 2763 2115 2833 je-

2218 2769 2349 2839 οῆλυ
2372 2767 2767 2838 διαμερίζεται,
2808 2768 2866 2820 ὲν
2893 2767 2996 2820 τίνι
3025 2783 3085 2819 τε
3130 2765 3285 2837 μέρει
3317 2765 3412 2819 τοῦ
3445 2767 3692 2838 σώματος
3735 2766 3792 2818 τδ

541 2875 670 2917 core
692 2858 844 2913 flavas
881 2857 1010 2910 bilis
1041 2854 1478 2924 receptaculum;
1519 2869 1789 2924 renesque
1817 2865 1871 2909 et
1898 2870 2018 2922 cor,
2063 2865 2118 2911 et

2218 2859 2439 2916 όπτικὺν
2477 2858 2884 2930 ὲγκαθίδρυται.
2928 2858 3038 2911 Καὶ
3082 2859 3130 2910 εί
3170 2857 3270 2927 τῆς
3307 2857 3675 2931 ὀσφραντικῆς
3704 2875 3791 2928 μεο

543 2953 758 3009 arterite
778 2958 833 3006 et
863 2964 1036 3014 vente,
1079 2949 1522 3017 membranaeque
1560 2955 1615 3000 et
1648 2947 1967 3017 primordia,
2000 2948 2119 3003 sive

2218 2951 2364 3023 τέχει
2402 2951 2706 3022 αἰσθήσεως
2727 2967 2742 2980 ·
2781 2951 2829 3004 εί
2861 2949 3148 3021 μονόνυχόν
3187 2951 3249 3002 τέ
3276 2951 3443 3013 ἐστιν,
3470 2950 3505 3021 ἢ
3550 2949 3794 3019 πολυσχιο

543 3055 756 3116 septum
806 3047 1216 3106 transversum;
1271 3045 1454 3093 utrum
1505 3037 1693 3108 glabra
1736 3037 1821 3092 vel
1862 3036 1986 3107 pilis
2021 3036 2117 3092 ob-

2219 3042 2328 3106 δεῖς
2352 3040 2464 3113 ἔχει
2492 3041 2590 3105 τὰς
2635 3039 2849 3110 βάσεις*
2878 3039 3040 3094 πόσον
3065 3039 3122 3094 δὲ
3165 3038 3270 3110 βιοῖ
3313 3039 3502 3111 χρόνον
3531 3057 3546 3070 ο
3595 3041 3686 3094 καὶ
3715 3039 3796 3098 τίς

542 3136 743 3200 ducta;
781 3147 848 3186 an
886 3131 942 3186 in
996 3144 1200 3185 marem
1240 3135 1294 3184 et
1339 3127 1596 3182 feminam
1637 3125 2019 3200 distinguitur;
2063 3126 2117 3181 in

2219 3136 2248 3188 6
2281 3134 2482 3205 τρόπος
2507 3134 2676 3204 αὑτῆς
2705 3133 2805 3203 τῆς
2827 3132 2886 3198 ἐξ
2919 3131 3161 3202 ἀλλήλων
3192 3132 3484 3199 γενέσεωςο
3517 3133 3608 3185 ἐπὶ
3637 3131 3793 3184 πόσον

542 3241 650 3295 qua
694 3233 851 3295 parte
896 3221 1146 3291 corporis
1192 3219 1276 3275 vis
1325 3219 1544 3275 videndi
1592 3218 1830 3282 insidet;
1881 3235 1948 3273 an
1989 3219 2122 3274 odo-

543 3318 700 3373 randi
737 3331 903 3370 sensu
936 3313 1165 3385 praedita
1197 3320 1320 3379 est;
1349 3327 1418 3366 an
1449 3326 1612 3366 unam
1639 3312 1836 3366 habeat
1863 3312 2121 3382 ungulam

544 3410 630 3466 vel
685 3407 1004 3470 multifidas,
1057 3405 1173 3460 sive
1225 3405 1280 3459 in
1343 3404 1544 3460 multos
1593 3404 1794 3473 digitos
1851 3403 2123 3461 discretas

545 3501 745 3557 bases:
779 3497 1020 3567 quandiu
1052 3495 1226 3560 vivit;
1268 3503 1323 3551 et
1343 3495 1469 3566 quis
1501 3510 1567 3550 ex
1599 3510 1724 3552 sese
1751 3495 2124 3566 generationis

545 3591 744 3649 modus
781 3599 880 3646 :et
933 3599 1138 3659 quanto
1197 3596 1440 3658 tempore
1489 3586 1632 3644 fetus
1680 3587 2016 3658 concipitur,
2070 3593 2124 3643 et

544 3681 821 3755 quomodo
859 3695 1039 3750 neque
1085 3679 1328 3734 formica:
1370 3695 1562 3736 omnes
1606 3677 1911 3750 pedestres,
1945 3693 2125 3750 neque

547 3776 797 3830 volucres
850 3787 1070 3836 omnes,
1129 3768 1225 3824 sed
1286 3769 1406 3826 alite
1462 3770 1615 3826 humi
1671 3777 1942 3841 reptant,
2004 3771 2126 3846 alia;

547 3866 708 3923 aeria:
755 3863 1028 3919 videntur.
1079 3861 1183 3928 Qui
1235 3861 1400 3932 igitur
1435 3877 1495 3918 se
1539 3861 1713 3932 jactat
1763 3877 1952 3918 eorum
1994 3875 2117 3932 quae

544 3969 674 4014 sunt
706 3964 956 4012 naturam
982 3955 1236 4025 adeptum
1257 3969 1400 4018 esse,
1429 3955 1586 4010 nobis
1616 3955 1851 4025 primum
1879 3953 2124 4010 formicse

548 4059 800 4104 naturam
831 4046 1091 4103 declaret.
1126 4045 1328 4102 Deinde
1352 4047 1651 4117 potentiam
1676 4047 1825 4102 illam
1853 4063 1975 4118 qua:
2005 4063 2126 4104 om-

549 4155 674 4197 nem
711 4139 1053 4194 iutcllectum
1085 4146 1328 4208 superat,
1365 4138 1593 4210 physice
1638 4145 1856 4196 tractet.
1895 4139 2049 4205 Quod
2076 4141 2123 4196 si

550 4229 888 4286 brevissimae
906 4227 1152 4282 formicae
1178 4227 1545 4298 cognitionem
1575 4227 1818 4284 nondum
1848 4228 1905 4284 in
1928 4237 2126 4285 natura

552 4330 882 4378 consecutus
921 4329 1024 4385 est,
1063 4319 1339 4390 quomodo
1383 4334 1507 4374 eum
1538 4320 1634 4391 qui
1670 4319 1728 4374 in
1777 4320 1959 4390 seipso
2001 4334 2122 4374 om-

551 4427 678 4468 nem
725 4412 1112 4484 complectitur
1170 4417 1479 4466 creaturam
1535 4411 1986 4481 comprehensiva
2037 4427 2125 4466 ra-

2218 3227 2276 3281 δὲ
2303 3227 2586 3281 κυίσκεται
2612 3226 2676 3279 τὸ
2699 3227 3014 3298 τικτόμενον
3044 3243 3057 3256 ·
3089 3226 3184 3280 καὶ
3207 3225 3322 3289 πῶς
3346 3223 3470 3278 οὕτε
3496 3223 3648 3289 πεζοὶ
3674 3225 3797 3278 πᾶν·

2219 3337 2312 3384 τες
2343 3321 2391 3374 οί
2428 3319 2736 3392 μύρμηκες,
2777 3318 2902 3373 οὔτε
2947 3318 3244 3390 ὑπόπτεροι
3291 3317 3531 3383 πάντεςο
3591 3317 3705 3370 ἀλλ’
3746 3319 3790 3368 oi

2224 3411 2343 3483 μὲν,
2369 3411 2477 3463 τῶν
2509 3412 2685 3481 χαμαὶ
2719 3410 3026 3481 ἐρχομένων
3051 3409 3191 3463 εἰσὶν
3212 3449 3227 3472 ,
3257 3411 3304 3462 oi
3330 3409 3388 3463 δὲ
3425 3409 3646 3480 διαέριον.
3674 3407 3789 3476 φαίο

2222 3519 2424 3558 νονται.
2460 3503 2520 3556 ὐ
2545 3501 2722 3555 τοίνυν
2748 3501 2856 3554 τῶν
2882 3500 3050 3555 ὄντων
3069 3500 3456 3571 κατειληφέναι
3483 3501 3582 3570 τὴν
3601 3500 3796 3568 γνῶσιν

2222 3591 2542 3665 κομπάζων,
2571 3592 2710 3656 τέως
2737 3593 2866 3663 ἡμῖν
2893 3590 2990 3663 τὴν
3018 3590 3113 3644 τοῦ
3139 3589 3428 3663 μύρμηκος
3457 3591 3618 3662 φύσιν
3637 3609 3795 3662 φανε-

2223 3685 2476 3756 ρωσάτω.
2523 3679 2636 3738 Εἴθ’
2693 3683 2835 3737 οὕτω
2885 3682 3270 3752 φυσιολογείτω
3309 3681 3410 3754 τὴν
3456 3683 3631 3738 πάντα
3674 3683 3794 3737 νοῦν

2223 3773 2593 3846 ὑπερέχουσαν
2622 3771 2872 3842 δύναμιν.
2904 3772 2967 3824 Εἰ
2995 3771 3052 3824 δὲ
3079 3771 3177 3825 τοῦ
3209 3769 3550 3843 βραχυτάτου
3589 3773 3797 3846 μύρμη·

2223 3881 2320 3930 κος
2348 3863 2501 3921 οὑπω
2539 3863 2829 3937 περιέλαϐε
2871 3865 2936 3935 τῇ
2979 3863 3136 3933 φύσει
3170 3864 3270 3936 τὴν
3306 3864 3530 3933 γνῶσιν,
3566 3865 3680 3930 πιῇ
3710 3863 3796 3917 τὸν

2222 3959 2282 4012 ὲν
2306 3956 2484 4030 ἑαυτῷ
2516 3957 2695 4012 πᾶσαν
2723 3953 3155 4026 περικρατοῦντα
3183 3955 3282 4027 τὴν
3315 3955 3492 4009 κτίσιν
3525 3955 3602 4028 τῷ
3636 3973 3796 4011 καταο

2223 4052 2291 4123 λη
2301 4049 2474 4122 πτικῷ
2523 4049 2934 4122 περιειληφέναι
2987 4048 3130 4120 λόγῳ
3187 4050 3642 4119 μεγαλαυχεῖται;
3694 4048 3798 4100 Καὶ

2223 4141 2352 4205 τοὺς
2383 4141 2446 4194 τδ
2484 4140 2706 4204 ἀσθενὲς
2733 4140 2832 4210 τῆς
2865 4139 3208 4211 ἀνθρωπίνης
3239 4139 3454 4210 φύσεως
3485 4141 3571 4209 ἐφ’
3596 4137 3794 4194 ἑαυτῶν

2226 4231 2619 4304 ὁμολογοῦντας
2647 4230 2978 4286 ἐσκοτῶσθαι
3009 4229 3157 4300 λέγει
3183 4231 3252 4285 τὰ
3272 4230 3370 4302 τῆς
3404 4231 3581 4303 ψυχῆς
3611 4229 3798 4299 αἰσθη-

2224 4325 2410 4395 τήρια,
2442 4324 2537 4378 καὶ
2585 4325 2723 4394 μήτε
2753 4323 2899 4388 τινὸς
2943 4323 3054 4377 τῶν
3087 4323 3294 4395 πρόσω,
3342 4324 3480 4394 μήτε
3526 4323 3631 4377 τῶν
3663 4320 3802 4392 ὑπὲρ

2223 4417 2468 4488 κεφαλῆς
2496 4416 2853 4486 ἐφικνεῖσθαι.

548 4505 700 4561 tione
733 4521 792 4562 se
831 4505 1174 4576 complexum
1221 4515 1346 4556 esse
1375 4500 1770 4570 gloriabundus
1800 4502 2051 4572 iactitat?
2083 4515 2137 4562 et
2171 4521 2268 4564 eos
2341 4508 2559 4565 interim
2613 4509 2707 4579 qui
2767 4495 3020 4564 humanae
3071 4516 3280 4564 natura:
3331 4509 3698 4565 inﬁrmitatem
3745 4507 3800 4561 in

553 4597 859 4666 semetipsis
910 4595 1152 4651 sentiunt
1184 4597 1239 4646 et
1284 4588 1544 4654 fatentur,
1578 4587 1745 4646 animi
1785 4593 2054 4650 sentiendi
2090 4595 2454 4654 instrumenta
2494 4598 2740 4654 tenebris
2791 4606 2846 4654 et
2895 4598 3130 4668 caligine
3178 4597 3357 4653 obsita
3395 4608 3452 4654 et
3489 4600 3663 4654 offusa
3708 4599 3798 4653 ha-

551 4693 683 4749 bere
715 4691 867 4756 dicit,
898 4702 1075 4756 neque
1109 4685 1408 4756 quidquam
1436 4697 1629 4738 eorum
1665 4697 1787 4753 qua
1815 4692 1942 4740 sunt
1989 4695 2114 4741 ante
2147 4688 2334 4758 pedes,
2367 4703 2547 4759 neque
2577 4702 2746 4759 supra
2779 4699 2944 4760 caput
2974 4689 3258 4759 attingere.

624 4783 730 4838 Sed
765 4782 858 4852 qui
883 4793 1070 4836 eorum
1102 4794 1221 4848 quae
1253 4785 1379 4833 sunt
1413 4776 1777 4846 cognitionem
1808 4776 1991 4842 habet,
2039 4779 2118 4834 vi-
2150 4785 2194 4839 ι)

551 4875 782 4931 deamus
827 4869 956 4941 quid
999 4884 1166 4939 supra
1212 4867 1348 4922 alios
1405 4866 1529 4920 scit.
1576 4866 1710 4936 Ejus
1752 4867 2015 4922 tutnidam
2069 4879 2124 4924 et

555 4963 795 5022 inflatam
833 4975 1022 5014 vocem
1053 4956 1359 5012 audiamus.
1400 4954 1513 5020 Vel,
1551 4955 1749 5027 inquit,
1778 4956 1984 5026 frustra
2017 4957 2125 5012 Do-

554 5057 726 5110 minus
767 5053 994 5122 seipsum
1023 5049 1216 5104 ostium
1255 5046 1544 5102 nominavit
1564 5063 1586 5120 ε
1645 5048 1692 5101 si
1725 5047 1902 5102 nullus
1928 5058 2004 5103 est
2033 5051 2124 5119 qui

553 5146 880 5220 ingrediatur
917 5142 985 5197 ad
1027 5141 1209 5196 Patris
1257 5140 1599 5212 cognitionem
1637 5149 1686 5196 et
1735 5142 2130 5212 contemplatio.

550 5259 671 5298 nem
695 5257 714 5295 :
749 5240 950 5310 [rustra
973 5237 1133 5290 etiam
1162 5233 1492 5302 via,nullam
1534 5233 1767 5301 praebens
1811 5235 2125 5304 facilitatem

555 5327 843 5384 volentibus
871 5327 938 5380 ad
977 5323 1187 5379 Patrem
1218 5323 1422 5378 venire:
1451 5323 1708 5394 quomodo
1745 5334 1877 5379 esset
1907 5325 2000 5378 tua:
2027 5343 2129 5380 non

555 5418 728 5471 minus
759 5418 1058 5481 illustrem,
1107 5406 1212 5467 non
1257 5411 1565 5468 illuminans
1611 5414 1775 5468 animi
1813 5415 2024 5469 oculum
2059 5417 2129 5471 ad

555 5507 902 5577 cognitionem
928 5507 1108 5577 suique
1131 5511 1182 5559 et
1204 5505 1810 5574 supereminentislucis?
1824 5503 1882 5562 Si
1909 5507 2128 5578 quidem

556 5595 824 5667 quasdam
879 5593 1326 5649 ratiocinationes
1381 5593 1545 5648 domo
1589 5593 1785 5650 allatas
1829 5596 2128 5664 explicaret

553 5690 860 5754 subtilitate
877 5705 974 5746 sua
996 5687 1328 5744 audientium
1353 5689 1762 5761 intelligentiam
1787 5689 2124 5764 effugientes,

2305 4782 2442 4836 Ἀλλ’
2465 4784 2492 4836 6
2515 4783 2611 4853 τὴν
2636 4781 2836 4851 γνῶσιν
2856 4782 2993 4852 ἔχων
3017 4781 3118 4836 τῶν
3141 4783 3329 4847 ὄντων,
3359 4783 3559 4854 ἴδωμεν
3582 4783 3633 4835 τί
3656 4778 3801 4853 παρὰ

2225 4873 2353 4937 τοὺς
2395 4871 2589 4938 ἄλλους
2633 4873 2941 4927 ἐπίσταται.
2978 4871 3324 4944 Ἀκούσωμεν
3360 4873 3461 4942 τῆς
3505 4874 3800 4945 ὑπερόγκου

2227 4963 2440 5035 φωνῆς·
2479 4965 2548 5020 Ἦ
2586 4963 2785 5033 μάτην
2831 4963 2908 5019 ἂν
2951 4966 2986 5018 ὁ
3019 4965 3231 5033 Κύριος
3281 4964 3497 5019 ἑαυτὸν
3537 4965 3800 5037 ὠνόμασε

2227 5057 2435 5126 θύραν,
2467 5056 2634 5127 φησὶ,
2668 5055 2932 5126 μηδενὸς
2984 5057 3159 5122 ὄντος
3202 5057 3311 5111 τοῦ
3357 5056 3616 5126 dmino;-
3659 5057 3798 5126 πρὸς

2229 5149 2602 5216 κατανόησιν
2627 5148 2725 5202 καὶ
2749 5148 2997 5218 θεωρίαν
3026 5146 3132 5202 τοῦ
3153 5147 3401 5216 Πατρός,
3433 5148 3630 5218 μάτην
3655 5148 3706 5201 6’
3727 5144 3796 5200 ἂν

2229 5240 2394 5307 ὁδὸς,
2429 5241 2728 5310 μηδεμίαν
2772 5240 3047 5310 παρέχων
3089 5240 3409 5311 εὐμάρειαν
3453 5242 3580 5308 τοῖς
3617 5238 3795 5296 έλθεῖν

2230 5328 2381 5399 πρὸς
2431 5328 2540 5384 τὸν
2568 5330 2800 5400 Πατέρα
2839 5331 3256 5402 βουλομένας.
3318 5330 3452 5398 Πῶς
3495 5331 3550 5386 δ’
3599 5330 3673 5386 ἂν
3711 5329 3791 5394 δίη

2227 5419 2355 5488 φῶς
2374 5459 2389 5485 ν
2414 5419 2502 5490 μὴ
2535 5421 2794 5490 φωτίζων
2824 5421 2964 5488 τοὺς
2999 5421 3366 5492 ἀνθρώπους.
3401 5421 3492 5493 μὴ
3523 5419 3792 5488 καταλάμ-

2232 5524 2363 5565 πων
2387 5510 2452 5565 τὸ
2479 5511 2592 5581 τῆς
2612 5512 2821 5582 ψυχῆς
2847 5514 3004 5583 ὄμμα
3031 5513 3180 5582 πρὸς
3205 5516 3572 5584 κατανόησιν
3597 5509 3790 5568 ἑαυτοῦ

2231 5618 2297 5657 τε
2349 5603 2450 5658 καί
2500 5605 2930 5676 ὑπερκειμένου
2958 5607 3188 5677 gemat;
3225 5607 3289 5662 Ei
3326 5606 3427 5678 μὲν
3473 5602 3567 5662 οὖν
3602 5602 3789 5660 οῖιωθίν

2230 5711 2382 5761 τινας
2419 5696 2710 5769 λογισμοὺς
2751 5699 2968 5772 διεξῄει,
3000 5699 3366 5770 ἐκφεύγοντας
3410 5703 3478 5773 τῇ
3530 5700 3790 5770 λεπτότητι
