4002 6218
209 319 316 377 8'39

1324 324 1604 383 CONTRA
1643 326 2030 396 EUNOMAUM,
2070 329 2198 387 LIB.
2239 331 2305 386 Χ.

3363 330 3469 386 κῦθ

2943 375 2958 405 1

211 439 309 512 τὴν
366 440 479 494 τῶν
526 443 829 497 ἀκουόντων
871 443 1129 512 διάνοιαν,
1173 445 1396 502 δυνατὸν
1436 449 1504 502 ἂν
1547 445 1614 521 ῆν
1665 451 1788 514 ἴσως

1897 449 2129 506 fortasse
2154 451 2328 520 decipi
2353 458 2406 504 et
2432 448 2543 504 falli
2568 451 2904 522 contingeret
2936 450 3154 506 solertia
3181 452 3468 514 sermonis,

209 532 696 603 παρακρουσθῆναι
747 535 814 605 τῇ
858 533 1105 606 περινοίᾳ
1147 533 1238 588 τοῦ
1288 534 1481 604 λόγου,
1525 537 1793 610 διαδιδρά-

212 640 435 686 σκοντος
503 623 760 688 πολλάκις
828 623 924 677 τοῦ
986 624 1304 696 ἐγκειμένου
1371 628 1644 698 νοήματος
1701 628 1792 682 τὸν

210 711 500 767 ἀκούοντα.
547 713 700 766 Ἐπεὶ
743 713 801 766 δὲ
852 712 924 767 τὰ
975 713 1094 768 θεῖα
1139 715 1500 787 προϐάλλεται
1553 719 1790 790 ῥήματα,

207 802 429 864 πάντως
481 801 655 865 οὐδεὶς
701 802 1120 874 καταμέμφεται
1151 805 1274 868 τοὺς
1317 803 1413 877 τὴν
1442 804 1792 861 θεόπνευστον

204 892 552 947 διδασκαλίαν
591 895 726 946 πᾶσι
763 893 946 965 κοινὴν
989 895 1306 965 προκεῖσθαι
1337 897 1789 962 πεπιστευκότας.

217 984 439 1055 Ἐπειδὴ
473 984 650 1038 τοίνυν
682 983 842 1056 θύρα,
871 986 1057 1056 φησὶν,
1087 986 1377 1058 ὠνομάσθη
1405 991 1434 1042 ὁ
1466 989 1688 1060 Κύριος,
1728 991 1793 1044 ἐκ

205 1077 399 1130 τούτου
456 1077 925 1141 κατασκευάζεται
979 1078 1040 1133 τὸ
1097 1080 1449 1150 καταληπτὴν
1506 1079 1644 1136 εἷναι
1698 1082 1791 1137 τοῦ

203 1168 341 1223 Θεοῦ
373 1169 473 1240 τὴν
496 1169 682 1224 οὐσίαν
699 1186 714 1200 ⁸
739 1169 854 1224 ἀλλ’
875 1171 936 1224 οὐ
967 1170 1175 1241 δέχεται
1206 1171 1304 1243 τὴν
1326 1172 1566 1226 διάνοιαν
1588 1172 1793 1244 ταύτην

198 1261 265 1314 τὸ
312 1260 664 1330 εὐαγγέλιον.
713 1263 894 1332 Δύτῆς
940 1262 1052 1334 γάρ
1108 1261 1430 1333 ἀκούσωμεν
1485 1263 1582 1334 τῆς
1645 1264 1794 1329 θείας

202 1350 426 1421 φωνῆς’
476 1349 624 1420 Ἐγὼ
660 1351 800 1421 ειμι,
841 1351 1026 1422 φησὶν,
1073 1351 1111 1419 ἠ
1158 1351 1338 1419 θύρα⁹
1381 1351 1455 1405 δι’
1492 1352 1638 1422 ἐμοῦ
1685 1351 1794 1406 ἐάν

200 1457 294 1507 τις
334 1442 602 1510 εἰσέλθῃ,
663 1441 1026 1512 σωθήσεται,
1073 1442 1171 1496 καὶ
1218 1443 1644 1508 εἰσελεύσεται,
1694 1443 1794 1497 καὶ

201 1531 623 1595 ἐξελεύσεται,
680 1532 782 1586 καὶ
829 1532 1026 1602 νομὴν
1069 1532 1334 1601 εὑρήσει.
1395 1532 1460 1585 Τί
1501 1533 1678 1588 τοίνυν
1728 1535 1794 1586 ὲκ

198 1622 409 1677 τούτων
441 1625 476 1694 ή
511 1623 712 1694 γνῶσις
757 1623 856 1694 τῆς
903 1623 1090 1687 οὐσίας
1136 1623 1318 1689 ὲστίνς
1373 1623 1640 1678 Πλειόνων
1685 1623 1793 1696 γὰρ

197 1715 372 1769 ὄντων
421 1713 532 1767 τῶν
578 1715 902 1785 εἰρημένων,
950 1716 1044 1769 καὶ
1094 1714 1229 1768 ίδίαν
1274 1716 1503 1770 ἑκάστου
1553 1716 1792 1771 διάνοιαν

1893 543 2114 598 notione
2170 542 2417 611 subjecta
2475 541 2778 596 auditorem
2833 557 2974 611 saepe
3037 541 3467 610 pi-zetervolante.

1881 632 2001 688 Sed
2057 635 2318 703 quoniam
2384 632 2572 687 divina
2631 633 2886 702 proponit
2941 631 3224 695 vocabula,
3287 631 3471 684 nullus

1893 721 2141 793 proiecto
2173 723 2357 792 culpat
2387 737 2483 777 eos
2523 722 2617 793 qui
2656 721 2960 776 doctrinam
3006 721 3267 774 divinitus
3302 719 3473 786 inspi-

1893 822 2070 868 ratam
2126 813 2380 869 omnibus
2429 827 2774 867 communem
2826 810 3054 880 proponi
3099 810 3469 864 crediderunt.

1893 904 2160 971 Quoniam
2191 905 2376 975 igitur,
2400 904 2495 967 ait,
2523 903 2784 959 Dominus
2801 903 3114 957 nominatus
3137 910 3220 955 est
3243 901 3468 962 ostium,

1893 1009 1957 1048 ex
2005 1007 2070 1048 eo
2109 993 2386 1062 praestruit
2415 985 2954 1063 compreliensibilem
3003 1005 3125 1044 esse
3155 989 3247 1044 Dei
3283 1004 3474 1043 essen-

1893 1083 2048 1138 tiam.
2085 1080 2191 1137 Sed
2227 1080 2577 1153 Evangclium
2615 1081 2760 1135 hunc
2804 1093 3025 1134 sensum
3060 1093 3166 1132 non
3215 1077 3468 1132 admittit.

1892 1169 2069 1239 lpsam
2118 1171 2262 1226 enim
2310 1170 2547 1223 divinam
2588 1184 2775 1222 vocem
2827 1166 3134 1220 audiamus.
3185 1163 3297 1234 Ego
3328 1180 3467 1227 sum,

1893 1260 2092 1330 inquit,
2144 1261 2378 1315 ostium:
2417 1277 2508 1330 per
2553 1276 2634 1314 me
2675 1259 2721 1312 si
2774 1259 2890 1327 quis
2947 1256 3240 1313 intraverit.
3291 1254 3468 1308 salvus

1892 1350 2040 1402 erit:
2070 1357 2120 1402 et
2162 1347 2502 1418 ingredietur,
2550 1357 2598 1401 et
2637 1346 2950 1417 egredietur,
2999 1355 3046 1399 et
3093 1361 3289 1409 pascua
3330 1345 3472 1398 iure-

1893 1436 2001 1489 niet
2035 1437 2076 1489 ⁸.
2125 1436 2205 1489 Ex
2250 1437 2336 1490 liis
2381 1450 2629 1506 quasnam
2684 1435 2882 1489 divinas
2928 1435 3183 1488 essentia:
3232 1434 3471 1503 cognitio

1893 1525 2158 1582 elicitur?
2208 1541 2332 1580 cum
2381 1526 2523 1581 enim
2585 1525 2738 1595 plura
2786 1526 2897 1579 sint
2944 1524 3110 1586 dicta,
3168 1531 3222 1577 et
3276 1522 3470 1577 borum

1893 1617 2146 1687 quodque
2171 1619 2468 1671 secundum
2495 1630 2653 1671 suum
2674 1614 3040 1686 signiﬁcatum
3070 1613 3342 1684 propriam
3368 1613 3470 1666 lia-

1894 1707 2020 1762 beat
2050 1708 2500 1778 intelligentiam;
2529 1723 2704 1776 neque
2739 1706 2920 1761 omnia
2961 1714 3192 1776 possunt
3223 1705 3476 1759 substan-

201 1805 345 1860 κατά
381 1806 442 1859 τὸ
476 1807 873 1877 σημαινόμενον.
914 1805 1128 1876 ἔχοντος
1147 1822 1162 1837 ο
1193 1805 1317 1860 οὔτε
1362 1808 1541 1862 πάντα
1570 1808 1788 1864 δυνατόν

1895 1797 1982 1850 tiae
2013 1796 2213 1850 rationi
2237 1795 2523 1865 applicari,
2553 1810 2622 1849 ne
2654 1794 2787 1864 quid
2825 1794 3172 1848 commistum
3209 1807 3277 1845 ex
3311 1790 3472 1845 diﬂ'e-

198 1901 317 1951 ἐστι
345 1898 424 1968 τῷ
449 1898 553 1968 τῆς
576 1898 764 1962 οὐσίας
795 1898 1096 1953 ἐντίθεσθαι
1138 1898 1302 1970 λόγῳ,
1337 1900 1413 1964 ὡς
1451 1901 1516 1954 ἂν
1545 1900 1619 1972 μὴ
1650 1901 1791 1972 σύμ-

202 2006 397 2060 μικτον
425 1991 493 2043 ἐκ
527 1990 798 2060 διαφόρων
825 1990 1039 2061 νοηθείη
1077 1991 1138 2044 τὸ
1157 1993 1330 2046 Θεῖον.
1361 1993 1472 2046 Καὶ
1499 1991 1558 2044 τὸ
1591 1993 1790 2063 μᾶλλον

197 2081 408 2152 κυρίως
465 2082 774 2153 ἐφαρμόσαι
821 2081 900 2153 τῷ
955 2083 1298 2155 προκειμένῳ
1343 2083 1660 2154 δυνάμενον,
1691 2083 1790 2137 οὐκ

196 2172 347 2224 ἔστιν
378 2172 615 2237 εὐκόλως
648 2176 710 2227 ἐκ
740 2175 850 2228 τῶν
873 2174 1305 2246 κατειλεγμένων
1346 2174 1553 2248 εὑρεῖν
1581 2177 1614 2248 ἡ
1650 2175 1790 2248 θύρα

191 2262 224 2313 ό
252 2261 460 2331 Κύριος
480 2279 493 2291 ·
525 2261 605 2315 Δι’
639 2263 808 2330 ἐμοῦ,
839 2263 1023 2335 φησιν,
1053 2264 1163 2318 ἐάν
1184 2282 1274 2332 τις
1299 2265 1566 2338 εἰσέλθῃ,
1594 2266 1789 2334 σωθή-

195 2365 390 2415 σεται,
434 2351 534 2404 καί
593 2354 1023 2422 εισελεύσεται,
1085 2357 1182 2410 καί
1239 2355 1643 2421 ἐξελεύσεται,
1690 2357 1790 2411 καί

197 2441 400 2510 νομὴν
421 2442 694 2510 εὑρήσει·
723 2444 820 2516 τὴν
837 2445 1041 2500 εἴσοδον
1064 2446 1307 2518 εἴπωμεν
1329 2448 1450 2501 ἀντὶ
1474 2449 1574 2520 τῆς
1603 2449 1790 2514 οὐσίας

195 2530 381 2600 λέγειν
422 2533 607 2597 αὐτὸν,
637 2533 670 2604 ἢ
706 2535 806 2607 τὴν
848 2536 1121 2609 σωτηρίαν
1162 2539 1270 2592 τῶν
1296 2538 1590 2604 εἰσιόντων,
1621 2541 1656 2612 ἢ
1690 2541 1789 2612 τὴν

194 2621 430 2692 νυμὴν,ἢ
455 2621 553 2693 τὴν
571 2623 768 2690 ἔξοδον,
798 2625 945 2698 ῆτὴν
976 2625 1221 2698 εὐρεσιν;
1245 2627 1518 2684 Ἕκαστον
1537 2629 1646 2702 γὰρ
1667 2631 1790 2684 τού-

191 2730 308 2766 των
350 2713 545 2778 ιδιάζει
573 2715 652 2786 τῷ
681 2718 1085 2789 σημαινομένῳ,
1113 2719 1209 2773 καὶ
1232 2720 1294 2774 οὐ
1326 2723 1608 2792 συμφωνεῖ
1648 2721 1788 2794 πρὸς

192 2804 258 2857 τὸ
274 2805 486 2876 ἕτερον.
512 2806 586 2859 Τὸ
609 2805 718 2878 γάρ
740 2808 889 2872 ἐντὸς
919 2809 1169 2878 γενέσθαι
1193 2809 1270 2882 τῷ
1285 2810 1518 2876 ἐξελθεῖν
1546 2812 1788 2868 ἐναντίον

191 2896 258 2948 ἐκ
305 2893 406 2948 τοῦ
462 2897 750 2969 προχείρου
803 2897 969 2964 δοκεῖ,
1033 2900 1127 2953 καὶ
1185 2902 1255 2954 τὰ
1311 2900 1446 2956 ἄλλα
1502 2902 1783 2968 ὡσαύτως.

191 2985 364 3039 Ἄλλο
393 2987 506 3058 γάρ
539 3005 590 3040 τι
625 2987 703 3058 τῷ
745 2988 861 3060 ἰδίῳ
905 2989 1050 3062 λόγῳ
1081 2991 1283 3062 ἐστὶνὴ
1313 2991 1472 3064 νομὴ,
1512 2992 1698 3066 ἕτερον
1728 2991 1788 3048 δέ

184 3097 244 3133 τι
293 3081 453 3152 παρὰ
493 3080 652 3136 τοῦτο
698 3083 732 3154 ἡ
778 3081 1012 3154 εὐρεσις.
1050 3083 1116 3137 Τί
1160 3079 1255 3140 οὖν
1297 3085 1362 3138 ἐκ
1396 3083 1602 3140 τούτων
1630 3087 1665 3157 ἡ
1694 3084 1786 3140 τοῦ

187 3170 411 3242 [ἰατρὸς
453 3171 610 3226 οὐσία
643 3173 962 3243 νομίζεται;
1005 3174 1080 3228 Οὐ
1127 3173 1238 3247 γὰρ
1280 3174 1344 3248 δὴ
1387 3175 1456 3230 τὰ
1496 3175 1674 3230 πάντα
1703 3194 1786 3242 τις

186 3261 365 3315 εἰπὼν
419 3261 496 3332 μὴ
548 3262 936 3333 συμφωνοῦντα
982 3267 1051 3338 τῇ
1110 3266 1355 3339 σημασίᾳ
1386 3268 1524 3339 πρὸς
1558 3268 1786 3341 ἄλληλα,

188 3351 289 3422 τὴν
316 3351 500 3422 άπλῆν
533 3369 592 3407 τε
621 3355 713 3408 καὶ
740 3354 1029 3411 ἀσύνθετον
1057 3357 1246 3411 οὐσίαν
1275 3357 1362 3412 διὰ
1387 3358 1495 3412 τῶν
1524 3359 1787 3432 ἀσυμφώ-

188 3461 298 3498 νων
350 3444 668 3510 ἐνδείξεται.
725 3445 851 3510 Πῶς
890 3447 936 3502 δ’
985 3446 1054 3502 ἂν
1107 3448 1359 3521 άληθεύοι
1405 3451 1435 3504 ό
1478 3449 1668 3518 Λόγος,
1705 3452 1786 3506 ὅτι

191 3534 348 3589 Θεὸν
379 3535 580 3601 οὐδεὶς
623 3535 843 3605 ἑώρακε
886 3538 1121 3594 πώποτε
1139 3556 1152 3570 ο
1205 3541 1320 3604 καὶ,
1353 3541 1456 3594 Ὃν
1488 3536 1649 3596 elder
1679 3543 1786 3597 dr-

191 3627 445 3694 οράιτω
476 3625 695 3694 οὐδεὶς,
727 3628 865 3684 οὔτε
905 3627 1056 3683 ἰδεῖν
1097 3629 1374 3684 δύναται·
1402 3630 1530 3697 καὶ,
1554 3630 1638 3686 ὅτι
1663 3633 1784 3686 Οὐκ

187 3716 386 3781 ἔστιν,
419 3715 489 3781 ὃς
519 3716 732 3784 ὄψεται
776 3717 1101 3786 πρόσωπον
1138 3719 1361 3788 Κυρίου
1385 3720 1485 3776 καί
1511 3718 1750 3788 ζήσεται
1768 3739 1784 3756 ·

191 3805 355 3876 είπερ
388 3806 425 3878 ἢ
458 3807 518 3860 τὸ
560 3807 710 3870 ἐντὸς
741 3808 839 3879 τῆς
872 3808 1042 3882 θύρας
1070 3809 1103 3880 ἦ
1141 3810 1202 3864 τὸ
1246 3812 1402 3878 ἐκτὸς
1424 3811 1525 3884 τῆς
1552 3816 1725 3886 νομῆς
1749 3816 1784 3885 ἡ

189 3896 450 3968 εὕρεσις,
499 3897 656 3952 οὐσία
705 3899 916 3970 Πατρὺς
962 3899 1279 3970 νομίζεται;
1315 3902 1390 3955 Οὐ
1435 3902 1543 3974 μὴν
1598 3902 1787 3975 ἐπειδὴ

188 3987 357 4040 τοῦτο
391 3987 492 4041 οὐκ
528 3987 694 4051 ἔστιν,
727 3987 894 4058 ἀργόν
939 4003 1001 4041 τε
1048 3988 1142 4042 καὶ
1187 3988 1399 4060 ἄσημον
1431 3989 1524 4044 ἐπὶ
1549 3989 1644 4044 τοῦ
1673 3992 1787 4046 Κυ-

191 4079 317 4150 ρίου
345 4079 409 4133 τὸ
432 4079 604 4150 ὄνομα
642 4081 740 4150 τῆς
769 4079 938 4151 θύρας
985 4079 1373 4151 ὑπονοήσομεν.
1413 4081 1651 4154 Ἀληθῶς
1687 4083 1788 4158 γάρ

188 4172 220 4224 ό
264 4169 432 4234 αὐτός
460 4171 577 4224 ἐστι
611 4172 704 4224 καὶ
755 4170 892 4243 θύρα
936 4171 1217 4244 περιοχῆς,
1270 4172 1364 4226 καὶ
1431 4165 1580 4235 οῐκος
1611 4188 1787 4228 κατα-

190 4265 382 4338 φυγῆς
402 4307 420 4334 ,
451 4263 636 4329 καθὼς
663 4265 692 4318 ὁ
714 4264 880 4319 Δαῦὶδ
902 4265 1176 4336 ὀνομάζει,
1207 4265 1302 4319 καὶ
1345 4264 1416 4319 δι’
1437 4263 1633 4320 ἑαυτοῦ
1659 4266 1788 4331 τοὺς

189 4357 468 4421 εξσιόντας
508 4355 741 4428 δέχεται,
787 4357 882 4412 καὶ
930 4358 988 4411 ὲν
1027 4355 1206 4429 ἑαυτῷ
1242 4359 1366 4423 τοὺς
1393 4358 1540 4414 ἔνδον
1571 4360 1790 4430 γενομέ-

189 4464 321 4511 νους
353 4445 541 4512 σώζει,
565 4446 660 4500 καὶ
689 4446 852 4501 πάλιν
879 4445 944 4500 δι’
970 4445 1162 4500 ἑαυτοῦ
1193 4447 1330 4518 πρὸς
1356 4447 1454 4519 τὴν
1478 4448 1652 4519 νομὴν
1678 4447 1788 4502 τῶν

187 4537 411 4608 ἀρετῶν
447 4537 699 4608 προάγει.
741 4535 851 4592 Καὶ
899 4536 1078 4592 πάντα
1116 4535 1325 4606 γίνεται
1391 4540 1504 4603 τοῖς
1544 4537 1788 4610 σωζομέ-

188 4644 330 4692 νοις,
389 4626 480 4682 ῐνα
535 4626 750 4698 ἑκάστῳ
795 4626 1101 4698 πρόσφορον
1152 4625 1346 4679 ἑαυτὸν
1403 4627 1635 4697 ποιήσῃο
1694 4626 1788 4680 καὶ

184 4719 336 4784 ὁδὸς,
366 4718 466 4771 καὶ
489 4717 702 4790 όδηγδς,
725 4718 819 4772 καὶ
842 4717 979 4789 θύρα
1013 4717 1294 4789 περιοχῆς,
1326 4717 1420 4770 καὶ
1448 4711 1595 4780 οἶκος
1619 4733 1790 4770 κατοι-

187 4811 402 4882 φυγῆς,
438 4809 535 4864 καὶ
571 4810 717 4882 ὕδωρ
748 4809 1128 4873 ἀναπαύσεως,
1167 4810 1264 4863 καὶ
1307 4808 1472 4872 τόπος
1513 4809 1696 4881 χλόης,
1723 4810 1791 4880 ἧν

186 4905 250 4956 εν
287 4903 371 4974 τῷ
405 4903 719 4974 Εὐαγγελίῳ
746 4901 913 4975 νομὴν
939 4900 1226 4973 όνομάξει’
1265 4901 1296 4955 ό
1335 4900 1393 4954 δὲ
1440 4901 1623 4966 καινὸς
1669 4901 1790 4955 (iso-

189 4996 378 5064 λόγος,
406 4995 494 5048 διὰ
534 4994 631 5066 τὴν
658 4993 861 5064 γνῶσιν
884 4997 984 5066 τῆς
1021 4992 1116 5047 τοῦ
1145 4992 1359 5065 ηατρὸς
1381 4991 1588 5058 οὐσίας,
1619 4991 1789 5063 θύραν

187 5089 364 5160 ιρησὶν
387 5085 703 5156 ὠνομάσθαι
747 5085 842 5140 τὸν
889 5085 1114 5157 Κύριον.
1156 5083 1222 5138 Τί
1267 5080 1361 5139 οὗν
1400 5083 1522 5154 οὐχὶ
1562 5085 1658 5138 καὶ
1689 5085 1788 5156 τὴν

190 5182 428 5252 πέτραν,
461 5180 555 5234 καὶ
582 5178 672 5233 τὸν
707 5174 876 5244 λίθον,
903 5177 1000 5231 καὶ
1026 5177 1126 5249 τὴν
1160 5177 1364 5249 πηγὴν,
1390 5178 1486 5231 καὶ
1517 5176 1576 5231 τὸ
1609 5175 1784 5242 ξύλον,

192 5270 293 5323 καὶ
343 5270 416 5323 τά
463 5267 629 5324 λοιπά
670 5268 779 5323 τῶν
815 5268 1096 5340 ὀνομάτων
1120 5268 1257 5340 πρὸς
1291 5268 1391 5340 τὴν
1429 5268 1598 5340 αὐτὴν
1639 5267 1786 5322 ῑλκει

185 5364 467 5427 διάνοιαν,
531 5362 608 5425 ὡς
647 5360 717 5416 ἂν
764 5359 844 5432 τῷ
885 5360 1081 5431 πλήθει
1137 5359 1244 5414 τῶν
1303 5359 1604 5414 ἀλλοκότων
1646 5376 1786 5431 μαρ-

187 5456 403 5528 τυριῶν
461 5454 524 5509 τὸ
588 5453 783 5509 ἑαυτοῦ
839 5453 1016 5525 δόγμα
1069 5450 1436 5517 πιστώσαιτο,
1485 5452 1782 5524 δυνάμενος

195 5549 424 5618 ἑκάστῳ
445 5547 654 5601 τούτων
680 5546 774 5600 τὸν
797 5545 960 5600 αὐτὸν
998 5544 1312 5617 ἐφαρμόσαι
1347 5545 1527 5616 λόγον,
1558 5547 1620 5601 ὃν
1658 5547 1791 5619 περὶ

193 5642 299 5710 τῆς
329 5640 456 5694 ὁδοῦ
505 5639 601 5693 καὶ
626 5640 728 5711 τῆς
757 5637 951 5709 θύρας,
991 5638 1086 5692 καὶ
1128 5637 1223 5692 τοῦ
1257 5638 1435 5708 φωτὸς
1474 5639 1784 5712 διεξῆλθενς

1894 1886 2144 1941 rentibus
2173 1895 2368 1941 natura
2399 1884 2584 1939 divina
2613 1884 2969 1954 intelligatur.
2997 1882 3063 1936 Et
3084 1883 3227 1952 quod
3253 1881 3474 1952 proprie

1894 1978 2069 2048 magis
2119 1978 2197 2031 rei
2243 1977 2533 2047 propositae
2587 1991 2887 2046 congruere
2935 1982 3134 2046 potest,
3182 1989 3289 2028 non
3346 1974 3474 2027 licet

1891 2067 2052 2122 facile
2087 2083 2150 2122 ex
2182 2067 2425 2123 collectis
2469 2066 2734 2121 invenire.
2808 2065 3070 2120 Dominus
3112 2065 3336 2119 ostium.
3367 2061 3474 2117 Per

1890 2171 1993 2218 me,
2030 2155 2226 2224 inquit,
2260 2157 2309 2210 si
2347 2155 2464 2225 quis
2503 2155 2802 2221 intraverit,
2851 2154 3164 2215 servabitur,
3208 2160 3257 2206 et
3302 2152 3474 2220 ingre-

1889 2246 2086 2312 dietur,
2128 2257 2178 2301 et
2221 2249 2538 2317 egredietur,
2569 2255 2620 2302 et
2642 2263 2842 2316 pascua
2884 2247 3138 2309 inveniet;
3165 2247 3471 2314 ingressum

1890 2337 2191 2393 dixerimus
2222 2352 2322 2408 pro
2361 2339 2599 2394 essentia
2643 2339 2822 2409 ipsum
2870 2337 3078 2402 dicere,
3118 2353 3186 2391 an
3239 2337 3470 2392 salutem

1889 2428 2334 2498 ingredientium,
2367 2430 2452 2484 vel
2487 2444 2771 2500 egressum
2831 2429 2916 2484 vel
2951 2443 3234 2499 pascuum,
3264 2429 3348 2482 vel
3387 2429 3473 2482 in-

1889 2519 2243 2574 ventionem?
2279 2519 2474 2574 borum
2498 2521 2642 2575 enim
2678 2520 2932 2591 quodque
2981 2521 3240 2590 peculiari
3263 2528 3319 2574 et
3349 2534 3476 2590 pro-

1888 2609 2012 2678 prio
2044 2609 2355 2679 signiﬁcatu
2396 2609 2772 2681 distinguitur,
2810 2627 2987 2682 neque
3033 2626 3155 2666 cum
3196 2611 3305 2664 alio
3341 2625 3475 2664 con-

1889 2707 2069 2752 sonat.
2086 2695 2223 2754 Nam
2250 2700 2398 2756 intus
2414 2715 2556 2766 esse,
2577 2701 2628 2756 ei
2660 2701 2803 2770 quod
2833 2711 2918 2756 est
2935 2702 3104 2765 exire,
3136 2702 3472 2757 contrarium

1887 2802 1954 2842 ex
2008 2789 2184 2858 primo
2243 2799 2571 2847 occurrente
2621 2791 2927 2861 signiﬁcatu
2979 2791 3216 2856 videtur,
3263 2798 3318 2845 et
3367 2791 3472 2846 alia

1889 2877 2162 2936 similiter.
2195 2880 2357 2937 Aliud
2381 2882 2525 2937 enim
2550 2893 2634 2938 est
2656 2884 2879 2954 proprio
2900 2898 3153 2950 sermone
3183 2899 3470 2952 pascuum,

1890 2971 2040 3026 aliud
2065 2988 2196 3029 vero
2215 2974 2475 3045 quiddam
2504 2985 2698 3046 praeter
2721 2975 2824 3030 boc
2855 2975 3111 3030 inventio.
3141 2975 3279 3042 Quid
3307 2977 3476 3048 igitur

1891 3080 1958 3121 ex
1979 3065 2066 3122 his
2092 3065 2269 3123 Patris
2297 3069 2538 3124 essentia
2567 3069 2864 3124 censetur?
2889 3067 3074 3138 Neque
3103 3068 3248 3122 enim
3283 3069 3470 3124 omnia

1892 3158 2086 3230 siquis
2111 3159 2336 3224 dixerit,
2381 3174 2489 3214 non
2530 3159 2676 3214 inter
2714 3175 2774 3214 se
2799 3160 3197 3230 signiﬁcatione
3240 3173 3474 3214 concor-

1893 3252 2102 3319 dantia,
2141 3251 2441 3322 simplicem
2488 3260 2543 3308 et
2567 3252 2985 3320 incompositam
3037 3251 3336 3306 essentiam
3378 3267 3473 3323 per

1893 3344 2010 3400 haec
2034 3344 2364 3400 inconcinna
2387 3351 2444 3399 ct
2465 3344 2840 3400 discordantia
2873 3343 3157 3401 indicabit.
3187 3343 3477 3409 Quomodo

1893 3446 2076 3494 autem
2094 3452 2280 3493 verum
2301 3436 2509 3492 diceret
2531 3451 2732 3503 sermo,
2759 3437 2902 3506 quod
2920 3437 2940 3466 '
2962 3433 3130 3490 Nemo
3153 3434 3315 3488 Deum
3346 3436 3477 3490 vidit

1892 3527 2326 3600 unquam;et',
2360 3528 2528 3595 Quem
2579 3528 2848 3583 hominum
2898 3527 3078 3582 nullus
3124 3527 3278 3591 vidit,
3317 3543 3478 3597 neque

1890 3621 2284 3693 potestvidere:
2313 3631 2364 3676 et
2387 3621 2532 3692 quod
2554 3621 2576 3655 ⁸
2607 3620 2805 3676 Nullus
2828 3623 2974 3685 tiret,
2998 3631 3045 3675 et
3065 3621 3258 3675 videbit
3288 3620 3477 3690 faciem

1891 3715 2153 3770 Domini:
2198 3711 2470 3782 siquidem
2517 3714 2603 3767 vel
2649 3713 2793 3782 quod
2836 3711 2978 3765 intra
3019 3711 3222 3766 ostium
3268 3719 3354 3766 est
3391 3712 3477 3767 vel

1892 3814 2069 3868 extra,
2119 3811 2175 3860 et
2221 3804 2467 3860 inventio
2515 3804 2728 3874 pascui,
2770 3802 3010 3858 essentia
3059 3799 3238 3856 Patris
3287 3800 3478 3856 existi-

1891 3899 2110 3953 matur?
2131 3895 2241 3952 Sed
2277 3896 2535 3966 quoniam
2567 3894 2672 3949 hoc
2703 3908 2810 3948 non
2859 3900 2964 3957 est,
3006 3906 3114 3946 non
3155 3899 3336 3945 tamen
3371 3890 3476 3946 hoc

1899 4003 2099 4044 nomen
2126 3987 2253 4044 ostii
2299 3987 2354 4043 in
2394 3985 2625 4042 Domino
2679 3985 2916 4041 otiosum
2957 3990 3012 4037 et
3058 3981 3478 4054 signiﬁcationis

1893 4094 2092 4151 expers
2121 4078 2547 4150 suspicabimur.
2585 4077 2724 4133 Vere
2754 4076 2899 4131 enim
2931 4075 3050 4145 ipse
3078 4084 3162 4130 est
3190 4082 3244 4130 et
3270 4074 3475 4130 ostium

1893 4171 2346 4236 circumstantiae,
2393 4176 2449 4225 et
2494 4167 2692 4224 domus
2737 4167 2955 4238 refugii,
2987 4167 3129 4222 sicut
3169 4165 3336 4222 David
3379 4181 3476 4221 no-

1894 4261 2124 4326 minat',
2154 4271 2208 4317 et
2231 4276 2328 4332 per
2357 4274 2418 4315 se
2443 4261 2620 4330 ipsum
2654 4259 3020 4330 ingredientes
3062 4257 3316 4325 admittit,
3344 4267 3398 4313 et
3419 4258 3476 4313 in

1894 4353 2078 4424 seipse
2103 4353 2204 4409 bos
2248 4352 2341 4422 qui
2391 4361 2518 4407 sunt
2567 4351 2715 4406 intus
2764 4357 2962 4413 servat,
3018 4358 3073 4405 et
3130 4363 3322 4405 rursus
3380 4364 3476 4420 per

1894 4445 2074 4516 ipsum
2107 4444 2175 4500 ad
2201 4444 2466 4499 virtutum
2493 4457 2695 4514 pascua
2727 4442 2932 4498 educit.
2979 4441 3043 4495 Et
3083 4441 3169 4497 his
3205 4441 3298 4511 qui
3337 4441 3475 4496 salvi

1900 4539 2058 4601 ﬁunt,
2082 4536 2266 4591 omnia
2298 4536 2377 4598 ﬁt,
2411 4542 2471 4590 ut
2512 4534 2807 4606 unicuique
2850 4535 3090 4605 seipsuin
3126 4535 3476 4589 commodum

1886 4638 1942 4685 et
1971 4628 2227 4684 idoneum
2256 4627 2484 4684 reddat:
2519 4638 2574 4683 et
2598 4630 2710 4690 via.
2757 4635 2811 4682 et
2856 4628 2957 4682 via:
2991 4626 3124 4690 dux,
3171 4634 3225 4681 et
3269 4628 3472 4681 ostium

1888 4720 2337 4786 circumstantia,
2367 4731 2421 4776 et
2449 4721 2646 4776 domus
2668 4719 2882 4790 refugii,
2905 4727 2960 4774 et
2988 4734 3126 4790 aqua
3151 4719 3382 4790 requiei,
3415 4725 3474 4773 et

1891 4812 2045 4869 locus
2076 4813 2255 4868 herba!
2301 4812 2512 4877 viridis,
2563 4827 2726 4884 quam
2763 4811 2818 4866 in
2864 4809 3157 4882 Evangelio
3206 4825 3471 4882 pascuum

1891 4905 2183 4960 nominat':
2229 4903 2318 4959 hic
2358 4912 2540 4959 autem
2593 4903 2836 4958 novitius
2883 4903 3196 4974 theologus,
3246 4910 3473 4973 propter

1892 4995 2254 5069 cognitionem
2298 4997 2553 5052 essentize
2583 4994 2779 5061 Patris,
2810 4995 2887 5050 ait
2931 4995 3220 5050 Dominum
3265 4994 3471 5049 ostium

1891 5090 2184 5145 nominari.
2213 5091 2326 5144 Cur
2348 5103 2458 5144 non
2482 5089 2646 5142 etiam
2677 5102 2866 5158 rupem
2889 5094 2944 5142 et
2975 5087 3229 5158 lapidem,
3261 5095 3314 5141 ct
3349 5084 3474 5139 fon-

1889 5187 2023 5244 tem,
2079 5189 2134 5237 et
2190 5181 2419 5250 lignum,
2469 5189 2523 5235 et
2563 5179 2770 5250 reliqua
2829 5179 3052 5233 nomina
3111 5178 3178 5233 ad
3225 5177 3474 5233 eamdem

1889 5269 2059 5324 trahit
2099 5271 2515 5341 intelligentiam
2545 5312 2560 5340 ,
2615 5278 2675 5325 ut
2726 5278 3164 5341 portentosurum
3221 5270 3473 5326 testimo-

1886 5363 2106 5417 niorum
2154 5362 2504 5418 multitudine
2553 5377 2713 5418 suum
2761 5363 3017 5432 placitum
3065 5360 3287 5432 probet,
3343 5375 3469 5417 cum

1887 5452 2064 5523 possit
2088 5453 2286 5522 cuique
2325 5453 2519 5507 horum
2575 5453 2820 5508 eamdem
2868 5452 3137 5508 rationem
3185 5453 3467 5525 adaptare,

1886 5559 2052 5616 quam
2075 5543 2144 5602 de
2166 5545 2250 5601 via
2279 5553 2335 5601 et
2356 5545 2500 5602 ostio
2527 5553 2580 5602 et
2605 5545 2728 5600 luce
2751 5545 3029 5601 recensuit
3051 5544 3076 5598 τ

275 5738 293 5773 ³
327 5739 491 5798 Joan.
519 5757 574 5813 χ,
607 5743 659 5800 9.
735 5746 755 5778 ³
785 5741 942 5803 Joan.
976 5759 1017 5814 ι,
1052 5741 1136 5799 t8.
1199 5739 1507 5817 {lTimotlL
1538 5756 1613 5812 νι,
1651 5741 1735 5797 16.

1891 5741 2032 5800 Exod.
2070 5755 2264 5812 sunt,
2297 5736 2384 5795 20.
2464 5737 2483 5768 ⁸
2519 5734 2661 5793 Psal.
2691 5734 2900 5804 cxr..6.
