4002 6218
561 316 660 374 851

635 430 742 500 Ego
771 435 950 482 autem
990 443 1021 482 a
1068 426 1356 498 Scriptura
1416 425 1682 483 divinitus
1739 427 2005 497 inspirata
2034 421 2137 479 hoc
2167 428 2215 484 Α

559 528 784 575 edoctus
841 517 1110 574 aﬁirmare
1172 518 1369 583 audeo,
1423 517 1568 588 quod
1629 518 1720 589 qui
1753 532 1921 587 supra
1981 530 2144 571 omne

559 617 643 664 est
679 622 904 673 nomen,
935 608 1098 664 nobis
1140 608 1328 662 multis
1363 607 1679 662 nominibus
1709 606 1912 660 dicitur
1942 619 2143 660 secun-

559 698 688 751 dum
726 698 907 753 varias
973 705 1027 752 et
1079 699 1279 754 multas
1345 696 1734 752 beneﬁciorum
1783 694 2141 756 diﬁ‘crentias,

559 787 688 842 dum
719 787 1054 851 nominatur,
1089 787 1181 842 lux
1211 785 1432 856 quidem
1465 801 1588 840 cum
1641 785 1961 856 ignorantiae
2012 782 2145 838 cali-

560 879 739 947 ginem
775 878 1011 946 dispellit
1036 887 1090 932 et
1121 878 1345 932 discutit
1377 894 1393 943 ;
1419 877 1526 931 vita
1553 890 1680 930 vero
1705 891 1828 930 cum
1860 876 2142 929 immorta-

559 969 764 1023 litatem
799 968 1156 1038 gratiﬁcatur;
1181 969 1290 1032 via,
1319 981 1440 1021 cum
1467 968 1537 1022 ab
1558 983 1745 1022 errore
1769 967 1835 1021 ad
1861 966 2143 1021 veritatem

561 1071 819 1129 tanquam
853 1074 1017 1114 manu
1041 1059 1229 1128 ducit;
1264 1059 1344 1114 sic
1369 1058 1534 1114 etiam
1567 1059 1736 1114 turris
1778 1056 2142 1120 fortitudinis,

549 1160 614 1206 'et
634 1152 828 1206 civitas
861 1151 1280 1220 complexionis,
1308 1159 1358 1206 et
1414 1150 1559 1216 l‘ons,
1591 1158 1647 1205 et
1678 1165 1864 1220 rupes,
1909 1158 1964 1205 et
1992 1149 2144 1214 vitis,

559 1251 616 1296 et
645 1243 914 1308 medicus,
969 1249 1022 1297 et
1084 1241 1439 1309 resurrectio,
1469 1251 1524 1296 et
1567 1243 1754 1295 omnia
1805 1241 1935 1294 talia
1968 1239 2146 1296 nostri

560 1333 773 1387 ratione
804 1334 1160 1401 nominatur;
1196 1333 1350 1387 vario
1376 1332 1540 1388 modo
1596 1333 1835 1403 seipsum
1871 1331 1987 1387 suis
2019 1345 2147 1402 erga

561 1439 663 1478 nos
700 1423 980 1479 beneﬁciis
1012 1423 1377 1478 distribuens.
1412 1423 1479 1478 Hi
1516 1439 1646 1480 vero
1672 1440 1767 1494 per
1790 1424 1904 1480 haec
1927 1421 2148 1478 nomina

559 1514 831 1570 essentias
857 1514 1313 1584 interpretantur,
1345 1517 1438 1585 qui
1469 1531 1636 1585 super
1663 1515 1956 1570 humanam
1986 1521 2145 1568 natu-

561 1621 675 1659 ram
708 1614 870 1661 acute
889 1617 1143 1669 cernunt,
1178 1607 1271 1676 qui
1304 1606 1450 1677 quod
1474 1616 1560 1662 est
1593 1604 2148 1676 incomprehensibile

563 1697 767 1763 vident,
827 1705 882 1752 et
947 1697 1093 1768 quod
1145 1705 1324 1768 potest
1374 1697 1762 1768 comprehendi
1815 1697 2140 1766 despiciunt.

559 1787 731 1854 Quem
757 1789 901 1843 enim
918 1805 1095 1858 neque
1115 1788 1397 1843 hominum
1417 1789 1707 1860 quisquam
1724 1787 1860 1842 vidit
1878 1801 2138 1857 unquam,
2175 1766 2218 1824 Β

561 1890 737 1944 neque
789 1885 970 1947 potest
1004 1878 1205 1944 videre,
1245 1878 1389 1933 hunc
1437 1894 1546 1933 non
1598 1879 1775 1934 solum
1809 1892 1868 1933 se
1921 1877 2141 1941 intueri,

561 1968 657 2024 sed
692 1967 855 2021 etiam
895 1969 1076 2024 metiri
1117 1968 1386 2024 aﬁirmant
1412 1987 1428 2038 ;
1451 1968 1609 2024 ﬁdem
1643 1983 1775 2024 vero
1810 1983 1918 2023 non
1952 1968 2144 2022 animae

563 2060 725 2116 oculo
745 2067 997 2124 cernunt,
1022 2061 1165 2130 quod
1192 2061 1411 2131 quidem
1435 2062 1614 2116 solum
1631 2065 1718 2116 est
1731 2067 1930 2114 nostra:
1951 2062 2142 2130 cogni-

537 2200 542 2204 .
561 2149 698 2204 tioni
729 2163 1102 2204 commensum
1120 2157 1179 2205 et
1198 2151 1664 2205 accommodatum
1685 2168 1698 2205 :
1715 2158 1769 2205 et
1781 2150 2143 2221 cognitionem

561 2246 685 2308 qua:
716 2253 782 2293 ex
809 2239 1114 2295 rationibus
1147 2239 1411 2310 procedit,
1442 2240 1568 2295 huic
1588 2248 1906 2310 praaponunt
1942 2247 1997 2294 et
2027 2240 2145 2308 plu-

560 2330 642 2382 ris
677 2327 906 2382 faciunt.
965 2327 1057 2384 Sic
1105 2329 1288 2384 audivi
1351 2329 1634 2385 historiam
1667 2330 1806 2387 ﬁlios
1862 2329 2146 2400 Bcnjamin

563 2427 940 2486 accusantem,
967 2421 1061 2490 qui
1091 2420 1307 2491 Quidem
1333 2421 1399 2475 ad
1431 2424 1601 2492 legem
1629 2437 1739 2477 non
1755 2422 2144 2493 respiciebant,

563 2511 632 2564 ad
687 2509 944 2581 capillum
1002 2518 1182 2565 autem
1241 2512 1436 2582 capitis
1463 2511 2044 2583 fundajaculabantur
2087 2513 2143 2580 ⁶;

567 2614 844 2667 sermone,
899 2601 1116 2672 opinor,
1155 2603 1473 2659 declarante
1523 2603 1579 2658 in
1628 2618 1687 2659 re
1735 2619 1875 2659 vana
1911 2612 1967 2660 et
2002 2603 2147 2660 futili

563 2691 809 2763 ipsorum
843 2693 1240 2764 occupationen
1274 2694 1460 2764 :quod
1498 2694 1770 2750 inutilium
1801 2704 1855 2751 et
1878 2696 2147 2761 inanium,

565 2799 744 2854 neque
781 2785 1197 2841 subsistentium
1248 2786 1582 2856 iaculatores
1635 2789 1858 2859 quidam
1911 2798 2068 2845 erant
2093 2797 2148 2846 et

575 2875 742 2945 periti
773 2875 1175 2944 collimatores;
1246 2878 1460 2932 utilium
1513 2893 1640 2933 vero
1667 2887 1722 2934 et
1751 2879 2148 2952 manifesteju-

564 2968 809 3022 vantium
845 2967 1082 3038 imperiti
1113 2977 1166 3024 et
1199 2970 1536 3040 neglectores
1590 2987 1605 3024 :
1658 2970 1820 3026 dictis
1846 2973 1990 3027 enim
2017 2973 2150 3028 sub-

1775 310 1834 366 S.
1877 303 2203 366 GREGORI]
2238 301 2533 361 NYSSENI

3711 296 3804 351 838

2322 417 2464 486 Ἐγὼ
2501 414 2558 470 δὲ
2600 411 2754 468 τοῦτο
2803 409 2952 484 παρά
2981 411 3076 482 τῆς
3112 406 3464 463 θεοπνεύστου
3499 405 3719 478 Γραφῆς
3738 407 3805 460 ει-

2243 508 2478 579 δαχθεὶς,
2501 503 2716 577 θαρσῶν
2741 501 3110 572 ἀποφαίνομαι
3128 516 3141 529 ’
3176 499 3258 552 ὅτι
3286 501 3314 552 ὁ
3351 498 3491 568 ὑπὲρ
3519 498 3622 550 πᾶν
3652 497 3805 564 Evam:

2242 599 2337 664 ὣν,
2373 601 2502 670 ἡμῖν
2541 594 2890 665 πολυώνυμος
2940 593 3167 662 γίνεται,
3197 590 3338 645 κατά
3383 590 3480 654 τὰς
3514 589 3620 642 τῶν
3671 589 3804 659 εὐερ-

2241 691 2440 759 γεσιῶν
2492 689 2762 751 ποικιλίας
2806 685 3232 756 ὀνομαζόμενος·
3273 682 3387 752 φῶς
3429 681 3547 752 μὲν,
3577 682 3710 733 ὅταν
3735 679 3806 745 ἐξ·

2243 781 2490 850 αφανίζει
2526 781 2624 851 τῆς
2651 778 2873 848 ἀγνοίας
2899 778 2988 831 τὸν
3031 777 3222 843 ζόφονο
3262 774 3372 846 ζωὴ
3423 774 3500 836 δὲ,
3549 776 3681 828 ὅταν
3724 771 3805 842 τὴν

2241 871 2542 938 ἀθανασίαν
2565 870 2864 942 χαρίζεταιο
2889 867 3006 931 ὁδὸς
3025 867 3102 929 δὲ,
3136 868 3260 920 ὅταν
3287 867 3418 936 πρὸς
3440 864 3537 936 τὴν
3566 865 3809 934 ἀλήθειαν

2243 963 2352 1019 ἀπὸ
2408 965 2507 1035 τῆς
2556 963 2762 1031 πλάνης
2807 960 3227 1032 χειραγωγήσῃ·
3275 958 3415 1012 οὕτω
3468 959 3560 1010 καὶ
3614 957 3808 1028 πύργος

2247 1057 2449 1128 ἰσχύος,
2482 1057 2574 1110 καὶ
2611 1055 2766 1118 πόλις
2811 1053 3090 1125 περιοχῆς,
3144 1053 3237 1106 καὶ
3291 1051 3462 1122 πηγὴ,
3496 1051 3592 1104 καὶ
3623 1053 3804 1122 πέτρα,

2243 1149 2339 1201 καὶ
2366 1147 2627 1217 ἄμπελος,
2672 1147 2767 1199 καὶ
2811 1144 3014 1216 ἰατρὸς,
3055 1143 3147 1197 καὶ
3181 1144 3491 1206 ἀνάστασις.
3523 1145 3615 1196 καὶ
3650 1147 3807 1198 πάντα

2245 1239 2314 1292 τὰ
2337 1237 2559 1292 τοιαῦτα
2601 1238 2738 1309 πρὸς
2769 1240 2915 1308 ἡμᾶς
2956 1238 3304 1309 όνομάζεται’
3340 1239 3596 1302 ποικίλως
3633 1242 3806 1294 ἑαυτὸν

2246 1332 2368 1393 ταῖς
2421 1328 2716 1399 ἡμετέραις
2765 1327 3100 1399 εὐεργεσίαις
3156 1329 3553 1400 καταμερίξων.
3604 1329 3715 1392 Τὰς
3759 1331 3806 1384 δὲ

2243 1419 2431 1482 οὐσίας
2461 1417 2548 1471 διά
2578 1417 2686 1471 τῶν
2722 1417 2999 1487 ὀνομάτων
3027 1419 3413 1490 ὲρμηνεύονται
3456 1420 3504 1471 οἱ
3551 1419 3692 1489 ὑπὲρ
3725 1420 3807 1491 τὴν

2243 1511 2591 1583 ἀνθρωπίνην
2640 1509 2801 1581 φύσιν
2841 1511 3246 1576 ὀξυωποῦντες,
3303 1511 3353 1564 οἱ
3400 1512 3463 1566 τὸ
3496 1512 3596 1582 μὲν
3622 1513 3810 1567 ἀκατά-

2243 1603 2446 1674 ληπτον
2476 1601 2782 1674 βλέποντες,
2815 1603 2876 1656 τὸ
2907 1601 2962 1655 δὲ
2995 1603 3336 1674 καταληπτὸν
3361 1604 3806 1673 παραὸλέποντες.

2251 1696 2346 1750 Ὃν
2374 1695 2482 1767 γὰρ
2508 1693 2632 1748 οὔτε
2665 1690 2771 1748 εἶδὲ
2801 1712 2884 1757 τις
2925 1693 3243 1764 ἀνθρώπων,
3273 1693 3396 1748 οὔτε
3431 1695 3561 1749 ἰδεῖν
3586 1697 3807 1763 δύναται,

2247 1785 2436 1840 τοῦτον
2463 1785 2524 1838 οὐ
2561 1784 2720 1856 μόνον
2743 1786 2896 1856 ὁρᾷν,
2922 1784 3057 1839 ἀλλά
3083 1785 3178 1840 καὶ
3222 1790 3439 1859 μετρεῖν
3463 1787 3811 1842 διαϐεϐαιοῦν-

2245 1890 2366 1928 ται·
2397 1874 2495 1944 τὴν
2518 1873 2575 1927 δὲ
2606 1873 2788 1927 πίστιν
2813 1873 2872 1927 οὐ
2901 1873 3154 1944 βλέπουσι
3185 1873 3262 1946 τῷ
3299 1877 3396 1946 τῆς
3420 1875 3598 1947 ψυχῆς
3628 1878 3812 1947 670a).-

2249 1967 2354 2040 μῷ,
2409 1968 2546 2038 ὅπερ
2593 1965 2658 2037 δὴ
2705 1965 2862 2036 μόνον
2921 1966 3230 2038 σύμμετρόν
3288 1969 3404 2021 ἐστι
3457 1971 3521 2041 τῇ
3586 1973 3814 2044 ἡμετέρα

2245 2057 2569 2127 κατανοήσει
2590 2071 2603 2086 ·
2637 2055 2734 2127 τὴν
2781 2056 2847 2109 ὲκ
2902 2055 3011 2111 τῶν
3062 2056 3334 2128 λογισμῶν
3375 2058 3670 2128 ἐπίγνωσιν
3711 2064 3815 2115 ἐπί-

2245 2147 2480 2219 προσθεν
2520 2144 2722 2219 ταύτης
2748 2143 3078 2215 ποιούμενοι.
3113 2145 3296 2210 Οὕτως
3331 2148 3539 2218 ἥκουσα
3562 2149 3662 2218 τῆς
3691 2151 3821 2204 ίστο-

2247 2214 2371 2310 ρίας
2398 2237 2508 2290 τῶν
2539 2214 2687 2290 υἱῶν
2725 2214 2982 2306 Βενιαμὶν
3019 2214 3449 2308 κατηγορούσης,
3488 2239 3538 2290 οἳ
3570 2214 3704 2310 πρὸς
3731 2242 3819 2311 μὲν

2245 2330 2338 2384 τὸν
2370 2330 2532 2400 νόμον
2562 2328 2661 2382 οὐκ
2687 2327 2934 2393 ἔϐλεπον,
2973 2327 3116 2382 κατά
3158 2327 3215 2381 δὲ
3250 2329 3434 2401 τριχὸς
3483 2328 3817 2393 ὲτοξέιζοντο⁸

2245 2403 2552 2493 δηλοῦντος,
2596 2415 2772 2491 οῐμαι,
2817 2418 2911 2474 τοῦ
2961 2418 3119 2489 λόγου
3173 2418 3271 2492 τὴν
3321 2437 3386 2472 πε
3397 2421 3449 2492 pi.
3484 2420 3549 2473 τὸ
3605 2423 3822 2492 μάταιον

2245 2512 2422 2568 αὐτῶν
2451 2510 2704 2581 ἀσχολίαν
2724 2525 2740 2540 °
2773 2510 2854 2564 ὅτι
2888 2509 2998 2564 τῶν
3028 2510 3126 2581 μὲν
3163 2509 3453 2580 ἀνωφελῶν
3487 2512 3585 2564 καὶ
3631 2512 3820 2565 ἀνυπο-

2251 2605 2481 2672 στάτων,
2508 2603 2758 2674 ἑκηϐόλοι
2787 2602 2930 2666 τινὲς
2973 2601 3112 2674 ἦσαν
3158 2604 3250 2658 καὶ
3278 2601 3491 2673 εὐφυεῖς
3511 2607 3822 2676 στοχασταίο

2246 2699 2356 2753 τῶν
2387 2697 2444 2750 δὲ
2478 2695 2756 2767 προδήλως
2797 2695 3147 2764 ὠφελούντων
3212 2696 3444 2768 ἀμαθεῖς
3475 2714 3535 2750 τε
3577 2699 3670 2752 καὶ
3697 2699 3824 2767 ἀμε-

2247 2789 2457 2860 λέτητοι
2475 2804 2490 2817 ο
2523 2786 2718 2856 ἐπάγει
2743 2784 2852 2859 γὰρ
2878 2788 2992 2851 τοῖς
3017 2788 3326 2860 εἰρημένοις
3353 2788 3568 2860 ἱστορία
3592 2789 3691 2861 τὴν
3714 2790 3826 2842 κατ’

2247 2880 2446 2946 αὐτοὺς
2473 2877 2779 2950 συμφορὰν,
2802 2878 2949 2942 ὅπως
2987 2877 3123 2948 πρὸς
3153 2878 3250 2949 τὴν
3283 2879 3634 2952 Σοδομιτικὴν
3664 2897 3829 2950 παρα-

2249 2972 2442 3044 νομίαν
2492 2971 2897 3042 λυσσήσαντες,
2965 2970 3302 3040 πανστρατιᾷ
3348 2969 3440 3023 τοῦ
3504 2971 3828 3041 Ἰσραηλίτου

569 3058 698 3114 inde
722 3057 873 3114 addit
907 3059 1132 3116 historia
1187 3061 1551 3118 calamitatem
1591 3078 1712 3132 quae
1755 3063 1892 3134 ipsis
1926 3065 2147 3126 accidit.

2251 3065 2382 3121 λαοῦ
2426 3064 2546 3119 κατ’
2594 3063 2773 3118 αὐτῶν
2825 3061 3190 3128 δπλισθέντος,
3238 3061 3713 3134 ὲξεπορθήθησανδ
3744 3061 3829 3115 καί

563 3149 709 3219 quod
749 3149 818 3204 ad
858 3149 1254 3206 Sodomiticum
1299 3153 1479 3209 scelus
1533 3154 1684 3209 rabie
1743 3155 2025 3220 concitati,
2081 3157 2148 3211 ah

2255 3177 2346 3232 μοι
2377 3158 2524 3212 δοκεῖ
2555 3154 2939 3226 φιλάνθρωπον
2989 3147 3128 3206 εῖναι
3177 3152 3401 3223 γνώμην
3444 3153 3826 3224 εἰσηγήσασθαι

567 3243 841 3300 universis
857 3243 1032 3315 copiis
1057 3244 1339 3302 lsraelitici
1367 3247 1548 3316 populi
1564 3255 1757 3302 contra
1776 3249 1925 3319 ipsos
1950 3249 2148 3304 armati

2247 3252 2364 3314 τοῖς
2387 3249 2525 3312 νέοις
2551 3245 2816 3312 τοξόταις,
2858 3243 2935 3314 μὴ
2983 3242 3123 3296 κατά
3152 3243 3336 3314 τριχὸς
3383 3243 3589 3298 ἐθέλειν
3620 3244 3825 3310 τοξάζε-

567 3330 812 3387 funditus
833 3333 1010 3388 eversi
1029 3342 1181 3390 sunt.
1208 3335 1288 3388 Ac
1310 3334 1443 3388 mihi
1467 3334 1676 3390 videtur
1709 3334 2006 3390 humanum
2027 3351 2148 3393 esse

2249 3341 2397 3406 σθαι,
2431 3338 2532 3408 τὴν
2576 3336 2633 3390 δὲ
2683 3334 2852 3406 θύραν
2899 3333 2974 3405 μὴ
3022 3332 3238 3403 βλέπειν
3291 3335 3388 3404 τῆς
3423 3335 3678 3402 πίστεως,
3703 3335 3826 3390 ἀλλὰ

561 3420 876 3491 junioribus
904 3423 1207 3495 sagittariis
1230 3425 1484 3501 suadere,
1521 3441 1590 3480 ne
1615 3435 1804 3481 contra
1851 3428 2019 3498 pilum
2051 3444 2147 3485 ve-

2252 3431 2526 3502 παρέντας
2575 3427 2675 3498 τὴν
2727 3425 2855 3498 περὶ
2904 3425 2966 3478 τὸ
3011 3423 3251 3496 ἄληπτον
3307 3427 3712 3496 ματαιοπονίαν,
3756 3426 3821 3495 μὴ

568 3513 667 3566 lint
683 3513 943 3584 sagittam
981 3528 1113 3570 arcu
1151 3515 1460 3581 immittere,
1491 3517 1693 3572 ostium
1729 3532 1857 3574 vero
1882 3519 2009 3575 ﬁdei
2037 3536 2147 3576 non

2256 3519 2581 3594 ζημιοῦσθαι
2619 3518 2681 3572 τὺ
2729 3517 3017 3590 πρόχειρον
3061 3515 3273 3588 κέρδος,
3298 3517 3360 3571 τὸ
3407 3517 3496 3572 διὰ
3538 3518 3702 3590 μόνης
3734 3517 3824 3585 τῆς

566 3602 772 3670 videre,
810 3604 906 3660 sed
953 3613 1013 3660 ut
1043 3606 1231 3662 relicto
1259 3621 1398 3662 vano
1449 3607 1544 3662 illo
1575 3608 1781 3673 labore,
1807 3625 1968 3680 quem
2004 3612 2059 3667 in
2086 3629 2148 3670 eo

2259 3615 2494 3676 πίστεως
2528 3609 2939 3683 εὑρισκόμενον.

566 3694 715 3765 quod
751 3711 860 3750 non
895 3706 1072 3766 potest
1092 3697 1478 3769 comprehendi
1503 3698 1808 3767 insumunt,
1847 3701 1993 3760 illius
2019 3706 2158 3762 lucri
2199 3707 2346 3781 quod
2375 3707 2430 3761 in
2459 3710 2712 3777 promptu
2739 3702 2919 3774 parari
2937 3709 3135 3774 potest,
3147 3711 3417 3772 jacturam
3463 3716 3572 3757 non
3615 3701 3813 3760 faciant.

565 3783 711 3854 quod
742 3798 839 3854 per
875 3785 1045 3840 solam
1084 3784 1244 3841 ﬁdem
1279 3787 1575 3846 invenitur.

642 3876 750 3932 Sed
779 3877 983 3948 reliqua
1005 3879 1185 3935 inanis
1214 3880 1360 3936 illius
1384 3883 1571 3953 scripti
1593 3885 1972 3952 considerans,
1997 3887 2146 3958 piget

569 3985 656 4024 me
693 3984 1000 4025 sermonem
1028 3971 1263 4029 ulterius
1297 3976 1618 4044 provehere,
1652 3979 1880 4034 horrore
1910 3980 2146 4050 quodam

565 4075 634 4115 ex
667 4060 750 4115 his
778 4075 900 4131 quae
947 4062 1208 4118 dicuntur
1250 4080 1347 4120 cor
1375 4080 1558 4122 meum
1601 4077 1991 4138 percurrente;
2035 4071 2148 4126 vult

566 4150 712 4206 enim
747 4150 890 4205 aliud
924 4151 1182 4222 quiddam
1237 4155 1524 4212 ostendere
1566 4165 1764 4228 praeter
1797 4159 1965 4214 vitam
1991 4168 2149 4215 aeter-

566 4256 692 4296 nam
722 4257 842 4298 esse
883 4239 1100 4310 Filium,
1142 4261 1263 4315 qua:
1322 4247 1543 4317 quidem
1602 4249 1708 4304 nisi
1745 4249 1802 4305 in
1856 4251 2148 4322 Unigenito

567 4339 860 4400 spectetur,
899 4347 1035 4388 vana
1063 4334 1196 4391 ﬁdes
1245 4336 1730 4407 demonstrabitur,
1757 4340 1938 4398 inanis
1957 4343 2150 4412 praedi-

2327 3884 2491 3939 Ἀλλά
2538 3881 2608 3936 τά
2653 3881 2947 3951 λειπόμενα
2989 3883 3088 3952 τῆς
3128 3879 3491 3952 λογογραφίας
3541 3882 3817 3952 emo-253m.

2244 3993 2432 4051 μενος,
2467 3973 2612 4030 ὀκνῶ
2642 3973 2977 4044 προαγαγεῖν
3019 3973 3326 4044 περαιτέρω
3372 3972 3464 4026 τὸν
3496 3971 3670 4042 λόγον,
3705 3972 3815 4044 φρί-

2245 4085 2347 4138 κης
2392 4066 2536 4129 τινὸς
2587 4065 2650 4117 ὲκ
2695 4061 2805 4115 τῶν
2847 4061 3154 4134 λεγομένων
3195 4063 3296 4134 τὴν
3343 4064 3570 4135 καρδίαν
3607 4064 3816 4135 om.

2249 4161 2473 4233 μούσης.
2505 4158 2759 4212 Βούλεται
2798 4155 2907 4227 γὰρ
2939 4155 3066 4209 ἄλλο
3101 4174 3154 4209 τι
3183 4156 3353 4222 δεῖξαι
3398 4157 3551 4227 παρά
3587 4158 3681 4229 τὴν
3703 4158 3816 4208 αἰω-

2253 4251 2371 4307 νίαν
2396 4249 2540 4321 ζωὴν
2571 4249 2661 4303 τὸν
2689 4248 2818 4301 Υίὸν
2845 4247 2996 4312 ὄντα,
3034 4248 3154 4317 ἥτις
3176 4249 3224 4300 εἰ
3261 4247 3335 4318 μὴ
3384 4247 3442 4301 ὲν
3488 4248 3568 4318 τῷ
3601 4249 3817 4314 Movere-

2255 4345 2335 4398 νεῖ
2365 4341 2639 4413 θεωροῖτο,
2671 4339 2875 4411 ματαία
2933 4340 3030 4410 μὲν
3071 4342 3104 4410 ὴ
3155 4339 3335 4404 πίστις
3367 4339 3812 4411 ἀποδειχθήσεται.

566 4421 734 4485 catio,
777 4423 1112 4492 superﬂuum
1161 4425 1456 4496 baptisma,
1492 4438 1793 4501 martyrum
1841 4430 2051 4488 labores
2097 4438 2148 4487 et

2255 4433 2410 4488 κενὸν
2463 4433 2518 4486 δὲ
2568 4431 2628 4486 τὺ
2676 4433 2958 4503 κήρυγμα,
3009 4430 3262 4504 περιττὸν
3309 4431 3368 4485 δὲ
3417 4431 3709 4502 βάπτισμα,
3745 4430 3813 4490 εἰς

565 4513 842 4569 cruciatus
877 4515 1154 4570 incassum
1199 4519 1443 4588 suscepti
1493 4526 1546 4574 et
1575 4520 1812 4586 tolerati,
1846 4521 2068 4577 inutiles
2095 4529 2152 4578 et

569 4601 895 4660 infructuosi
952 4605 1234 4662 hominum
1295 4609 1420 4665 vitae.
1473 4612 1844 4680 apostolorum
1895 4612 2146 4670 sudores.

565 4691 677 4747 Cur
704 4695 849 4749 enim
880 4694 1158 4753 Christum
1214 4700 1636 4770 annuntiarunt,
1677 4702 1736 4758 in
1787 4718 1896 4773 quo
1930 4711 2148 4760 aeternae

565 4785 711 4848 vitae,
741 4791 801 4838 ut
824 4794 1014 4842 censet
1054 4787 1378 4856 Eunomius,
1411 4805 1522 4847 non
1547 4800 1634 4852 est
1659 4796 1940 4864 potestas?
1975 4795 2146 4863 Quor-

566 4890 690 4931 sum
713 4891 809 4932 eos
837 4879 931 4948 qui
973 4880 1345 4947 crediderunt,
1377 4883 1582 4939 Christi
1609 4886 1826 4942 nomine
1847 4889 2141 4959 appellant,

565 4967 613 5025 si
640 4985 748 5024 non
779 4985 874 5040 per
909 4971 1057 5027 hunc
1079 4973 1245 5027 vitam
1296 4983 1554 5031 aeternam
1591 4979 1943 5034 consecuturi
1979 4981 2146 5036 sunt?

571 5057 721 5114 Mens
755 5061 915 5124 enim,
960 5061 1056 5126 ait,
1085 5078 1266 5116 eorum
1291 5065 1382 5134 qui
1409 5065 1465 5120 in
1495 5065 1779 5121 Dominum
1813 5069 2145 5124 crediderunt

566 5165 724 5218 super
760 5168 962 5206 omnem
1016 5153 1314 5209 sensibilem
1358 5163 1407 5209 et
1446 5157 1828 5228 intelligibitem
1853 5162 2147 5216 essentiam

567 5255 686 5293 cum
712 5258 825 5297 sese
849 5244 1226 5315 extulitmeque
1251 5247 1306 5300 in
1340 5245 1474 5302 Filii
1505 5252 1836 5319 generatione
1861 5251 2150 5307 subsistere

567 5342 734 5388 potest
765 5349 787 5390 :
824 5335 970 5390 ultra
997 5337 1133 5394 hanc
1162 5340 1317 5410 gestit
1347 5341 1443 5410 ire,
1483 5341 1602 5397 vitae
1630 5351 1842 5400 aeternae
1881 5343 2143 5400 desiderio

571 5423 740 5492 primo
792 5444 1064 5486 occurrere
1136 5433 1297 5502 potiri
1355 5434 1588 5504 cupiens.
1636 5433 1777 5502 Quid
1851 5435 2024 5508 magis
2085 5437 2141 5494 in

571 5511 658 5571 his
685 5515 844 5574 dictis
872 5519 1182 5592 deplorant?
1233 5538 1300 5580 an
1341 5525 1487 5599 quod
1535 5525 1592 5584 in
1623 5525 1762 5594 Filio
1785 5527 1952 5584 vitam
1985 5535 2144 5585 aeter-

642 5687 866 5753 ‘Judic.
906 5709 998 5764 ut,
1043 5695 1130 5753 16.

2253 4522 2404 4577 οὐδὲν
2441 4522 2498 4576 δὲ
2543 4521 2652 4575 τῶν
2698 4520 2990 4593 μαρτύρων
3041 4523 3090 4574 οἱ
3128 4521 3300 4585 πόνοι,
3342 4521 3601 4592 ἄχρηστοι
3634 4520 3688 4572 δὲ
3735 4517 3817 4571 καὶ

2251 4614 2498 4684 ἀνόνητοι
2543 4614 2610 4683 τῇ
2655 4612 2766 4684 ζωῇ
2813 4611 2922 4665 τῶν
2959 4610 3259 4683 ἀνθρώπων
3291 4613 3341 4665 οἱ
3369 4611 3481 4665 τῶν
3528 4610 3816 4666 ἀποστόλων

2249 4702 2493 4775 ἱδρῶτες.
2523 4703 2590 4756 Τί
2616 4703 2724 4773 γὰρ
2752 4701 3116 4774 κατήγγειλαν
3143 4703 3235 4756 τὸν
3259 4703 3518 4774 Χριστὸν,
3557 4705 3615 4758 ὲν
3649 4696 3691 4770 ᾧ
3726 4699 3814 4772 τῆς

2244 4795 2467 4860 αἰωνίας
2499 4795 2645 4867 ζωῆς
2676 4797 2796 4849 κατ’
2843 4795 3108 4866 Εὐνόμιον
3151 4796 3252 4848 οὐκ
3296 4794 3442 4849 ἐστιν
3491 4797 3525 4867 ἠ
3566 4797 3814 4866 δύναμιςς

2243 4887 2338 4952 Εἰς
2374 4887 2514 4941 τίδὲ
2558 4885 2637 4958 τῷ
2663 4886 2884 4958 ὀνόματι
2935 4885 3173 4957 Χριστοῦ
3221 4887 3347 4952 τοὺς
3408 4885 3818 4946 πεπιστευκότας

2242 4977 2720 5047 κατονομάζουσιν,
2763 4977 2812 5030 εἰ
2853 4975 2928 5048 μὴ
2956 4975 3046 5030 διὰ
3091 4975 3281 5032 τούτου
3319 4978 3417 5049 τῆς
3457 4979 3678 5042 αἰωνίας
3703 4976 3820 5047 μὲλ-

2243 5068 2384 5124 λοιεν
2424 5068 2671 5139 μετέχειν
2712 5069 2894 5140 ζωῆς;
2939 5068 2992 5121 '0
3032 5067 3140 5139 γὰρ
3169 5067 3336 5136 νοῦς,
3385 5071 3538 5140 φησι,
3581 5069 3694 5123 τῶν
3734 5069 3814 5130 είς

2244 5160 2351 5214 τὸν
2387 5161 2602 5229 Κύριον
2635 5162 3134 5226 πεπιστευκότων,
3168 5159 3377 5215 πᾶσαν
3407 5160 3698 5230 αἰσθητὴν
3720 5157 3809 5211 και

2245 5251 2475 5320 νοητὴν
2519 5251 2738 5306 οὐσίαν
2793 5251 3177 5320 ὑπερκύψας,
3222 5252 3365 5306 οὐδὲ
3400 5252 3502 5306 ἐπὶ
3551 5250 3657 5320 τῆς
3721 5246 3816 5303 τοῦ

2257 5343 2396 5398 Υιοῦ
2424 5342 2766 5414 γεννήσεως
2797 5344 3084 5399 ἵστασθαι
3121 5343 3423 5414 πέφυκεν·
3462 5345 3733 5398 ἐπέκεινα
3758 5338 3821 5392 δὲ

2247 5435 2468 5503 ταύτης
2512 5420 2659 5490 ἵεται
2712 5437 2876 5500 πόθῳ
2914 5434 3024 5506 τῆς
3072 5437 3315 5492 αἰωνίου
3362 5435 3512 5504 ᾱυῆς
3557 5429 3820 5501 ἐντυχεῖν

2249 5525 2332 5594 τῷ
2371 5525 2578 5597 πρώτῳ
2619 5527 2992 5600 γλιχόμενος.
3050 5527 3117 5583 Τί
3157 5527 3266 5583 τῶν
3315 5526 3612 5600 εἰρημένων
3662 5522 3819 5579 πλέον
