4002 6218
161 215 270 270 833

1298 212 1583 274 CONTRA
1621 211 2010 279 EUNOMIUM,
2052 212 2177 269 LIB.
2220 214 2286 269 Χ.

3310 224 3414 280 855

157 330 465 402 ὀδύρωμαι,
496 326 567 384 τὸ
591 331 665 404 μὴ
702 325 840 386 εἶναι
877 323 980 404 τὴν
1004 330 1225 389 ⁴αἰωνίαν
1256 332 1400 404 ζωὴν
1426 333 1486 387 ἐν
1521 332 1600 405 τῷ
1635 331 1750 403 Υἰῷ

1856 348 1976 388 nam
1999 349 2106 389 non
2137 349 2260 390 esse
2289 333 2470 389 miseri
2501 343 2747 403 censent,
2766 352 2833 393 an
2859 339 3000 410 quod
3027 339 3108 396 sic
3159 341 3412 402 humilem

157 426 284 488 τοὺς
315 422 585 488 δειλαίους
631 425 890 496 νομίζειν,
941 424 973 496 ἢ
1028 425 1090 478 τὸ
1143 423 1426 496 χθαμαλὴν
1473 425 1615 478 οὕτω
1653 428 1748 481 καὶ

155 516 450 586 πρόσγειον
490 514 708 584 βλέπειν
737 514 851 584 ,τὴν
899 513 996 567 τοῦ
1049 514 1383 584 Μονογενοῦς
1432 516 1746 582 ὑπόστασιν,

157 607 298 660 ὥστε
350 607 452 676 τῆς
515 607 688 677 ἀρχῆς
741 605 905 660 αὐτοῦ
954 609 1066 670 τοῖς
1120 606 1397 679 λογισμοῖς
1433 609 1746 676 ἐπιϐάντας,

157 694 533 765 ὑπερκύπτειν
572 696 684 750 ἄνω
709 697 808 763 τῆς
831 695 926 748 τοῦ
960 696 1091 750 Υίοῦ
1126 695 1271 769 ζωῆς
1299 701 1365 770 τῇ
1406 699 1612 753 ἑαυτῶν
1640 699 1750 754 δια-

159 789 279 859 νοίᾳ
305 787 696 858 φαντάζεσθαι,
748 789 840 841 καὶ
884 789 1281 854 καταλιπόντας
1310 790 1461 844 κάτω
1513 807 1618 844 που
1651 789 1747 844 τοῦ

161 879 374 948 Κυρίου
406 878 507 948 τὴν
533 877 806 949 γέννησιν,
842 879 1099 935 ἐπέκεινα
1153 879 1356 952 ταύτης
1402 880 1576 934 ἵεσθαι
1599 881 1749 952 πόθῳ

160 972 260 1041 τῆς
290 969 512 1022 αἰωνίου
544 968 713 1040 ζωῆςς
735 968 950 1040 Ταύτην
977 971 1088 1042 γὰρ
1123 971 1192 1024 τά
1212 971 1478 1042 εἰρημένα
1504 971 1602 1042 τὴν
1628 972 1744 1026 διά-

161 1075 312 1112 νοιαν
348 1059 484 1128 ἔχει,
517 1059 598 1112 ὅτι
646 1059 675 1111 6
744 1058 1082 1130 ἀνθρώπινος
1129 1060 1252 1125 νοῦς
1302 1060 1400 1133 τὴν
1441 1061 1548 1115 τῶν
1582 1061 1748 1116 ὄντων

162 1150 367 1218 γνῶσιν
393 1147 828 1220 διερευνώμενος,
859 1149 953 1204 καὶ
981 1150 1081 1222 τῆς
1117 1151 1378 1223 αἰσθητῆς
1415 1169 1474 1206 τε
1506 1154 1595 1206 καὶ
1625 1171 1747 1224 νοη-

159 1243 266 1312 τῆς
321 1245 553 1308 κτίσεως
609 1245 798 1299 ἑαυτὸν
845 1243 1080 1315 ύπάρας,
1139 1245 1262 1298 καθ’
1297 1245 1588 1316 ὁμοιότητα
1638 1245 1746 1299 τῶν

161 1335 389 1401 λοιπῶν,
422 1334 727 1408 κατώτερον
760 1333 938 1404 ἐαυτῷ
982 1334 1072 1388 τὸν
1115 1332 1174 1388 ἐν
1211 1335 1350 1407 ἀρχῇ
1403 1336 1530 1390 ὄντα
1575 1337 1746 1405 Λόγον

163 1429 296 1482 Θεὸν
329 1428 641 1497 καταλείψει
663 1445 676 1458 ο
710 1427 804 1480 καὶ
842 1428 898 1479 ἐν
927 1419 972 1494 ᾧ
995 1426 1096 1479 οὐκ
1129 1421 1197 1498 ἦν
1231 1429 1260 1480 6
1289 1427 1420 1492 Θεὸς
1465 1429 1654 1498 Λόγος,
1687 1431 1744 1482 ἐν

164 1521 362 1589 ἐκείνῳ
397 1519 559 1582 αὐτὸς
586 1519 792 1587 γίνεται
825 1517 910 1572 διὰ
942 1519 1042 1590 τῆς
1084 1521 1611 1592 πολυπραγμοσύνης
1649 1521 1742 1575 τοῦ

163 1613 254 1665 νοῦ
279 1615 392 1675 τοῖς
413 1611 826 1681 ὖπερκειμένοις
844 1611 938 1683 τῆς
971 1611 1062 1665 τοῦ
1087 1612 1218 1666 Υἱοῦ
1241 1613 1382 1682 ζωῆς
1405 1612 1739 1684 ἐμϐατεύων,

1849 435 1904 478 et
1931 424 2279 494 abjectam,et
2307 435 2616 482 terrestrem
2650 431 2944 500 respiciant
2977 429 3253 503 Unigeniti
3279 438 3414 492 suh—

1851 515 2174 582 sistentiam,
2206 517 2280 571 ita
2309 525 2371 571 ut
2415 518 2742 588 principium
2791 521 2961 592 ipsius
3012 525 3210 580 mentis
3241 525 3417 597 agita-

1850 607 2094 664 tionibus
2117 610 2480 681 supergressi,
2504 626 2626 666 sese
2648 613 2904 669 extollere
2929 629 3090 684 supra
3109 615 3232 670 Filii
3251 617 3416 672 vitam

1849 714 1948 755 sua
1980 701 2222 770 ipsorum
2251 701 2580 772 cogitatione
2607 701 2811 774 ﬁngant
2841 712 2894 758 et
2923 706 3214 770 somnient,
3245 714 3298 761 et
3333 723 3418 762 re-

1851 789 1980 845 licta
2029 789 2218 846 nescio
2278 806 2389 861 quo
2450 791 2704 848 deorsum
2779 791 2990 848 Domini
3049 798 3414 864 generatione,

1849 895 2016 950 supra
2065 881 2206 936 hanc
2261 881 2443 937 eﬂ‘erri
2507 883 2778 938 desiderio
2815 885 2942 939 vitae
3000 886 3253 940 teter-nae?
3290 889 3418 956 Quiae

1847 971 1993 1026 enim
2026 973 2096 1027 ab
2147 988 2212 1028 eo
2268 973 2413 1028 dicta
2467 985 2595 1031 sunt
2628 976 2768 1030 hanc
2816 977 3017 1032 habent
3070 980 3416 1046 sententiam,

1849 1058 1995 1129 quod
2032 1064 2268 1118 humana
2301 1081 2454 1122 mens
2501 1082 2689 1122 eorum
2718 1083 2839 1138 quae
2882 1076 3010 1124 sunt
3055 1071 3418 1141 cognitionem

1849 1163 2224 1224 perscrutans,
2257 1164 2311 1211 et
2338 1172 2502 1227 supra
2561 1159 2880 1214 sensibilem
2921 1167 2974 1216 et
3025 1161 3416 1234 intelligibilem

1847 1253 2151 1300 creaturam
2179 1261 2301 1302 sese
2325 1262 2445 1302 cum
2482 1249 2694 1315 extulit,
2728 1250 2898 1304 instar
2943 1252 3296 1322 reliquorum,
3328 1253 3417 1307 in-

1845 1332 2095 1390 feriorem
2126 1336 2302 1406 seipso
2327 1353 2450 1392 eum
2495 1339 2591 1408 qui
2631 1341 2684 1393 in
2716 1341 2984 1412 principio
3011 1350 3128 1397 erat
3157 1341 3415 1408 Verbum,

1847 1423 2013 1480 Deum
2053 1427 2321 1496 relinquet
2359 1446 2372 1482 :
2415 1429 2544 1482 etin
2567 1445 2674 1499 quo
2709 1447 2814 1486 non
2850 1439 2966 1486 erat
2989 1432 3130 1488 Deus
3160 1433 3414 1496 Verbum,

1845 1516 1900 1570 in
1934 1517 2027 1571 illo
2058 1518 2173 1588 ipse
2204 1518 2434 1574 eliicitur
2463 1536 2561 1590 per
2589 1523 2963 1578 curiositatem
2997 1524 3216 1587 mentis,
3248 1524 3301 1578 in
3333 1524 3418 1578 his

1845 1621 1965 1676 quae
1992 1605 2113 1662 Filii
2151 1610 2318 1664 vitam
2352 1613 2757 1681 superemineut
2793 1613 3071 1678 incedens,
3117 1615 3226 1669 illic
3263 1623 3422 1669 aeter-

161 1707 280 1759 ἐκεῖ
322 1704 422 1774 τὴν
476 1700 687 1756 αἰώνιον
730 1702 871 1774 ζωὴν
913 1703 1300 1776 ἐρευνώμενος,
1333 1704 1464 1758 ὅπου
1513 1707 1540 1758 6
1591 1721 1748 1774 μονο-

1856 1711 1977 1752 nam
2010 1698 2171 1754 vitam
2202 1709 2479 1768 serutans,
2519 1703 2610 1758 ubi
2658 1705 2969 1774 unigenitus
3001 1705 3138 1760 Deus
3168 1720 3276 1760 non
3314 1712 3420 1760 est.

162 1795 326 1866 τενὴς
356 1795 490 1856 Θεὸς
521 1793 619 1846 οὐκ
653 1792 817 1846 ἔστιν.
849 1794 1006 1865 Πόθῳ
1043 1794 1150 1866 γὰρ
1184 1798 1283 1865 τῆς
1321 1795 1562 1859 αἰωνίας,
1595 1797 1747 1867 φησὶ,

164 1887 308 1956 ζωῆς
347 1886 428 1948 εἰς
453 1884 522 1938 τὰ
547 1883 799 1938 ἐπέκεινα
833 1884 926 1938 τοῦ
956 1885 1084 1938 Υἰοῦ
1108 1885 1187 1956 τῷ
1217 1885 1293 1956 νῷ
1321 1884 1562 1957 φέρεται,
1585 1885 1661 1949 ὡς
1693 1887 1748 1939 ἐν

163 1978 240 2048 τῷ
266 1975 385 2046 Υίῷ
410 1976 628 2040 πάντως
661 1976 734 2048 μὴ
772 1975 946 2046 εὑρὼν
974 1977 1035 2030 τὺ
1067 1975 1229 2048 ζητού
1238 1993 1414 2047 μενον.
1448 1979 1508 2030 Εἰ
1537 1973 1630 2031 οὖν
1649 1975 1750 2032 οὔκ

164 2068 312 2121 ἔστιν
338 2071 398 2121 ἐν
429 2067 506 2138 τῷ
539 2067 653 2138 Υἰῷ
694 2069 726 2139 ἡ
774 2068 990 2132 αἰώνιος
1019 2067 1153 2139 ζωὴ,
1188 2069 1296 2138 ἄρα
1330 2069 1523 2140 ψευδὴς
1542 2068 1750 2126 ἁλῶται

161 2158 406 2223 όείπὼν,
445 2159 525 2212 ὅτι
569 2158 716 2228 Ἐγώ
751 2161 867 2228 ειμι
918 2161 956 2228 ή
1006 2157 1147 2229 ζωή·
1194 2160 1227 2231 ἢ
1279 2158 1392 2232 ζωὴ
1441 2160 1538 2231 μὲν
1582 2159 1746 2230 ἔστιν,

161 2251 263 2304 οὐκ
313 2248 532 2314 αἰώνιος
582 2250 658 2304 δέ.
700 2250 860 2304 ’Λλλά
912 2251 975 2304 τὸ
1030 2250 1106 2322 μὴ
1151 2251 1386 2313 αἰώνιον,
1420 2251 1750 2324 πρόσκαιρον

164 2342 406 2404 πάντως.
441 2339 513 2396 Τὸ
550 2342 607 2396 δέ
643 2342 852 2396 τοιοῦτο
897 2343 995 2413 τῆς
1040 2342 1183 2414 ζωῆς
1234 2340 1369 2407 εἶδος
1436 2344 1610 2398 κοινὸν
1653 2344 1749 2397 καί⁸

163 2429 274 2482 τῶν
305 2429 517 2496 ἀλόγων
548 2431 716 2485 ἐστίν.
750 2430 858 2485 Ποῦ
884 2431 1059 2486 τοίνυν
1090 2431 1152 2484 τὸ
1199 2432 1480 2503 μεγαλεῖον
1514 2433 1614 2504 τῆς
1660 2432 1749 2486 όν-

163 2538 274 2584 τως
313 2519 482 2593 ζωῆς,
518 2523 565 2575 εί
599 2525 811 2592 μετέχοι
844 2521 1047 2592 ταύτης
1102 2525 1199 2578 καί⁸
1242 2525 1275 2595 ή
1323 2523 1514 2593 ἄλογος
1556 2524 1748 2593 φύσις;

165 2613 293 2677 Πῶς
328 2613 382 2666 ἃ
419 2614 612 2667 ταύτὸν
653 2614 801 2668 ἔσται
831 2618 896 2687 τῇ
938 2614 1048 2686 ζωῇ
1090 2617 1118 2669 6
1161 2616 1336 2685 λόγος,
1375 2617 1424 2669 εἰ
1461 2619 1526 2688 τῇ
1574 2617 1752 2686 ἀλόγῳ

165 2702 333 2772 φύσει
359 2703 448 2756 διὰ
479 2703 578 2774 τῆς
612 2705 941 2776 προσκαίρου
966 2705 1110 2777 ζωῆς
1145 2706 1520 2773 εἰσοικίζοιτος
1558 2709 1618 2761 Εἰ
1644 2709 1752 2781 γὰρ

162 2795 313 2849 κατά
338 2795 430 2849 τὸν
457 2796 687 2867 μεγάλον
729 2797 1002 2868 Ἰωάννην,
1035 2797 1146 2870 ζωὴ
1195 2799 1293 2870 μέν
1325 2798 1470 2853 ἐστιν
1494 2801 1523 2853 6
1560 2800 1750 2870 Λόγος,

165 2885 509 2957 πρόσκαιρος
536 2886 592 2940 δὲ
621 2886 757 2957 αὕτη
783 2888 876 2942 καὶ
900 2888 1000 2942 οὐκ
1036 2888 1268 2954 αἰώνιος,
1297 2890 1478 2955 καθὼς
1503 2893 1569 2962 τῇ
1602 2892 1753 2962 αἰρέ-

164 2994 253 3030 σει
302 2976 478 3031 δοκεῖ⁸
510 2978 718 3044 γίνεται
743 2979 798 3034 δὲ
837 2980 931 3057 καὶ
972 2982 1030 3035 ἐν
1071 2983 1184 3047 τοῖς
1214 2981 1393 3046 ἄλλοις
1425 2985 1458 3056 ἡ
1488 2983 1751 3055 πρόσκαι-

1852 1788 2131 1846 Desiderio
2184 1792 2351 1856 enim,
2401 1795 2496 1858 ait,
2555 1795 2680 1848 vitae
2717 1806 2931 1852 aeterna:
2983 1811 3144 1866 supra
3178 1806 3228 1852 et
3278 1797 3420 1851 ultra

1852 1877 2047 1934 Filium
2082 1890 2263 1938 mente
2295 1881 2487 1948 fertur,
2523 1893 2584 1938 ut
2619 1886 2708 1954 qui
2747 1886 2800 1939 in
2833 1884 2968 1940 Filio
2999 1901 3223 1956 prorsus
3275 1885 3418 1956 quod

1852 1973 2128 2041 quteritur,
2156 1989 2266 2028 non
2310 1975 2599 2030 invenerit.
2646 1976 2702 2030 Si
2729 1977 2893 2047 igitur
2927 1991 3032 2031 non
3076 1986 3161 2032 est
3201 1977 3255 2032 in
3284 1976 3420 2032 Filio

1851 2063 1960 2115 vita
1986 2070 2211 2127 :eterna,
2261 2065 2489 2120 mendax
2530 2066 2950 2137 deprehenditur
3001 2069 3092 2124 ille
3133 2070 3223 2139 qui
3259 2069 3416 2132 dixit,

1854 2151 1964 2222 Ego
2032 2171 2146 2208 sum
2207 2157 2312 2210 vita
2344 2159 2399 2224 ⁷;
2472 2159 2554 2212 vel
2612 2159 2722 2212 vita
2775 2159 2990 2229 quidem
3043 2169 3148 2225 est,
3182 2161 3274 2217 sed
3310 2177 3417 2216 non

1852 2254 2070 2300 acterna.
2099 2247 2168 2299 At
2193 2248 2337 2317 quod
2373 2263 2480 2302 non
2529 2257 2790 2304 aeternum
2820 2252 3138 2320 est,_proeul
3161 2251 3326 2306 dubio
3351 2253 3418 2306 ad

1851 2344 2067 2406 tempus
2105 2344 2189 2393 est
2245 2346 2298 2394 et
2359 2349 2820 2398 momentaneum.
2856 2341 3005 2398 Talis
3054 2351 3234 2398 autem
3297 2345 3422 2398 vitae

1852 2428 2064 2498 species
2085 2430 2390 2485 communis
2411 2440 2492 2486 est
2514 2431 2834 2488 belluarum.
2858 2431 3089 2488 Ubinam
3121 2435 3285 2505 igitur
3298 2437 3422 2491 vitae

1851 2533 1993 2573 verae
2056 2522 2432 2590 praerogativa,
2479 2522 2540 2577 si
2572 2523 2691 2591 ejus
2739 2525 3014 2594 particeps
3067 2532 3150 2581 est
3193 2527 3422 2582 rationis

1852 2618 2048 2675 expers
2071 2607 2288 2660 natura?
2313 2609 2584 2678 quomodo
2609 2608 2842 2665 Verbum
2863 2612 3001 2668 idem
3025 2614 3260 2670 eritcum
3277 2616 3383 2670 vita
3402 2635 3420 2672 :

1854 2695 1902 2751 si
1929 2710 2053 2750 cum
2084 2697 2310 2770 rationis
2339 2709 2555 2769 experte
2608 2711 2823 2768 natura,
2859 2718 2955 2774 per
2985 2704 3150 2759 vitam
3189 2721 3310 2776 qute
3337 2717 3422 2762 est

1855 2787 1920 2842 ad
1971 2784 2189 2858 tetnpus
2237 2790 2292 2843 in
2343 2789 2587 2846 eamdem
2613 2790 2832 2847 domum
2888 2795 3308 2852 introducatur?
3362 2796 3420 2853 Si

1853 2877 2020 2942 enim,
2055 2890 2114 2933 ut
2151 2878 2229 2933 ait
2262 2894 2490 2950 magnus
2517 2881 2756 2940 Joannes
2786 2885 2809 2917 ⁸
2839 2922 2856 2949 ,
2891 2885 3002 2939 vita
3059 2887 3274 2954 quidem
3339 2898 3425 2943 est

1857 2966 2114 3034 Verbum,
2165 2972 2480 3040 temporalis
2506 2984 2685 3028 autem
2719 2975 2833 3028 haec
2882 2989 2982 3030 nec
3013 2984 3234 3042 aeterna,
3281 2979 3424 3033 sicut

165 3085 284 3138 ρος,
317 3068 374 3121 τί
412 3031 553 3123 κατά
583 3069 645 3122 τὸ
668 3031 990 3126 Ῠάκόλόυθονῗ

1859 3059 2051 3115 haeresi
2079 3059 2295 3116 videtur
2331 3061 2614 3132 :gignitur
2653 3070 2832 3118 autem
2880 3065 3041 3120 etiam
3067 3066 3121 3120 in
3163 3067 3284 3122 aliis
3313 3070 3424 3122 vita

161 3152 312 3210 εἶναι
355 3157 426 3210 τὰ
471 3158 719 3229 ἀλογα,ἢ
767 3159 959 3229 ἄλογον
1007 3160 1382 3232 ὁμολογεῖσθαι
1430 3162 1518 3216 τὸν
1565 3163 1755 3232 Λόγον.

163 3246 320 3321 1’Λρα
350 3250 430 3303 ἐτι
459 3249 632 3320 λόγων
661 3250 797 3322 πρὸς
825 3250 1042 3322 ἔλεγχον
1081 3251 1181 3322 τῆς
1226 3251 1508 3320 ἐξαγίστου
1540 3252 1634 3305 καὶ
1664 3269 1758 3305 πο-

163 3341 346 3410 νηρᾶς
377 3340 560 3393 αὐτῶν
598 3341 942 3412 βλασφημίας
967 3339 1234 3410 δεόμεθα;
1267 3341 1359 3412 Μὴ
1385 3341 1491 3412 γὰρ
1533 3340 1758 3394 τοιαῦτα

164 3432 463 3502 λεγόμενα,
508 3431 584 3496 ὡς
615 3432 1000 3504 κεκρυμμένην
1024 3430 1166 3501 ἔχειν
1196 3431 1296 3502 τὴν
1329 3430 1636 3501 συμϐουλὴν
1659 3430 1758 3502 τῆς

163 3523 262 3577 τοῦ
291 3522 502 3596 Κυρίου
536 3523 852 3596 ἀρνήσεως;
890 3523 952 3576 Εἰ
991 3521 1101 3594 γὰρ
1131 3522 1377 3594 φανερῶς
1409 3521 1506 3592 μὲν
1534 3523 1562 3575 6
1596 3521 1756 3575 ’Λπό-

169 3616 357 3679 στολος
384 3615 564 3683 λέγει·
585 3618 664 3674 Τὸ
691 3614 764 3687 μὴ
797 3615 1011 3669 αἰώνιον
1051 3613 1379 3685 πρόσκαιρον
1401 3630 1414 3643 ·
1445 3605 1589 3666 οὗτοι
1614 3612 1670 3665 δέ
1698 3614 1756 3666 ἐν

171 3708 310 3777 μόνῃ
339 3710 408 3777 τῇ
435 3707 590 3778 οὐσίᾳ
620 3705 710 3760 τοῦ
740 3705 953 3777 Πατρὺς
999 3705 1098 3776 τὴν
1141 3703 1356 3758 αἰώνιον
1382 3703 1550 3775 ὁρῶσι
1590 3702 1753 3774 ζωὴν,

165 3797 258 3850 τὸν
285 3796 346 3848 δὲ
387 3795 516 3850 Υἱὸν
555 3795 655 3866 τῆς
701 3794 796 3849 τοῦ
839 3795 1050 3867 Πατρός
1083 3794 1295 3863 φύσεως
1326 3793 1754 3866 ἀλλοτριοῦντες,

167 3886 639 3957 ωναποτὲμνουσι
680 3885 774 3940 καὶ
818 3887 917 3956 τῆς
967 3885 1185 3940 αἰωνίου
1213 3885 1388 3956 ζωῆςο
1423 3884 1478 3937 τί
1512 3883 1636 3938 ἄλλο
1665 3885 1757 3937 καὶ

164 3981 290 4050 οὐχὶ
319 3979 551 4051 ἄρνησίς
582 3979 696 4032 ἐστι
735 3976 1038 4049 περιφανὴς
1105 3977 1200 4031 καὶ
1245 3975 1501 4046 ἀθέτησις
1529 3975 1630 4045 τῆς
1678 3976 1757 4039 εἰς

165 4075 260 4126 τὸν
294 4072 504 4143 Κύριον
539 4071 772 4135 πίστεως
797 4103 812 4130 ,
863 4070 1048 4138 σιφῶς
1087 4068 1181 4124 τοῦ
1216 4067 1538 4127 ’Λποστόλου
1577 4067 1759 4136 λέγον-

165 4182 281 4228 τος,
311 4164 443 4226 τοὺς
468 4162 526 4216 ἐν
553 4163 617 4233 τῇ
645 4161 756 4231 ζωῇ
788 4163 960 4232 ταύτῃ
1010 4159 1167 4231 μόνον
1195 4161 1252 4212 ἐν
1285 4157 1502 4230 Χριστῷ
1533 4158 1761 4228 ἠλπικό-

166 4270 269 4316 τας
305 4251 705 4314 ἐλεεινοσάτους
755 4251 1006 4304 ἁπάντων
1047 4245 1217 4323 εἷναι;
1261 4249 1321 4303 Εἰ
1364 4244 1457 4302 οὖν
1502 4249 1614 4322 ζωὴ
1662 4249 1760 4319 μὲν

1859 3150 1926 3205 ad
1983 3159 2218 3221 tempus,
2251 3153 2382 3221 quid
2429 3168 2491 3207 ex
2553 3165 2922 3223 consequente
2975 3156 3308 3213 coniicitur?
3338 3161 3424 3214 vel

1857 3241 2017 3296 bruta
2081 3257 2204 3298 esse
2251 3244 2481 3300 rationis
2509 3246 2750 3315 capacia,
2781 3249 2869 3302 vel
2909 3246 3145 3303 Verbum
3175 3249 3423 3304 conliteri

1857 3332 2086 3389 rationis
2116 3348 2332 3403 expers.
2386 3334 2470 3388 An
2500 3334 2679 3389 adhuc
2721 3337 3024 3392 rationibus
3047 3337 3114 3390 ad
3140 3338 3427 3394 refutatio-
3505 3354 3520 3372 '

1857 3437 1980 3478 nem
2008 3437 2195 3477 eorum
2228 3421 2486 3492 improbae
2516 3431 2571 3478 et
2601 3425 2881 3481 scelerata:
2929 3427 3278 3498 blasphemiae
3297 3429 3428 3484 indi-

1857 3511 2349 3583 gemus?Nunquid
2372 3515 2514 3568 enim
2541 3515 2668 3570 talia
2695 3531 2820 3571 cum
2848 3518 3125 3585 dicuntur,
3147 3521 3228 3575 sic
3251 3522 3428 3575 occul-

1859 3612 1970 3659 tum
2031 3606 2232 3661 habent
2281 3607 2573 3662 consilium
2630 3608 3006 3678 abnegationis
3061 3609 3320 3666 Domini?
3367 3612 3424 3666 Si

1857 3696 2004 3750 enim
2048 3707 2232 3766 aperte
2278 3698 2493 3767 quidem
2529 3698 2662 3752 dicit
2712 3697 3006 3768 Apostolus
3043 3719 3056 3755 :
3111 3701 3269 3767 Quod
3317 3717 3424 3757 non

1855 3794 2119 3842 aeternum
2165 3794 2249 3842 est
2298 3794 2738 3843 momentaneum
2807 3799 2892 3844 est
2951 3792 3092 3846 :isti
3135 3800 3312 3847 autem
3371 3794 3424 3846 in

1858 3881 1974 3936 sola
2011 3877 2189 3933 Patris
2217 3879 2454 3934 essentia
2485 3880 2651 3934 vitam
2684 3888 2942 3936 mternam
2975 3881 3192 3950 vident;
3229 3882 3424 3937 Filium

1855 3987 1986 4027 vero
2023 3985 2052 4024 a
2075 3969 2252 4026 Patris
2279 3978 2471 4024 natura
2499 3971 2626 4025 dum
2669 3973 2978 4028 ahalienant
3010 3981 3062 4026 ct
3119 3973 3189 4028 ab
3221 3985 3424 4030 aeterna

1855 4063 1966 4116 vita
1995 4061 2358 4116 abscindunt:
2391 4063 2518 4135 quid
2548 4063 2650 4118 hoc
2676 4063 2823 4116 aliud
2838 4071 2922 4118 est
2953 4077 3116 4134 quam
3138 4063 3428 4120 manifesta

1857 4154 2074 4225 negatio
2101 4161 2154 4208 et
2211 4161 2559 4223 contemptus
2601 4153 2723 4206 ﬁdei
2777 4154 2829 4208 in
2887 4153 3176 4209 Dominum
3213 4190 3229 4215 ,
3302 4169 3426 4209 cum

1859 4254 2043 4314 aperte
2062 4245 2204 4300 dicat
2228 4245 2518 4314 Apostolus
2541 4245 2562 4275 ’
2597 4282 2613 4308 ,
2654 4259 2751 4299 eos
2777 4245 2868 4314 qui
2899 4246 2952 4300 in
2984 4245 3085 4301 hac
3121 4247 3231 4302 vita
3253 4246 3427 4302 solum

167 4344 402 4415 Κύριος.
433 4343 534 4396 οὐκ
565 4341 777 4405 αἰώνιος
823 4341 900 4406 δὲ,
936 4341 1264 4413 πρόσκαιρος
1297 4341 1512 4404 πάντως
1549 4341 1695 4393 ἐστὶν
1724 4342 1752 4411 ἡ

1861 4334 1916 4389 in
1942 4335 2159 4390 Christo
2211 4343 2588 4404 speraverunt,
2633 4337 2875 4390 omnium
2916 4353 3038 4393 esse
3070 4337 3432 4394 miserrimos?

168 4431 289 4502 ζωὴ
317 4433 461 4502 καὶὴ
481 4431 776 4503 ἐφήμερος,
804 4431 836 4500 ἡ
868 4431 1008 4483 κατά
1035 4429 1126 4482 τὸν
1146 4428 1386 4500 παρόντα
1407 4427 1595 4500 χρόνον
1612 4430 1760 4500 ἐνερ-

169 4522 443 4594 γουμένη,
475 4522 510 4593 ἢ
555 4523 679 4586 τοὺς
723 4522 1038 4586 ἐλπίζοντας
1064 4523 1091 4574 6
1129 4520 1447 4584 Ἀπόστολος
1491 4519 1758 4574 κατοικτίο

170 4615 352 4679 ζεται,
377 4612 456 4676 ὡς
483 4615 580 4684 τῆς
607 4612 866 4684 ἀληθινῆς
903 4611 1321 4683 ἀφαμαρτόντας
1345 4611 1509 4683 ζωῆς.

257 4876 429 4930 Ἀλλά
463 4875 570 4947 μὴν
594 4872 781 4928 τοῦτον
821 4872 1103 4936 διαϐάντες
1127 4872 1177 4925 οἰ
1214 4871 1332 4926 κατ’
1365 4872 1628 4944 Εὐνόμιον
1656 4889 1756 4926 περ

169 4968 536 5038 φωτισμένοι,
563 4969 642 5029 εἰς
668 4966 731 5020 τὸ
787 4965 1046 5019 ἐπέκεινα
1072 4963 1166 5017 τοῦ
1189 4962 1318 5017 Υἱοῦ
1344 4965 1457 5028 τοῖς
1483 4963 1760 5033 λογισμοῖς

169 5061 471 5131 φέρονται,
508 5058 565 5110 ἐν
609 5057 687 5128 τῷ
729 5055 834 5124 ἔξω
879 5053 972 5108 τοῦ
1017 5053 1352 5122 Μονογενοῦς
1405 5052 1760 5125 θεωρουμένῳ

169 5150 277 5219 τὴν
306 5147 530 5202 αἰώνιον
576 5145 968 5216 ἀναζητοῦντες
1010 5141 1179 5214 ζωήν.
1209 5144 1272 5196 Τί
1305 5142 1411 5215 χρὴ
1441 5143 1619 5211 λέγειν
1667 5143 1759 5196 ἐπὶ

171 5240 291 5294 τιῖιν
328 5238 589 5292 τοιούτων
620 5235 807 5317 κακῶν
861 5235 989 5290 ἄλλο
1029 5233 1168 5305 πλὴν
1195 5233 1245 5287 εί
1271 5251 1324 5286 τι
1366 5233 1558 5304 θρῆνον
1600 5235 1764 5287 ἐκκα-

171 5330 356 5383 λεῖται
381 5329 476 5383 καὶ
493 5328 755 5400 δάκρυον;
780 5329 845 5380 ’Ὡ
870 5325 987 5390 πῶς
1007 5323 1073 5379 ἂν
1103 5324 1554 5395 ἐπιστενάξαιμεν
1571 5329 1637 5396 τῇ
1659 5326 1765 5380 8st-

171 5422 313 5493 λαὲᾳ
339 5420 517 5492 ταύτῃ
549 5421 644 5475 καὶ
671 5419 878 5490 ἐλεεινῇ
901 5407 1095 5487 γενεᾷ,
1126 5413 1382 5470 τοιούτων
1411 5415 1596 5470 κακῶν
1627 5414 1750 5484 ἐξε-

255 5599 278 5632 ¹
306 5597 473 5654 Joan.
507 5614 649 5672 xuu,
676 5597 731 5656 θ.
806 5598 827 5632 ⁸
856 5597 1014 5656 Joan.
1046 5613 1087 5667 t,
1123 5597 1178 5654 ι.
1253 5597 1274 5630 ⁸
1303 5595 1321 5650 l
1349 5595 1476 5652 Cor.
1516 5609 1607 5664 xv,
1643 5591 1728 5649 l9.

1864 4425 1922 4479 Si
1977 4426 2141 4495 igitur
2195 4427 2303 4479 vita
2356 4426 2573 4496 quidem
2625 4437 2710 4482 est
2754 4428 3038 4492 Dominus,
3090 4445 3197 4485 non
3251 4439 3430 4485 autem

1861 4526 2084 4578 aeterna,
2141 4517 2298 4586 plane
2341 4525 2427 4572 est
2485 4525 2870 4574 momentanea
2902 4520 3010 4574 vita
3055 4521 3219 4576 etiam
3268 4521 3430 4576 unius

1860 4605 1992 4672 diei,
2021 4621 2144 4676 qua:
2171 4607 2471 4662 secundum
2505 4622 2748 4679 praesens
2803 4618 3016 4680 tempus
3063 4625 3289 4665 munere
3330 4625 3434 4666 suo

1861 4695 2124 4768 fungitur,
2157 4699 2240 4754 vel
2289 4709 2577 4770 sperantes
2604 4702 2900 4770 Apostolus
2942 4700 3141 4756 misere
3163 4699 3430 4773 deplorat,

1863 4796 1922 4843 ut
1952 4789 2044 4858 qui
2076 4805 2204 4844 vera
2232 4790 2342 4845 vita
2359 4789 2680 4846 exciderint.

1935 4877 2323 4936 Verumtamen
2389 4880 2483 4950 qui
2537 4883 2841 4938 secundum
2898 4881 3229 4937 Eunomium
3309 4881 3435 4935 illu-

1864 4968 2056 5023 minati
2084 4977 2234 5034 sunt,
2277 4969 2424 5025 hunc
2471 4973 2836 5042 supergressi,
2870 4971 2938 5026 ad
2996 4971 3090 5026 illa
3133 4985 3256 5042 quae
3308 4978 3438 5026 sunt

1866 5074 2032 5128 supra
2083 5058 2280 5115 Filium
2321 5061 2518 5118 mentis
2574 5062 2694 5117 acie
2734 5061 3055 5128 elIeruntur,
3073 5062 3130 5116 in
3177 5076 3244 5117 eo
3289 5061 3434 5131 quod

1867 5159 2024 5204 extra
2051 5146 2407 5220 Unigenitum
2464 5158 2766 5221 spectatur,
2816 5161 3078 5208 aeternam
3125 5159 3437 5224 quaerentes

1869 5243 2054 5297 vitam.
2090 5241 2230 5308 Quid
2269 5242 2323 5295 in
2355 5243 2555 5298 talibus
2611 5243 2773 5299 malis
2825 5243 2969 5297 aliud
3006 5251 3091 5299 est
3143 5243 3435 5299 dicendum

1871 5343 2036 5398 quam
2077 5329 2124 5384 si
2174 5327 2307 5400 quid
2335 5328 2402 5383 ad
2460 5329 2758 5384 lamentum
2792 5338 2846 5386 et
2892 5331 3163 5402 lacrymas
3205 5330 3439 5384 excitat?

1873 5417 1919 5475 Ο
1949 5417 2230 5504 quomodo
2266 5419 2716 5504 ingemuerimus,
2746 5421 2800 5476 in
2829 5422 2932 5478 hac
2960 5417 3160 5478 infelici
3185 5424 3240 5476 et
3267 5417 3444 5474 mise-
