4002 6218
655 207 759 265 8'55

1883 209 1940 264 S.
1981 203 2308 266 GREGORII
2343 204 2632 265 NYSSENI

3703 223 3776 280 8'56

653 322 812 380 rabili
840 324 1213 396 generatione,
1256 339 1378 398 quae
1412 325 1541 380 talia
1583 323 1790 380 invexit
1819 323 1989 380 mala!
2025 323 2214 390 Quon-

2329 328 2596 397 νεγκοὺσῃ
2615 321 2832 394 φοράνι
2873 320 3168 392 Ἐθρήνησέ
3213 339 3334 378 ποτε
3382 327 3462 380 τὸν
3522 330 3775 406 Ἰσραηλὶτην

655 418 777 472 dam
798 415 1064 473 Jeremias
1091 418 1207 472 zelo
1246 432 1533 481 accensus,
1575 416 1932 472 lsraeliticum
1960 416 2218 487 populum

652 507 958 578 deploravit
1000 507 1339 571 lamentans,
1392 523 1514 563 cum
1565 506 1842 562 Jechoniae
1898 505 2222 561 idololatriae

652 596 782 653 duci
813 597 1113 662 consensit,
1160 605 1216 653 et
1260 613 1362 670 pro
1400 598 1598 653 violata
1657 597 1926 652 scelerate
1959 596 2222 667 religione

654 689 710 743 in
745 689 1116 759 captivitatem
1155 689 1222 744 ad
1255 689 1510 760 Assyrios
1539 687 1888 744 condemnati
1941 695 2091 751 sunt,
2124 701 2222 742 ex-

651 787 832 836 torres
862 795 893 834 e
941 779 1276 844 saucluario,
1316 788 1370 835 et
1421 787 1642 849 patrum
1673 779 1990 834 haereditate
2030 775 2220 847 procul

651 873 871 942 dejecti.
913 871 1290 928 Hreclamenta
1324 871 1458 926 mibi
1491 885 1638 925 nunc
1666 871 1926 926 videntur
1965 871 2220 939 proprius

648 976 707 1026 et
735 966 1145 1020 convenientins
1173 963 1416 1027 cantari,
1442 963 1661 1033 quando
1689 961 1963 1018 Jecboniaa
1985 963 2222 1016 imitator

653 1058 722 1112 ad
757 1058 898 1113 hanc
928 1073 1122 1112 novam
1167 1055 1490 1110 idololatriae
1525 1055 1765 1125 speciem
1795 1054 2054 1109 delinitos
2090 1053 2220 1108 abs-

654 1147 855 1212 trahit,
908 1161 938 1201 a
987 1151 1216 1216 paterna‘
1257 1147 1594 1210 haereditate,
1638 1145 1691 1199 id
1742 1152 1828 1200 est
1871 1144 1996 1204 ﬁde.
2041 1150 2223 1198 exter-

653 1239 892 1292 minans.
926 1236 1134 1305 Quibus
1163 1236 1454 1292 admodum
1491 1234 1798 1290 secuudnm
1833 1233 2118 1287 historiam
2152 1231 2221 1286 ad

654 1327 976 1398 Babylonios
995 1327 1051 1381 lit
1071 1327 1504 1396 transmigratio,
1560 1341 1591 1380 a
1631 1340 1870 1395 superna
1897 1322 2218 1388 Jerusalem,

655 1419 759 1472 hoc
786 1425 892 1480 est,
926 1433 954 1472 a
997 1417 1087 1470 Dei
1143 1416 1388 1472 Ecclesia
1420 1417 1486 1471 ad
1518 1415 1659 1472 hanc
1693 1415 2072 1471 confusionem
2104 1430 2223 1472 sce-

656 1505 952 1559 leratorum
986 1505 1310 1574 placitorum
1359 1505 1903 1576 trausmigrantibus.
1953 1503 2220 1560 Co'nfusio

654 1596 801 1649 cnim
844 1595 1082 1666 Babylon
1136 1596 1588 1666 interpretatione
1638 1599 1982 1667 explicatur:
2033 1607 2087 1654 et
2131 1614 2222 1655 sed-

657 1686 896 1742 cundum
929 1687 1238 1742 mutilatum
1275 1685 1619 1757 Juchoniam,
1670 1697 1724 1744 et
1767 1689 1856 1745 hic
1891 1699 2085 1760 sponte
2122 1704 2222 1745 sua

657 1777 800 1832 lucis
833 1777 1064 1832 veritate
1090 1777 1356 1847 privatus,
1387 1778 1564 1834 factus
1591 1786 1676 1834 est
1695 1780 1875 1850 praeda
1904 1786 1960 1835 et
1985 1780 2222 1851 spolium

655 1866 938 1939 Babylonii
978 1869 1226 1939 tyranni:
1277 1869 1405 1939 quia
1448 1885 1556 1924 non
1604 1869 1796 1926 didicit
1846 1871 2034 1934 miser,
2076 1870 2223 1942 quod

654 1959 821 2013 vitam
849 1965 1107 2016 aeternam
1141 1975 1207 2014 ex
1235 1975 1392 2031 aequo
1411 1961 1464 2015 in
1493 1959 1654 2018 Patre
1676 1971 1731 2018 et
1763 1962 1899 2018 Filio
1921 1971 1976 2018 et
2011 1962 2219 2034 Spiritu

656 2059 846 2106 sancto
887 2051 1154 2122 inspicere
1176 2051 1335 2107 docet
1375 2051 1754 2124 Evangelinm;
1791 2054 1858 2109 de
1898 2053 2061 2110 Patre
2091 2054 2219 2124 qui-

655 2140 779 2198 dem
802 2143 884 2199 sic
912 2142 1127 2198 dicente
1165 2158 1439 2208 sermone,
1477 2144 1623 2214 quod
1674 2145 1852 2215 ipsum
1886 2159 2224 2215 cognoscere

656 2242 860 2288 aeterna
897 2241 982 2288 est
1007 2235 1114 2287 vita
1146 2234 1222 2300 ‘°;
1259 2234 1327 2290 de
1356 2233 1496 2290 Filio
1527 2243 1731 2298 autem,
1759 2235 1900 2306 quod
1931 2237 2110 2291 omnis
2129 2237 2223 2306 qui

656 2325 831 2379 credit
865 2326 917 2379 in
949 2326 1125 2393 ipsum
1155 2325 1319 2386 habet
1362 2326 1528 2380 vitam
1559 2334 1820 2382 aeternam
1867 2327 1948 2393 "3
1996 2327 2064 2381 de
2096 2327 2223 2397 Spi-

655 2416 763 2471 ritu
787 2424 999 2480 sancto,
1048 2416 1197 2487 quod
1225 2418 1276 2472 ei
1316 2417 1410 2488 qui
1439 2418 1672 2489 gratiam
1701 2418 1935 2488 accepit,
1961 2419 2069 2474 erit
2101 2419 2224 2476 fons

656 2524 812 2578 aquae
855 2510 1101 2567 salientis
1140 2510 1195 2566 in
1229 2511 1392 2566 vitam
1448 2518 1707 2567 aeternam
1761 2513 1824 2564 ¹².
1857 2511 1998 2583 Ergo
2045 2513 2224 2568 omnis

654 2600 747 2670 qui
797 2599 1072 2656 desiderat
1124 2600 1290 2656 vitam
1360 2611 1644 2668 aeternam,
1690 2611 1980 2674 postquam
2027 2613 2224 2661 nactus

652 2689 759 2744 erit
784 2687 1002 2754 Filium,
1022 2705 1210 2745 verum
1235 2691 1359 2746 dico
1389 2700 1568 2747 etnon
1596 2691 2024 2757 falsinomiuem,
2051 2703 2222 2750 totum

657 2781 860 2837 invenit
911 2783 966 2836 in
1008 2783 1130 2852 ipso
1176 2783 1322 2853 quod
1381 2783 1600 2854 quidem
1660 2783 2040 2852 desideravit;
2098 2789 2224 2857 quia

652 2880 708 2926 et
741 2871 856 2942 ipse
887 2880 972 2928 est
1010 2875 1142 2934 vita,
1170 2884 1227 2928 et
1271 2873 1323 2927 in
1360 2875 1544 2944 seipso
1581 2874 1750 2929 vitam
1782 2875 1964 2931 habet.
1998 2875 2104 2932 Sed
2137 2877 2226 2932 hic

653 2964 843 3020 subtili
863 2972 1043 3018 mente
1067 2965 1326 3034 praeditus
1346 2973 1399 3019 et
1425 2966 1591 3021 corde
1631 2967 1931 3037 perspicaci
1967 2968 2220 3039 insignis,
2249 2995 2296 3058 ο

655 3070 767 3125 prae
796 3056 966 3110 multa
1000 3056 1218 3111 ridendi
1255 3057 1371 3112 acie
1410 3057 1465 3111 in
1507 3055 1650 3113 Filio
1680 3073 1792 3113 non
1825 3061 2030 3130 reperit
2055 3061 2220 3116 vitam

653 3153 934 3207 teternam,
967 3146 1059 3201 sed
1117 3161 1533 3219 supergressus,
1585 3158 1640 3206 et
1697 3151 1843 3208 hunc
1904 3155 2220 3226 relinquens

655 3235 802 3288 velut
847 3234 1122 3304 quoddam
1153 3237 1626 3307 impedimentum,
1671 3241 1741 3297 ad
1797 3242 1851 3298 id
1891 3246 2036 3315 quod
2075 3261 2224 3318 qua:-

656 3324 814 3388 ritnr,
868 3326 980 3381 illic
1031 3335 1412 3397 perscrutatur
1446 3331 1610 3385 vitam
1654 3339 1936 3398 aeternam,
1975 3336 2066 3392 ubi
2112 3353 2222 3392 non

652 3430 774 3471 esse
835 3425 990 3486 putat
1045 3433 1232 3497 veram
1295 3421 1487 3478 vitam.
1527 3422 1796 3489 Quidnam
1850 3425 2045 3482 horum
2099 3430 2223 3500 quis

653 3505 990 3575 cogitaverit,
1036 3508 1121 3562 vel
1174 3508 1242 3563 ad
1297 3509 1686 3582 blasphemiam
1742 3514 2084 3583 horribilius,
2137 3519 2224 3575 vel

654 3598 718 3651 ad
741 3599 1186 3654 lamentationum
1207 3603 1552 3659 occasionem
1573 3606 1814 3663 tristius?
1834 3607 2221 3668 Verumtamen

654 3689 700 3744 si
731 3689 855 3760 quis
889 3690 1088 3745 dixerit
1125 3693 1322 3763 dogma
1355 3691 1579 3750 Sabellii
1621 3705 1676 3752 et
1727 3698 1967 3754 Montani
2017 3703 2222 3758 nostris

654 3780 886 3836 decretis
914 3779 1206 3852 invulgari,
1248 3784 1477 3854 perinde
1521 3795 1605 3842 est
1665 3803 1729 3845 ac
1785 3790 1829 3844 si
1882 3791 2006 3861 quis
2057 3794 2220 3848 etiam

656 3871 908 3927 Eunomii
937 3873 1330 3945 blasphemiam
1357 3880 1514 3936 nobis
1543 3879 1835 3936 aiTricaret.
1860 3882 1993 3938 Nam
2019 3886 2064 3940 si
2097 3885 2222 3955 quis

655 3969 910 4018 accurate
981 3967 1324 4033 perspexerit
1389 3967 1529 4022 banc
1585 3969 1863 4026 haerescou
1927 3974 2220 4044 fallaciam,

656 4067 908 4124 magnam
935 4067 1059 4108 cum
1109 4053 1363 4112 Eunomii
1403 4073 1595 4114 errore
1645 4060 2070 4121 familiaritatem
2123 4067 2223 4122 ha-

655 4143 784 4199 bere
811 4144 1073 4201 inveniet:
1096 4153 1325 4217 uterque
1348 4149 1492 4203 enim
1531 4149 1774 4220 judaizat
1799 4155 1916 4223 ipso
1947 4156 2220 4228 dogmate,

657 4250 834 4306 neque
858 4236 1194 4307 unigenitum
1223 4237 1415 4302 Deum,
1450 4256 1626 4312 neque
1658 4243 1921 4314 Spiritum
1971 4257 2219 4304 sanctum

2325 414 2451 467 λαὸν
2476 415 2505 467 ὁ
2545 413 2791 485 ζηλωτὴς
2841 411 3146 484 Ἱερεμίας,
3181 413 3264 469 ὅτε
3293 415 3364 486 τῷ
3404 419 3596 490 Ἰεχονίᾳ,
3632 425 3777 496 ﬁmi.

2326 505 2688 577 δωλολατρίας
2740 503 2977 575 καθηγου
2987 505 3130 574 μένῳ
3177 505 3306 576 πρὸς
3329 507 3386 560 τὸ
3421 510 3563 563 κακὸν
3591 521 3776 586 συνεφρά.

2325 614 2494 668 νησαν
2515 613 2531 630 ο
2562 597 2657 652 καὶ
2703 596 2824 649 ἀντὶ⁵
2850 598 2949 667 τῆς
2973 597 3053 659 είς
3078 596 3176 667 τὴν
3207 595 3473 668 θρησκείαν
3499 609 3775 676 παρανομίας,

2324 685 2422 756 τὴν
2488 687 2569 749 είς
2625 685 2938 756 Ἀσσυρίους
2984 685 3346 755 αἰχμαλωσίαν
3397 691 3778 767 κατεδικάσθησαν,

2327 775 2714 841 ἐξοικισθέντες
2762 776 2854 830 τοῦ
2887 777 3253 848 ἁγιάσματος,
3282 781 3372 833 καὶ
3413 781 3576 852 πόρῤω
3612 785 3687 849 τῆς
3705 789 3778 842 τῶν

2325 867 2576 939 πατέρων
2616 868 2974 939 κληρονομίας
3015 868 3310 939 γενόμενοι.
3359 871 3568 935 Τούτους
3594 891 3664 943 μοι
3683 878 3782 932 δοκεῖ

2324 960 2419 1012 νῦν
2443 961 2569 1024 τοὺς
2595 959 2823 1031 θρήνους
2849 959 3173 1030 οἰκειότερον
3203 959 3430 1030 ᾅδεσθαι,
3455 963 3532 1016 ὅτε
3569 967 3782 1038 δμιμητὴς

2323 1051 2417 1106 τοῦ
2461 1050 2708 1121 Ἰεχονίου
2753 1051 2890 1122 πρὸς
2925 1051 2986 1106 τὸ
3038 1051 3222 1105 καινὸν
3269 1051 3418 1106 τοῦτο
3453 1054 3541 1124 τῆς
3583 1058 3784 1112 εἰδωλολσ.

2323 1141 2476 1213 τρίας
2507 1137 2646 1204 εἶδος
2727 1141 2853 1205 τοὺς
2885 1141 3259 1211 ἀπαγομένους
3304 1142 3581 1211 ἐφέλκεται,
3623 1147 3696 1214 τῆς
3716 1165 3784 1200 πα-

2323 1231 2516 1302 τρικῆς
2559 1231 2838 1296 ἐξοικίζων
2889 1230 3282 1302 κληρονομίας,
3317 1232 3410 1302 τῆς
3450 1232 3647 1296 πίστεως
3670 1236 3781 1304 λέγω.

2325 1314 2421 1384 Οἷς
2453 1320 2690 1390 ἀτεχνῶς
2736 1320 2876 1376 κατὰ
2919 1321 3018 1390 τὴν
3051 1319 3290 1392 ἱστορίαν
3331 1321 3408 1383 εἰς
3436 1320 3732 1387 Βαϐυλωνίους
3763 1328 3785 1395 ἡ

2327 1409 2996 1482 μετανάστασις-γίνεται,
3048 1410 3156 1464 ἀπὺ
3193 1409 3294 1480 τῆς
3339 1411 3445 1464 ἄνω
3498 1411 3786 1484 Ἰερουσαλὴμ,

2323 1501 2628 1568 τουτέστιν,
2661 1501 2770 1556 ἀπὸ
2821 1501 2923 1572 τῆς
2969 1501 3060 1556 τοῦ
3115 1501 3253 1556 Θεοῦ
3310 1503 3601 1574 Ἐκκλησίας
3626 1507 3697 1558 ἐπὶ
3724 1509 3788 1576 τὴν

2327 1590 2582 1662 σύγχυσιν
2609 1590 2810 1663 ταύτην
2836 1591 2943 1645 τῶν
2979 1593 3231 1663 πονηρῶν
3259 1593 3524 1663 δογμάτων
3549 1595 3790 1666 μεθισταμέ-

2255 1659 2296 1720 B
2323 1659 2462 1742 vote.
2480 1678 2747 1750 Σύγχυσις
2767 1659 2878 1751 γὰρ
2901 1682 2934 1751 ἡ
2957 1659 3212 1735 Βαϐυλὼν
3237 1659 3582 1752 ἑρμηνεύεται·
3608 1659 3792 1738 καὶκατὰ

2331 1769 2423 1823 τὸν
2461 1769 2782 1841 πηρωθέντα
2819 1770 3093 1840 Ἰεχονίαν,
3124 1773 3222 1825 καὶ
3247 1767 3394 1836 οὗτος
3418 1773 3586 1827 ἐαυτὸν
3605 1775 3790 1840 ἑκουσίως

2322 1860 2417 1914 τοῦ
2464 1860 2640 1930 φωτὸς
2663 1860 2765 1931 τῆς
2805 1861 3061 1932 ἀληθείας
3100 1865 3400 1935 στερήσας,
3424 1864 3630 1936 λάφυρον
3663 1868 3791 1934 γέγονε

2322 1948 2414 2002 τοῦ
2435 1948 2772 2004 Βαϐυλωνίου
2799 1951 3084 2023 τυράννου,
3111 1951 3186 2024 μὴ
3229 1953 3540 2024 καταμαθὼν
3565 1957 3590 2008 ὁ
3618 1956 3792 2019 δείλαιος,

2322 2041 2404 2095 ὅτι
2437 2040 2536 2112 τὴν
2581 2041 2799 2097 αἰώνιον
2825 2041 2968 2114 ζωὴν
3013 2045 3211 2117 ἐπίσης
3245 2045 3414 2117 Πατρί
3441 2063 3493 2099 τε
3519 2047 3599 2099 καὶ
3626 2047 3712 2115 Υξῷ
3735 2049 3796 2101 καί

2323 2131 2599 2203 Πνεύματι
2645 2132 2784 2203 ἁγίῳ
2832 2132 2892 2186 τὸ
2935 2133 3271 2202 Εὑαγγέλιον
3318 2135 3500 2205 ἐνορᾷν
3547 2135 3793 2204 δογματίζει.

2323 2223 2457 2296 Περὶ
2491 2223 2590 2294 μὲν
2617 2223 2712 2276 τοῦ
2737 2223 2970 2296 Πατρὸς,
3008 2224 3181 2288 οὕτως
3214 2227 3453 2288 εἰπόντος
3477 2225 3558 2279 τοῦ
3601 2226 3721 2294 λόγου
3744 2229 3798 2280 ὅτι

2324 2313 2398 2367 Τὸ
2422 2312 2708 2383 γινώσκειν
2743 2314 2904 2368 αὑτὸν
2931 2317 2964 2387 ἡ
2991 2315 3206 2379 αἰώνιός
3231 2319 3346 2371 ἐστι
3377 2315 3481 2385 ζωή
3501 2333 3514 2347 ο
3549 2318 3652 2386 περὶ
3677 2316 3717 2369 δὲ
3737 2315 3799 2368 τοῦ

2324 2403 2483 2470 Υίοῦ,
2519 2405 2600 2458 ὅτι
2645 2406 2758 2471 Πᾶς
2783 2406 2811 2459 ὁ
2833 2405 3102 2460 πιστεύων
3126 2407 3208 2470 είς
3234 2406 3394 2459 αὐτὸν
3422 2406 3513 2477 τὴν
3531 2405 3704 2460 αἰώνιον
3727 2406 3804 2475 ἔχει

2325 2495 2486 2566 ζωήν·
2520 2497 2647 2566 ’περῖ⁹
2671 2496 2727 2550 δὲ
2749 2496 2842 2550 τοῦ
2864 2496 3179 2569 Πνεῦματος
3204 2498 3302 2552 τοῦ
3329 2499 3495 2570 ἁγίου,
3522 2497 3674 2568 ὅτιτῷ
3693 2497 3802 2562 655a-

2328 2586 2475 2656 μένῳ
2505 2585 2602 2656 τὴν
2631 2587 2789 2657 χάριν
2841 2585 2992 2640 ἔσται
3039 2587 3188 2658 πηγὴ
3246 2588 3430 2652 ὓδατος
3475 2587 3717 2659 ἁλλομένου
3751 2588 3806 2648 εἰς

2324 2675 2468 2748 ζωὴν
2517 2677 2768 2731 αἰώνιον.
2819 2677 3028 2732 Οὐκοῦν
3091 2681 3203 2744 πᾶς
3258 2681 3287 2734 ό
3339 2680 3505 2735 ποθῶν
3530 2681 3613 2751 τὴν
3651 2678 3805 2733 αἰώνιον

2327 2765 2491 2836 ζωὴν,
2526 2767 2743 2822 ἐπειδὰν
2765 2767 2901 2842 εὕρῃ
2929 2769 3016 2824 τὸν
3038 2770 3188 2834 Υίὸν,
3217 2773 3310 2826 τὸν
3339 2772 3498 2843 ἀληθῆ
3529 2773 3650 2839 λέγω
3677 2770 3747 2823 καὶ
3765 2770 3804 2822 οὐ

2325 2855 2702 2928 ψευδώνυμον,
2746 2858 2864 2912 ὅλον
2913 2851 3070 2930 εὗρεν
3098 2861 3156 2913 ἐν
3181 2861 3364 2931 ἐαυτῷ
3398 2863 3522 2933 ὅπερ
3557 2861 3805 2928 ἐπεπόθησε,

2328 2946 2472 3000 Διότι
2497 2948 2590 3001 καὶ
2622 2948 2784 3012 αὑτός
2805 2949 2950 3002 ἐστιν
2981 2951 3013 3020 ἡ
3048 2949 3180 3022 ζωὴ,
3221 2953 3318 3006 καὶ
3341 2955 3396 3006 ἐν
3425 2952 3583 3023 ἐαυτῷ
3604 2952 3683 3024 τὴν
3707 2951 3807 3020 ζωὴν

2324 3036 2457 3107 ἔχει.
2505 3037 2658 3092 Ἀλλ’·
2686 3039 2715 3094 ὁ
2761 3039 2953 3104 λεπτὸς
2982 3036 3136 3106 οὗτος
3177 3043 3276 3098 τὸν
3309 3045 3446 3110 νοῦν,
3474 3047 3556 3098 καὶ
3577 3043 3808 3115 διορατικδς
3896 3107 3897 3110 η

2321 3127 2420 3199 τὴν
2444 3129 2692 3200 καρδίαν,
2734 3131 2839 3185 ὑπὸ
2875 3131 3075 3202 πολλῆς
3103 3133 3380 3200 ὀξυωπίας
3402 3135 3475 3207 τῷ
3496 3135 3596 3204 Υιῷ
3618 3137 3700 3206 τὴν
3720 3137 3809 3188 αἱω.

2323 3218 2442 3273 νίαν
2469 3219 2570 3272 οὐκ
2610 3219 2914 3292 ὲνευρίσκει
2940 3221 3082 3294 ζωήν
3107 3238 3121 3253 '
3171 3225 3293 3280 ἀλλ’
3321 3227 3546 3298 ὑπερϐὰς
3570 3225 3722 3279 τοῦτον
3745 3224 3809 3277 καὶ

2323 3308 2635 3364 καταλιπὼν
2655 3352 2669 3378 ,
2701 3306 2814 3366 οἷον
2857 3313 3110 3383 ἐμπόδιόν
3159 3333 3215 3370 τι
3258 3318 3391 3388 προς
3420 3318 3477 3371 τὸ
3523 3317 3807 3389 ζητούμενον.

2322 3401 2440 3454 ἐκεῖ
2483 3401 2824 3471 διερευνᾶται
2859 3405 2957 3474 τὴν
3010 3405 3232 3461 αἰώνιον
3271 3408 3442 3480 ζωὴν,
3470 3411 3589 3463 ὅπου
3625 3408 3685 3479 μὴ
3711 3403 3808 3460 εἶναι

2321 3487 2491 3543 οἴεται
2531 3491 2631 3562 τὴν
2677 3491 2843 3557 ὅντως
2871 3493 3034 3565 ζωήν,
3065 3497 3130 3550 Τί
3162 3498 3236 3553 ἄν
3259 3517 3341 3563 τις
3368 3502 3640 3570 ἐπινοήσειε
3663 3496 3808 3551 τούτων

2322 3579 2356 3650 ἢ
2391 3581 2471 3644 είς
2517 3581 2864 3654 βλασφημίαν
2900 3588 3279 3658 φρικτότερον,
3317 3592 3350 3662 ἢ
3379 3594 3457 3655 εἰς
3487 3591 3670 3662 θρήνων
3694 3590 3809 3656 ἀφορ-

2325 3667 2433 3740 μὴν
2497 3670 2970 3744 σκυθρωπότερονς
3032 3677 3193 3732 Ἀλλά
3246 3681 3354 3753 μὴν
3385 3681 3445 3733 τὸ
3491 3678 3730 3735 Σαϐέλλιόν
3768 3691 3806 3728 τε

2323 3758 2421 3814 καὶ
2475 3761 2777 3827 Μοντανδν,
2821 3766 2933 3828 τοῖς
2976 3767 3272 3839 ἡμετέροις
3333 3771 3577 3842 δόγμασιν
3620 3766 3808 3838 ἐπιθρυλ-

2321 3846 2564 3913 λεῖσθαι,
2605 3851 2843 3906 τοιοῦτόν
2895 3855 3071 3922 ἐστιν,
3117 3855 3234 3912 οἷον
3275 3863 3330 3914 εἰ
3363 3878 3446 3925 τις
3494 3860 3579 3914 καὶ
3613 3860 3694 3929 τὴν
3728 3855 3808 3910 κατ’

2323 3941 2587 4012 Εὐνόμιον
2641 3944 2770 4014 ἡμῖν
2823 3942 3164 4018 βλασφημίαν
3225 3953 3606 4024 προστρίϐοιτο.
3659 3951 3706 4003 El
3738 3948 3811 4015 γάρ

2324 4050 2408 4097 τις
2455 4034 2863 4105 ἐπεσκεμμένος
2913 4038 3011 4108 τὴν
3056 4039 3164 4100 τῶν
3204 4045 3469 4115 αἱρέσεων
3502 4044 3680 4111 ταύτην
3713 4041 3810 4093 ἁπά-

2323 4142 2422 4194 την
2449 4116 2834 4193 διεξετᾶσειεν,
2887 4129 3107 4202 εὑρήσει
3141 4135 3346 4206 πολλὴν
3391 4136 3570 4208 ἔχοντα
3615 4134 3722 4204 πρὸς
3747 4131 3812 4198 τὴν

2324 4218 2446 4270 κατ’
2494 4218 2757 4289 Εὐνόμιον
2808 4220 3048 4292 πλάνην,
3088 4224 3188 4295 τὴν
3245 4228 3560 4298 οἰκειότητα.
3607 4222 3812 4284 Ἰουδαΐζει

656 4324 722 4379 ad
779 4306 999 4382 deitatis
1049 4329 1493 4384 communionem
1538 4306 1725 4402 iuagu-i
1773 4335 1917 4405 apud
1976 4337 2124 4406 ipsos
2166 4346 2220 4390 et

2325 4306 2432 4377 γὰρ
2455 4308 2712 4380 ἑκάτερος
2735 4311 2882 4381 αὐτῷ
2911 4313 3157 4384 δόγματι,
3189 4316 3316 4371 οὔτε
3339 4320 3426 4373 τὸν
3447 4317 3685 4390 μονογενῆ
3705 4315 3813 4373 θεδνν

655 4411 816 4480 primi
847 4412 978 4467 dicti
1026 4413 1120 4469 Dei
1177 4415 1498 4472 admittens.
1541 4417 1712 4484 Quem
1749 4423 1893 4477 enim
1947 4423 2222 4481 Sabellius

653 4501 787 4556 dicit
830 4503 1204 4569 trinominem,
1245 4504 1390 4561 hunc
1432 4505 1734 4564 Eunomius
1777 4513 2024 4567 nominat
2073 4515 2224 4583 iuge-

654 4591 852 4646 nitntn.
891 4591 1096 4647 Horum
1145 4601 1328 4649 autem
1379 4605 1574 4651 neuter
1608 4598 1664 4652 in
1706 4597 1978 4656 Trinitate
2025 4617 2219 4672 perso-

654 4695 846 4735 narum
878 4683 1277 4752 contemplatur
1334 4684 1611 4740 deitatem.
1645 4688 1778 4752 Quis
1832 4689 1994 4759 igitur
2037 4693 2222 4748 adhae-

655 4783 768 4827 reat
803 4771 1059 4836 Sabelliu,
1103 4789 1289 4827 eorum
1317 4775 1410 4844 qui
1441 4776 1603 4831 .huuc
1628 4793 1933 4834 sermonem
1967 4781 2216 4851 legerint,

649 4861 913 4934 judicium
947 4862 1190 4919 deﬁniat.
1224 4864 1329 4921 Sed
1369 4866 1484 4922 haec
1512 4868 1732 4937 quidem
1785 4871 2074 4928 hactenus.

719 5097 984 5166 Quoniam
1011 5113 1137 5153 vero
1164 5098 1407 5169 prolixus
1425 5107 1509 5155 est
1539 5100 1981 5172 insequentibus,
2009 5109 2220 5163 abomi-

649 5190 910 5244 nabilium
937 5199 1380 5261 argumentorum
1407 5202 1602 5247 tetrum
1625 5209 1974 5252 commovens
1996 5199 2214 5254 odorem

647 5281 849 5352 quibus
924 5282 1261 5353 unigenitum
1321 5282 1483 5338 Deum
1544 5301 1660 5350 non
1706 5288 2000 5358 aliquando
2049 5289 2220 5348 fuisse

648 5374 917 5430 adstruit:
944 5375 1201 5444 praeclare
1233 5375 1432 5431 habere
1460 5377 1600 5445 dico,
1633 5392 1756 5434 cum
1781 5380 1894 5450 jam
1916 5397 1982 5437 ex
2008 5383 2072 5439 iis
2095 5401 2216 5455 quae

722 5547 766 5580 "
792 5547 952 5604 Joan.
989 5567 1119 5616 xvu,
1150 5553 1203 5606 5.
1284 5554 1320 5585 ¹¹
1349 5553 1503 5609 Joau.
1539 5571 1590 5619 v,
1645 5557 1736 5611 40.
1816 5560 1859 5592 ι’
1886 5557 2042 5614 Joan.
2075 5564 2246 5629 In”.

2320 4397 2442 4451 οὔτε
2469 4399 2529 4452 τὸ
2569 4400 2790 4472 Πνεῦμα
2821 4403 2882 4457 τὸ
2914 4406 3068 4474 ἅγιον
3096 4409 3175 4471 είς
3202 4413 3486 4464 κοινωνίαν
3519 4412 3605 4480 τῆς
3629 4409 3815 4472 θεότητος

2319 4489 2412 4542 τοῦ
2449 4491 2685 4560 μεγάλου
2717 4496 2844 4565 παρ’
2870 4496 3051 4562 αὐτοῖς
3077 4500 3170 4553 καὶ
3200 4503 3416 4572 πρώτου
3440 4502 3697 4573 λεγομένου
3719 4494 3814 4550 Θεοῦ

2321 4579 2755 4651 προσδεχόμενος.
2779 4587 2876 4640 Ὃν
2913 4588 3020 4658 γὰρ
3050 4591 3339 4656 Σαϐέλλιος
3383 4594 3523 4662 λέγει
3562 4591 3814 4663 τριὼνυμον,

2317 4669 2506 4724 τοῦτον
2544 4672 2803 4745 Εὑνόμιος
2833 4675 3086 4748 ὀνομάζει
3135 4682 3449 4753 ἀγέννητον.
3491 4683 3742 4751 osos-.290;
3776 4675 3815 4727 δὲ

2317 4761 2520 4815 τούτων
2569 4765 2627 4817 ἐν
2677 4769 2742 4837 τῇ
2777 4769 2820 4820 Τ
2824 4770 2964 4839 ριάδι
3001 4771 3106 4825 τῶν
3148 4775 3496 4828 ὑποστάσεων
3539 4773 3708 4843 θεωρεί
3748 4768 3816 4834 τὴν

2319 4851 2564 4921 θεότητα.
2599 4855 2694 4918 Τίς
2719 4857 2895 4911 τοίνυν
2921 4861 3136 4926 οἰκείως
3166 4861 3279 4934 ἔχει
3305 4866 3441 4936 πρὸς
3466 4865 3552 4916 τὸν
3575 4858 3814 4916 Σαϐέλλιον,

2315 4944 2348 5012 ὴ
2379 4941 2484 4996 τῶν
2525 4944 2954 5016 ἐντυγχανόντων
2995 4953 3073 5022 τῷ
3103 4953 3245 5026 λόγῳ
3275 4957 3456 5027 κρίσις
3496 4949 3814 5023 ἀποφηνάσθω.

2330 5033 2486 5086 Ἀλλὰ
2514 5036 2685 5092 ταῦτα
2716 5040 2814 5108 μὲν
2849 5043 2928 5106 εἰς
2957 5043 3228 5098 τοσοῦτον.

2403 5125 2556 5178 Ἐπεὶ
2603 5127 2658 5180 δὲ
2707 5131 2871 5195 πολύς
2919 5134 3066 5188 ἐστιν
3103 5137 3161 5188 ἐν
3200 5137 3313 5198 τοῖς
3358 5137 3568 5206 ἐφεξῆς,
3610 5134 3702 5187 τῶν

2319 5213 2494 5284 λυρῶν
2523 5217 2966 5291 ἐπιχειρημάτων
2994 5225 3256 5280 ἀνακινῶν
3293 5227 3394 5297 τὴν
3417 5226 3660 5296 δυσωόὴν,
3680 5223 3733 5278 δι’
3767 5213 3818 5269 ὧν

2320 5304 2395 5376 μὴ
2427 5301 2563 5358 εἶναί
2597 5325 2723 5362 ποτε
2763 5311 2853 5366 τὸν
2876 5316 3133 5385 μονογενῆ
3167 5317 3560 5381 κατασκευάζει
3589 5315 3718 5374 Θεὸν.
3747 5325 3816 5361 κα·

2315 5390 2420 5456 λῶς
2470 5392 2610 5464 ἐχειν
2640 5401 2779 5471 φημὶ
2809 5400 2896 5456 διὰ
2935 5403 3042 5459 τῶν
3093 5403 3468 5477 προλαϐόντων
3517 5402 3722 5476 μετρίως
3745 5395 3815 5463 τῆί
