4002 6218
243 273 346 334 831

1379 269 1655 326 CONTRA
1697 265 2085 335 EUNOMIUM,
2122 267 2249 324 LIB.
2294 267 2356 321 Χ.

3386 265 3492 319 838

250 388 375 458 περὶ
420 383 625 440 τούτων
667 383 797 454 ἡμῖν
830 382 1074 446 διανοίας
1129 380 1583 452 ἐκκαθαροείσης,
1637 379 1810 450 μηκέτ

1938 387 2333 450 przecesserunt
2371 382 2438 437 ab
2466 381 2694 436 istorum
2718 380 2805 436 lue
2835 381 2968 435 satis
2991 381 3367 451 sitexpurgata
3394 398 3494 436 no-

244 472 720 536 συνὸιαϐαπτίζειν
755 473 846 524 τὸν
872 471 1028 539 λόγον
1060 471 1169 533 τοῖς
1199 471 1402 540 ὁμοίοις
1443 471 1651 532 κακοῖς,
1684 467 1822 539 πλὴν

241 564 404 620 τοῦτο
430 565 588 636 μόνον
608 565 708 616 οὐκ
732 563 956 634 ἄκαιρον
986 562 1113 624 ἴσως
1140 560 1451 632 προσθεῖναι
1482 560 1588 614 τῶν
1613 559 1821 613 πολλῶν

244 657 630 726 ἐκλεξάμενον
655 654 794 724 Φησὶ
819 654 959 706 κατά
991 653 1053 705 τὸ
1077 647 1216 717 ἴσον,
1253 654 1344 706 καὶ
1383 655 1448 723 τῇ
1483 650 1574 705 τοῦ
1609 649 1822 722 Πατρὸς

243 749 404 819 οὐσίᾳ
463 745 812 816 συνεζεῦχθαι
851 761 994 808 τινος
1030 745 1127 816 τὴν
1174 743 1496 814 ἀγεννησίαν
1553 743 1816 804 είπόντος.

243 842 340 895 Ani
368 839 477 892 τῶν
505 839 708 910 ὁμοίων
754 839 783 891 ὁ
814 837 967 906 λόγος
997 839 1354 909 προέρχεται,
1391 835 1573 900 καθὼς
1609 835 1700 889 ἐπὶ
1724 834 1817 888 τοῦ

242 932 377 986 Υἱοῦ
414 932 776 1000 συνεπέρανεν
809 930 993 998 σαφῶς
1027 931 1115 983 διὰ
1150 931 1247 1001 τῆς
1285 929 1393 982 τῶν
1426 927 1682 982 ἐναντίων
1717 944 1819 980 κα-

244 1023 547 1092 τασκευῆς,
593 1023 652 1074 τὸ
693 1023 868 1091 δόγμα
908 1022 1006 1092 τῆς
1057 1022 1335 1084 εὐσεϐείας
1375 1020 1722 1092 κρατύνεται,
1758 1018 1819 1072 τὸ

248 1116 322 1186 μὴ
350 1115 546 1167 ταύτὸν
579 1113 793 1166 οἴεσθαι
836 1109 974 1166 εἶναι
1001 1116 1065 1184 τῇ
1095 1113 1250 1184 οὐσίᾳ
1277 1113 1372 1184 τὴν
1403 1113 1725 1183 ἀγεννησίαν
1756 1128 1815 1164 τε

244 1203 339 1256 καὶ
359 1203 461 1273 τὴν
487 1204 738 1272 γέννησιν
758 1219 771 1232 ο
807 1202 924 1255 ἀλλ’
967 1202 1382 1274 ἐπιθεωρεϊσοαι
1413 1202 1510 1271 μὲν
1538 1200 1709 1255 ταῦτα
1739 1199 1816 1271 τῷ

242 1295 608 1364 ὑποκειμένῳ,
646 1293 772 1347 ἀλλο
813 1293 870 1347 δέ
903 1312 954 1347 τι
996 1293 1143 1364 παρά
1189 1293 1358 1346 ταῦτα
1397 1289 1536 1346 εἶναι
1574 1291 1652 1361 τῷ
1703 1292 1816 1361 ἰδίῳ

240 1386 387 1458 λόγῳ
406 1387 466 1440 τὸ
495 1385 869 1454 ὑποκείμενον,
901 1385 984 1452 ἐφ’
1011 1378 1070 1437 οὗ
1101 1385 1369 1455 μηδεμιᾶς
1389 1386 1647 1456 διαφορᾶς
1671 1385 1814 1454 εὑριο

243 1476 537 1546 σκομένης,
561 1475 647 1528 διὰ
676 1474 736 1527 τὸ
769 1473 1100 1544 κεχωρίσθαι
1133 1475 1230 1544 τῆς
1255 1475 1440 1537 οὐσίας
1468 1476 1567 1544 τὴν
1596 1473 1734 1526 κατὰ
1756 1473 1816 1525 τὸ

240 1567 498 1635 γεννητόν
526 1583 585 1618 τε
626 1564 721 1618 καὶ
761 1565 1052 1634 ἀγέννητον
1074 1565 1333 1636 διαφοράν
1357 1581 1371 1594 ο
1404 1563 1644 1617 λείπεται
1674 1564 1814 1617 acati

240 1658 422 1708 πᾶσαν
453 1655 697 1723 ἀνάγκην
723 1653 781 1706 τὸ
811 1654 1227 1724 ἀπαράλλακτον
1268 1654 1354 1707 ἐπ’
1375 1656 1576 1724 ἀμφοῖν
1597 1653 1692 1724 τὴν
1721 1654 1808 1706 οὑ-

242 1749 366 1801 σίαν
416 1746 775 1800 συντίθεσθαι.
839 1747 958 1798 Ἔτι
1007 1746 1101 1798 καὶ
1149 1746 1306 1798 τοῦτο
1344 1748 1454 1809 τοῖς
1505 1746 1809 1816 εἰρημένοις

238 1837 754 1911 προσεξετάσωμεψ
789 1834 910 1897 Πῶς
945 1833 1274 1906 κεχωρίσθαι
1298 1834 1390 1887 τοῦ
1419 1834 1629 1905 Πατρὸς
1664 1834 1810 1902 λέγει

234 1934 341 2002 τὴν
366 1931 648 1999 γέννησιν,
672 1925 858 1980 οὐσίαν
882 1927 1050 1996 αὐτὴν
1080 1925 1236 1990 νοῶν,
1269 1926 1302 1996 ἢ
1333 1925 1644 1998 ἐνέργειαν;
1673 1925 1811 1978 Ἀλλ’

240 2024 291 2076 εἰ
324 2024 424 2092 μὲν
459 2021 735 2091 ἐνέργειαν
755 2019 920 2072 οἴεται
945 2017 1167 2087 ταύτην,
1188 2018 1383 2088 ἐπίσης
1407 2018 1622 2080 πάντως
1653 2016 1731 2086 τῷ
1753 2033 1811 2068 τε

236 2110 608 2182 ένεργηϐέντι,
643 2110 737 2162 καὶ
765 2108 842 2179 τῷ
883 2105 1196 2178 ὲνεργοῦντι
1225 2107 1556 2160 συνάπτεται
1577 2122 1589 2135 ⁸
1623 2105 1812 2176 ὥσπερ

233 2206 334 2258 ἐπὶ
365 2204 544 2272 πάσης
571 2200 936 2268 κατασκευῆς,
969 2199 1167 2267 ὁμοίως
1193 2197 1286 2250 ὲπί
1310 2213 1366 2249 τε
1413 2195 1505 2250 τοῦ
1531 2197 1810 2267 γινομένου

233 2295 335 2349 καὶ
378 2293 473 2348 τοῦ
516 2292 790 2355 ποιοῦντος
834 2291 979 2344 ἐςτιν
1011 2291 1142 2344 ἰδεῖν
1178 2288 1275 2361 τὴν
1305 2289 1612 2360 ἐνέργειαν,
1678 2291 1810 2361 μήτε

229 2387 333 2439 τοῦ
364 2383 761 2454 τεχνιτεύοντος
802 2381 1194 2454 χωριζομένην,
1244 2381 1336 2434 καὶ
1383 2383 1448 2452 τῇ
1499 2383 1810 2453 κατασκευῇ

229 2479 346 2531 τῶν
367 2475 820 2546 ἀποτελεσμάτων
855 2472 1278 2544 ἐμφαινομένην.
1311 2473 1372 2525 Ei
1396 2471 1452 2524 δὲ
1485 2471 1672 2524 οὐσίαν
1711 2473 1808 2525 αὑ.

232 2571 336 2641 τὴν
359 2571 504 2636 λέγοι
552 2569 652 2638 τῆς
685 2567 780 2620 τοῦ
813 2567 1023 2637 Πατρὸς
1065 2564 1247 2630 οὐσίας
1285 2563 1714 2636 κεχωρισμένην,
1749 2565 1813 2617 ἐκ

231 2662 439 2730 ταύτης
460 2656 734 2728 ὁμολογῶν
755 2651 892 2709 εἶναι
911 2656 1002 2708 τὸν
1024 2643 1247 2726 Κύριον,
1269 2653 1424 2724 δῆλός
1461 2655 1578 2706 ἐστι
1611 2651 1812 2720 ταύτην

230 2752 360 2804 ἀντὶ
386 2751 477 2803 τοῦ
521 2748 731 2818 ΙΙατρὸς
755 2749 845 2800 ἐπὶ
875 2745 968 2800 τοῦ
995 2746 1328 2815 Μονογενοῦς
1350 2746 1580 2816 βλέπων,
1622 2745 1699 2825 ὡς
1722 2745 1814 2798 δύο

228 2839 486 2911 Ιῐατὲρας
509 2838 604 2895 ἐπὶ
639 2839 732 2893 τοῦ
766 2839 896 2894 Υίοῦ
929 2839 1161 2893 νοεῖσθαι
1183 2858 1196 2871 ο
1229 2838 1320 2891 τὸν
1360 2839 1457 2910 μὲν
1482 2837 1813 2907 ὀνομαζόμε-

228 2951 327 2986 νον
355 2933 538 3003 μόνον,
561 2933 618 2985 ὃν
643 2932 707 3003 δὴ
728 2934 820 2985 καὶ
847 2932 1139 3001 ἀγέννητον
1161 2931 1329 3000 λέγει,
1359 2932 1433 3001 μὴ
1456 2929 1814 2982 κοινωνοῦντα

368 3024 394 3036 ο

1924 480 2038 526 stra
2067 487 2240 536 mens,
2266 472 2312 526 si
2342 486 2448 524 non
2466 471 2699 541 amplius
2715 471 2985 527 similibus
3008 471 3166 525 malis
3185 487 3490 526 sermonem

1923 572 2170 619 nostrum
2212 565 2506 633 tingamus,
2542 572 2741 633 praeter
2765 563 2870 618 hoc
2893 563 3070 618 solum
3094 563 3320 632 quodex
3354 565 3484 615 mul-

1920 655 1990 710 tis
2017 655 2276 709 selectum
2290 655 2559 723 adjecisse
2593 655 2824 709 fortasse
2848 668 2955 706 non
2971 653 3075 708 erit
3092 654 3484 722 importunum:

1921 746 2063 801 Idem
2099 747 2233 802 dicit
2264 747 2548 817 aequaliter
2572 761 2694 802 cum
2721 761 2787 800 eo
2810 747 2902 816 qui
2937 747 3136 802 asserit
3160 760 3281 800 cum
3311 743 3488 799 Patris

1918 835 2157 890 essentia
2216 837 2526 905 copulatam
2572 850 2696 890 esse
2760 834 3120 902 ἀγεννησίανε
3167 849 3261 902 per
3288 834 3487 889 similia

1919 941 2101 982 sermo
2136 927 2398 996 procedit,
2425 927 2566 982 sicut
2601 927 2654 980 in
2689 924 2829 979 Filio
2849 925 3114 980 conclusit
3143 939 3157 977 :
3186 932 3368 993 aperte
3391 938 3487 993 per

1918 1032 1980 1073 ea
2003 1033 2124 1087 quae
2149 1018 2445 1072 adversarii
2469 1017 2780 1082 adstruunt,
2803 1017 3020 1086 pietatis
3044 1016 3317 1071 decretum
3348 1029 3483 1068 con-

1919 1108 2203 1176 ﬁrmatur;
2243 1125 2351 1164 non
2396 1110 2532 1164 idem
2567 1117 2759 1179 putare
2805 1123 2928 1162 cum
2969 1108 3204 1162 essentia
3261 1106 3486 1176 ingeniti

1917 1200 2184 1255 rationem
2213 1209 2268 1255 et
2321 1201 2746 1271 generationem,
2778 1200 2871 1254 sed
2913 1201 3027 1254 [nec
3054 1199 3106 1253 in
3137 1199 3324 1254 eodem
3356 1199 3486 1255 sub-

1911 1291 2059 1360 jecto
2097 1293 2456 1347 considerari.
2478 1292 2794 1362 Sulijectuzn
2819 1300 2995 1344 autem
3026 1291 3242 1361 propria
3278 1291 3485 1345 ratione

1914 1398 2038 1439 esse
2066 1385 2195 1454 quid
2228 1384 2374 1438 aliud
2430 1395 2625 1453 praeter
2651 1384 2790 1446 ista,
2829 1384 2882 1437 in
2911 1399 3020 1452 quo
3056 1397 3180 1437 cum
3217 1383 3363 1436 nulla
3397 1383 3483 1436 in-

1914 1476 2166 1530 veniatur
2199 1475 2522 1539 differentia,
2552 1490 2656 1545 qua
2707 1473 2774 1528 ab
2802 1475 3037 1528 essentia
3071 1481 3355 1542 separetur
3379 1473 3482 1527 dif-

1915 1568 2144 1624 ferentia
2181 1584 2302 1637 qum
2328 1575 2413 1624 est
2445 1568 2742 1623 secundum
2777 1567 3016 1638 genitum
3054 1577 3105 1620 et
3135 1566 3434 1636 ingenitum
3465 1582 3480 1619 :

1915 1669 2086 1715 restat
2106 1659 2417 1715 necessario
2447 1661 2498 1714 in
2522 1661 2791 1714 ambobus
2820 1660 3112 1714 essentiam
3155 1659 3400 1713 eamdem
3430 1667 3484 1710 et

1915 1750 2137 1804 minime
2162 1750 2497 1804 diﬂ'crentem
2531 1765 2653 1803 esse
2683 1747 2952 1802 confiteri.
2987 1748 3120 1802 lllud
3149 1749 3313 1803 etiam
3346 1764 3484 1820 prat-

1915 1845 1997 1891 ter
2016 1851 2078 1891 ea
2107 1838 2356 1908 quazjam
2387 1837 2530 1892 dicta
2577 1846 2727 1899 sunt,
2761 1839 3134 1893 examinemus
3161 1837 3482 1905 :Quomodo

1914 1927 2001 1982 hic
2039 1929 2238 1982 asserit
2276 1943 2305 1981 a
2335 1927 2497 1982 Patre
2544 1928 2944 1997 generationem
3011 1936 3317 1998 separatam
3338 1943 3485 1996 esse,

1913 2018 2212 2074 essentiam
2246 2019 2420 2089 ipsam
2453 2018 2759 2088 intelligens
2804 2031 2872 2071 an
2905 2030 3034 2072 vero
3089 2017 3490 2086 operationem?

1916 2112 2018 2167 Sed
2037 2113 2084 2167 si
2115 2113 2486 2183 operationem
2517 2128 2637 2168 eam
2687 2127 2808 2167 esse
2855 2119 3026 2180 putat,
3057 2111 3196 2166 banc
3228 2127 3293 2166 ex
3325 2126 3483 2182 sequo

1912 2217 2138 2271 prorsus
2169 2218 2291 2258 cum
2320 2214 2543 2274 operate
2569 2213 2620 2258 et
2650 2211 2908 2274 operante
2939 2204 3254 2274 conjungit:
3289 2218 3484 2273 quem-

1914 2291 2208 2348 admodum
2257 2295 2311 2350 in
2376 2296 2522 2348 omni
2579 2296 2758 2365 operis
2790 2302 3086 2357 structura,
3125 2295 3378 2348 similiter
3426 2296 3480 2348 in

1913 2399 1979 2440 eo
2006 2384 2153 2456 quod
2178 2384 2238 2439 fit
2263 2393 2318 2440 et
2349 2386 2403 2439 in
2431 2385 2696 2440 efficiente
2725 2388 3095 2456 operationem
3129 2385 3255 2442 licet
3281 2385 3481 2449 videre,

1913 2490 2089 2546 neque
2117 2476 2187 2530 ab
2223 2474 2432 2531 artifice
2453 2483 2753 2545 separatam
2783 2483 2836 2530 et
2863 2476 2914 2530 in
2947 2490 3171 2545 operum
3201 2484 3481 2532 structura

1912 2576 2280 2637 apparentem.
2306 2565 2460 2632 Quod
2497 2567 2972 2637 sifgenerationem
2993 2567 3266 2644 videlicet)
3294 2581 3483 2621 essen-

1913 2658 2042 2712 tiam
2074 2657 2247 2726 ipsam
2285 2656 2452 2722 dicat,
2485 2657 2553 2709 ab
2587 2657 2824 2712 essentia
2854 2656 3030 2710 Patris
3062 2667 3388 2727 separatam,
3416 2673 3482 2710 ex

1916 2747 2016 2803 hac
2046 2745 2336 2801 Dominum
2365 2761 2492 2800 esse
2529 2745 2796 2801 confitens
2824 2766 2836 2800 :
2870 2745 3337 2817 hanc.manifesto
3362 2747 3486 2800 loco

1913 2835 2094 2892 Patris
2134 2837 2188 2891 in
2220 2835 2358 2890 Filio
2389 2837 2633 2906 respicit,
2669 2839 2744 2891 ita
2795 2844 2852 2892 ut
2887 2837 3025 2893 duos
3058 2835 3244 2894 Patres
3267 2837 3320 2893 in
3345 2835 3486 2892 Filio

1915 2927 2203 2998 intelligat,
2233 2927 2385 2981 illum
2410 2927 2630 2997 quidem
2658 2927 2876 2982 neruine
2903 2929 3103 2991 solum,
3133 2944 3291 2998 quem
3320 2929 3486 2984 etiam

226 3026 290 3078 δὲ
335 3024 432 3093 τῆς
471 3025 805 3094 γεννήσεωςο
854 3023 951 3093 τὴν
1002 3023 1090 3089 δὲ,
1128 3023 1198 3076 τά
1226 3021 1320 3076 τοῦ
1356 3020 1564 3093 [ἰατρὸς
1598 3021 1688 3074 ἐπὶ
1718 3021 1812 3074 τοῦ

1921 3021 2219 3091 ingenitum
2247 3020 2400 3084 dicit,
2442 3035 2565 3074 eum
2627 3022 2975 3091 generatione
3001 3021 3201 3075 nullam
3239 3036 3486 3074 commu-

228 3114 579 3182 Μονογενοῦς
607 3113 954 3183 ἐνεργοῦσαν,
989 3113 1056 3184 ἢν
1095 3113 1344 3182 γέννησιν
1394 3113 1666 3181 ὀνομάζει.
1705 3111 1814 3164 Καὶ

229 3204 398 3258 τοῦτο
431 3204 631 3273 μᾶλλον
667 3204 733 3256 δι’
763 3203 944 3257 αὐτῶν
986 3203 1094 3256 τῶν
1132 3203 1399 3274 Εὑνομίου
1431 3203 1624 3272 λόγων,
1652 3203 1686 3272 ἢ
1726 3200 1816 3256 διὰ

232 3296 347 3349 τῶν
373 3293 656 3366 ἡμετέρων
685 3293 982 3364 ἐλέγχεται.

305 3469 474 3537 Λέγει
513 3463 619 3540 γὰρ
647 3469 706 3520 ἐν
735 3470 846 3531 τοῖς
887 3467 1110 3538 ὲφεξῆς⁶
1162 3463 1222 3523 Ὀ
1247 3467 1315 3522 δὲ
1335 3468 1478 3535 Θεὸς
1499 3469 1672 3539 χωρίς
1687 3486 1816 3540 τεν-

231 3562 477 3628 γήσεως
492 3559 597 3622 ὢν,
619 3561 714 3614 καί
735 3560 847 3628 πρὸ
867 3559 974 3614 τοῦ
991 3559 1381 3630 γεννηθέντος
1391 3561 1524 3614 ἐστί
1530 3576 1542 3589 ·
1563 3562 1654 3614 καὶ
1695 3564 1814 3632 μετ’

232 3655 437 3722 ὀλίγον’
462 3647 536 3723 ’ῼ
576 3654 684 3722 γὰρ
712 3653 780 3706 ἐκ
815 3652 926 3707 τοῦ
956 3651 1316 3722 γεννηθῆναι
1342 3653 1406 3705 τὸ
1433 3648 1606 3716 εἶναι,
1638 3649 1816 3719 οὗτος

234 3745 383 3812 πρὶν
406 3743 766 3812 γεννηθῆναι
784 3745 892 3798 οὐκ
913 3743 1008 3812 ἦν.
1027 3742 1266 3797 Οὐκοῦν
1277 3745 1327 3796 εί
1350 3743 1388 3811 ἡ
1406 3742 1691 3812 γέννησις
1699 3743 1818 3812 μὲν

235 3833 592 3905 κεχώρισται
609 3834 715 3888 τοῦ
728 3834 976 3902 Πατρός,
991 3833 1070 3900 τῷ
1083 3833 1150 3887 δὲ
1173 3832 1283 3898 Υιῷ
1303 3833 1371 3888 ἐκ
1400 3835 1506 3888 τοῦ
1525 3833 1814 3904 Territat?-

234 3945 253 3979 ι
275 3944 333 3979 αι
353 3927 419 3979 τὸ
433 3920 590 3979 strui
603 3925 790 3978 ἐστιν’
809 3925 920 3992 ἄρα
931 3925 1322 3995 ἀνενέργητος
1334 3928 1367 3980 ό
1379 3927 1578 3995 Πατὴρ
1593 3927 1689 3980 ἐπὶ
1705 3925 1817 3995 τῆς

235 4018 347 4072 τοῦ
376 4017 751 4085 Μονοῖενοῦς
776 4014 1187 4082 ὑποστάσεως,
1207 4020 1239 4070 ό
1258 4019 1694 4086 κεχωρισμένος
1709 4019 1818 4088 τῆς

237 4107 604 4175 ςεννιὶσεως,
625 4102 810 4177 ἀφ’ἧς
827 4110 858 4160 ὀ
883 4106 1012 4168 Υἱὸς
1030 4110 1090 4160 τὸ
1111 4107 1260 4162 εἶναι
1297 4108 1440 4177 ἔχει.
1460 4110 1522 4162 Εἰ
1545 4106 1636 4164 οὖν
1664 4111 1818 4180 ἠλλο-

234 4199 469 4269 τρεωται
507 4197 605 4267 τῆς
650 4197 744 4250 τοῦ
794 4195 924 4250 Υίοῦ
952 4201 1256 4270 γεννήσεως
1287 4199 1315 4251 ὁ
1354 4199 1564 4271 Πατὴρ.
1593 4200 1626 4270 ἢ
1661 4201 1818 4254 ἄλλον

234 4284 362 4342 τινὰ
383 4283 599 4358 Πατέρα
627 4289 720 4341 τοῦ
741 4287 872 4341 Υίοῦ
893 4287 980 4340 διὰ
999 4287 1090 4341 τοῦ
1111 4289 1208 4359 τῆς
1235 4290 1537 4360 γεννήσεως
1560 4291 1819 4361 ὀνόματος

235 4377 700 4443 ἀναπλάσσονσιν,
741 4378 774 4449 ἢ
815 4378 1205 4449 αὐτογέννητόν
1247 4396 1371 4433 τινα
1411 4380 1504 4432 καὶ
1532 4381 1812 4449 αὑτογένε-
1845 4381 1888 4435 D

236 4471 365 4523 θλον
408 4469 500 4523 τὸν
539 4470 667 4524 Υίὺν
711 4471 760 4524 οἱ
818 4471 971 4537 σοφοὶ
1007 4469 1093 4523 διὰ
1128 4470 1236 4523 τῶν
1267 4471 1571 4541 εἰρημένων
1603 4472 1814 4525 ἀποδειο

237 4561 518 4614 κνύουσιν.
575 4561 737 4631 Ὁρᾷς
768 4559 830 4613 τὸ
861 4577 1090 4629 πεφωρα
1109 4560 1268 4628 μένον
1291 4562 1388 4632 τῆς
1429 4563 1667 4626 διανοίας
1720 4563 1812 4617 τοῦ

236 4651 338 4721 τὴν
371 4649 612 4720 ἀμαθίαν
647 4651 778 4719 ἡμῖν
803 4649 916 4703 ἀνω
941 4652 1034 4703 ita).
1061 4653 1209 4704 κάτω
1230 4650 1316 4703 διὰ
1344 4651 1451 4705 τῶν
1483 4652 1626 4705 ἰδίων
1644 4653 1814 4721 λόγων

239 4743 640 4813 προφέροντοςι
668 4741 744 4805 ὡς
787 4741 1139 4796 διαπλανᾶται
1167 4745 1286 4806 ταῖς
1320 4744 1646 4808 πολυοδίαις.
1684 4745 1818 4816 μᾶλ-

238 4837 332 4889 λον
367 4835 425 4888 δὲ
451 4837 571 4898 ταῖς
591 4835 826 4898 ἀνῶξαις
853 4835 886 4905 ἡ
909 4833 1242 4904 βλασφημία.
1270 4834 1334 4886 δι’
1363 4836 1572 4899 οὐδενὸς
1597 4836 1814 4906 βεϐαίου

240 4927 385 4998 πρὸς
411 4926 503 4979 τὸν
527 4926 728 4978 σκοπὸν
759 4926 956 4996 ἑαυτῆς
987 4925 1270 4997 προϊοῦσα.
1301 4927 1410 4978 Καὶ
1441 4926 1518 4989 ὡς
1551 4926 1695 4979 ἔστιν
1725 4928 1817 4980 ἐπὶ

238 5017 354 5070 τῶν
398 5017 605 5086 νηπίων
650 5016 796 5079 ἰδεῖν,
840 5018 970 5071 ὅταν
1017 5019 1107 5087 ὑφ’
1152 5018 1366 5088 ἡλικίας
1415 5017 1726 5089 ἀϐύροντες,
1760 5021 1818 5073 ἐν

238 5109 458 5180 ψάμμῳ
478 5110 582 5162 τινὶ
614 5108 886 5179 μιμῶνται
910 5110 1008 5175 τὰς
1032 5111 1140 5164 τῶν
1166 5109 1614 5180 οἰκοδομημάτων
1648 5128 1818 5163 κατα-

243 5203 449 5262 σκευάς
465 5216 477 5227 ’
497 5194 578 5263 οἷς
605 5200 666 5254 οὑ
690 5200 829 5254 κατά
851 5201 1049 5254 σκοπὸν
1072 5205 1104 5272 ἡ
1140 5202 1368 5272 μίμησις
1403 5202 1660 5272 τεχνικῶς
1684 5203 1818 5274 πρὸς

241 5291 305 5342 τὸ
348 5289 657 5360 ἀρχέτυπον
701 5289 1006 5360 ὁμοιοῦται·
1056 5289 1199 5344 ἀλλά
1224 5291 1486 5363 πρότερον
1515 5291 1606 5344 ὑπ’
1636 5294 1821 5354 ἀνοίας

240 5397 298 5434 τι
318 5382 461 5434 κατᾶ
484 5381 546 5434 τὸ
565 5383 780 5454 συμϐὰν
801 5383 1180 5454 ἐξειργάσαντο
1197 5399 1212 5413 ο
1250 5380 1367 5436 εἶτα
1397 5383 1735 5452 βουλεύονται
1766 5387 1819 5440 τί

243 5474 355 5544 χρὴ
393 5475 657 5543 ὀνομάσαι
703 5477 764 5530 τὺ
813 5474 1264 5545 κατασκεύασμα.
1322 5474 1541 5544 Ταύτην
1587 5477 1678 5529 καὶ
1727 5479 1820 5531 ἐπὶ

241 5562 341 5615 τοῦ
367 5563 708 5634 λογογράφον
750 5567 848 5637 τὴν
882 5566 1160 5636 ἀγχίνοιαν
1191 5564 1390 5634 βλέπω.
1417 5561 1542 5619 Οἷον
1569 5567 1676 5638 γάρ
1701 5585 1821 5621 τινα

242 5653 478 5724 ψάμμον
511 5657 741 5726 σωρείαν
779 5659 920 5712 κατά
959 5657 1016 5710 τὸ
1045 5657 1267 5711 ἐπελθὸν
1300 5656 1448 5728 αὐτῷ
1475 5657 1544 5711 τὰ
1567 5659 1666 5723 τῆς
1694 5660 1820 5712 ἀσεο

1916 3114 2134 3168 nionem
2188 3113 2473 3168 habentem
2511 3155 2526 3178 ,
2567 3113 2707 3167 hanc
2731 3127 2860 3167 vero
2881 3127 3000 3182 qua:
3029 3122 3157 3166 sunt
3201 3111 3378 3168 Patris
3428 3114 3482 3168 in

1917 3204 2203 3275 Unigenito
2219 3213 2536 3274 operantem
2565 3221 2578 3257 :
2605 3218 2766 3274 quam
2790 3204 3192 3274 generationem
3216 3205 3482 3258 nominat.

1913 3296 2091 3366 Atque
2117 3295 2220 3350 hoc
2256 3295 2428 3366 magis
2480 3311 2546 3351 ex
2603 3295 2740 3365 ipsis
2776 3295 3026 3351 Eunomii
3085 3296 3267 3352 verbis
3317 3312 3482 3367 quant

1913 3386 2120 3441 nostris
2149 3384 2592 3456 deprehenditur.

1985 3479 2124 3532 DicTt
2159 3479 2302 3534 enim
2349 3477 2845 3548 insequentibus:
2898 3479 3040 3532 Deus
3092 3491 3264 3533 autem
3291 3481 3484 3550 quiest

1915 3571 2024 3623 sine
2063 3568 2434 3638 generatione,
2475 3570 2632 3622 etiam
2669 3578 2745 3622 est
2802 3580 2924 3624 ante
2971 3571 3024 3622 id
3071 3571 3208 3640 quod
3248 3572 3480 3639 genitum

1913 3667 2032 3724 est;
2093 3667 2148 3712 et
2195 3659 2356 3728 paulo
2415 3665 2534 3727 post
2561 3676 2574 3710 :
2607 3657 2706 3712 Cui
2741 3661 2880 3713 enim
2909 3669 2983 3713 cst
3016 3677 3121 3713 esse
3149 3678 3211 3714 ere
3261 3677 3319 3715 eo
3347 3665 3484 3732 quod

1913 3751 1982 3804 sit
2019 3751 2242 3820 genitus.
2295 3750 2378 3802 hic
2421 3751 2727 3818 priusquam
2782 3761 2910 3804 esset
2949 3753 3151 3822 genitus
3199 3770 3299 3806 non
3345 3765 3478 3808 erat.

1916 3841 2057 3913 Ergo
2085 3847 2132 3896 si
2164 3843 2435 3912 generatio
2465 3859 2496 3894 ιι
2532 3843 2695 3897 Patre
2723 3854 2796 3896 est
2821 3854 3068 3914 separata
3097 3862 3115 3902 ε
3146 3846 3279 3899 Filio
3305 3858 3482 3901 autem

1916 3950 2025 3988 esse
2069 3943 2145 3988 est
2209 3950 2273 3987 ea:
2327 3949 2386 3986 eo
2440 3935 2578 4006 quod
2635 3935 2702 3987 sit
2758 3935 3191 4004 genitus:igitur
3235 3935 3482 3990 Pateriu

1923 4025 2192 4098 Unigeniti
2243 4027 2578 4080 subsistentia
2614 4027 2808 4080 otiosus
2846 4035 2942 4088 est,
2978 4027 3208 4096 nihilque
3237 4043 3478 4097 aperans,

1918 4139 2034 4176 cum
2063 4124 2130 4176 sit
2174 4139 2206 4174 a
2255 4121 2588 4192 generatione
2639 4129 2913 4190 separatus
2943 4136 2974 4171 a
3023 4135 3125 4190 qua
3171 4115 3338 4175 Filius
3374 4139 3483 4176 esse

1916 4213 2088 4266 habet.
2123 4211 2180 4266 Si
2211 4211 2378 4280 igitur
2405 4210 2564 4264 Pater
2592 4224 2622 4263 a
2662 4210 2782 4264 Filii
2831 4213 3180 4280 generatione
3215 4213 3484 4270 alienatus

1917 4311 2022 4369 est,
2074 4303 2157 4357 vel
2213 4303 2378 4355 alium
2421 4301 2705 4371 quemdam
2749 4300 2866 4355 Filii
2898 4299 3110 4355 Patrem
3162 4318 3258 4373 per
3287 4320 3479 4360 nomrn

1918 4393 2285 4464 generationis
2317 4393 2655 4462 confingunt,
2689 4393 2772 4449 vel
2801 4409 2864 4448 ex
2893 4411 2949 4450 se
2986 4396 3223 4464 genitum
3247 4397 3482 4468 aliquem

1919 4491 1974 4539 et
2006 4483 2092 4538 cui
2126 4482 2226 4553 ipsi
2255 4497 2284 4536 a
2315 4483 2498 4553 seipso
2520 4499 2691 4553 genus
2710 4492 2812 4547 est,
2843 4483 3036 4540 Filium
3081 4487 3167 4541 isti
3210 4490 3485 4558 sapientes

1920 4590 2016 4646 per
2035 4589 2098 4630 ea
2132 4590 2252 4645 qua:
2277 4575 2560 4630 suntdicta
2583 4576 2958 4632 demonstrant
2985 4596 2998 4632 :
3023 4578 3170 4635 vides
3195 4582 3490 4652 intelligi-n-

1921 4667 2052 4722 tiam
2080 4669 2226 4723 velut
2256 4669 2309 4722 in
2368 4667 2513 4724 furto
2556 4669 2947 4740 deprehensam
2994 4672 3133 4742 ejus.
3193 4675 3283 4743 qui
3329 4677 3488 4732 nobis

1923 4759 2194 4814 inscitiam
2230 4775 2446 4815 sursum
2485 4767 2538 4816 et
2563 4761 2816 4816 deorsum
2845 4763 2960 4818 suis
2977 4766 3324 4821 sermonibus
3357 4783 3486 4836 pro.

1924 4849 2027 4905 fert
2049 4860 2104 4904 et
2123 4849 2330 4918 objicit,
2362 4865 2521 4920 quam
2557 4851 2744 4905 multis
2789 4853 2890 4907 viis
2917 4854 3154 4915 oberrat,
3190 4858 3272 4910 vel
3305 4861 3486 4926 potius

1924 4940 2083 4996 inviis
2108 4940 2221 4995 sive
2269 4939 2441 4996 deviis
2484 4941 2618 4996 locis
2649 4942 2981 5012 blasphemia
3023 4947 3172 4999 nullo
3227 4946 3379 5002 firmo
3433 4958 3487 5002 et

1923 5041 2076 5088 certo
2099 5033 2267 5102 gradu
2319 5031 2385 5085 ad
2418 5047 2575 5087 suum
2627 5048 2850 5102 scopum
2890 5038 3260 5107 progrediens.
3311 5039 3490 5108 Atque

1925 5131 1984 5176 ut
2009 5125 2063 5176 in
2097 5121 2398 5177 infantibus
2443 5123 2568 5177 licet
2608 5123 2810 5188 videre,
2837 5140 2958 5178 cum
2997 5143 3106 5197 pne
3153 5136 3309 5183 atate
3357 5129 3491 5185 lusi-

1924 5222 2104 5270 tantes
2126 5213 2180 5269 in
2211 5228 2375 5269 arena
2400 5213 2630 5284 quadam
2656 5215 3007 5271 aediﬁciorum
3040 5226 3344 5276 structuras
3369 5221 3493 5275 imi-

1925 5313 2130 5368 tantur,
2174 5305 2376 5375 quibus
2431 5322 2538 5362 non
2578 5307 2642 5360 ad
2673 5308 2907 5378 aliquem
2959 5325 3182 5379 scopum
3239 5312 3486 5374 imitatio,

1926 5395 2225 5451 secundum
2263 5396 2396 5452 artis
2424 5397 2636 5466 regulas
2663 5398 2726 5450 ad
2751 5399 3098 5469 archetypum
3117 5402 3450 5458 assimilatnr
3473 5423 3489 5473 ς

1927 5480 2022 5536 sed
2062 5482 2214 5552 prius
2247 5497 2358 5552 prze
2403 5482 2637 5536 amentia
2667 5499 2732 5538 ex
2756 5492 2948 5539 eventu
2981 5487 3182 5558 aliquid
3210 5501 3494 5544 exstruxi--

1927 5581 2054 5625 runt
2085 5589 2098 5625 :
2129 5570 2327 5626 deinde
2378 5571 2684 5626 deliberant
2719 5574 2849 5641 quid
2909 5579 3193 5634 nominare
3244 5593 3491 5652 eporteat

1927 5660 2070 5734 quod
2096 5669 2429 5718 exstructum
2465 5672 2542 5718 est
2574 5665 2857 5722 :camdcm
2917 5667 2969 5723 in
2998 5669 3265 5743 scriptore
3317 5675 3489 5731 soler-
