4002 6218
508 212 617 269 839

1702 203 1765 261 S.
1804 197 2130 259 GREGORII
2166 195 2457 254 NYSSENl

3643 192 3741 250 8ιὺ

510 329 644 379 tiam
673 316 949 395 perspicio
971 338 989 391 ;
1019 320 1166 377 velut
1208 321 1353 377 enim
1393 335 1571 377 arena:
1595 333 1873 380 acervum,
1911 322 2071 389 prout

2195 313 2324 378 Ξείας
2348 313 2567 385 ῥήματα
2591 310 2967 381 συμφορήσας,
2997 307 3138 379 μετὰ
3160 304 3325 361 ταῦτα
3361 302 3628 373 λογίζεται
3651 308 3743 376 την

509 418 564 472 ei
590 418 643 473 in
700 428 933 471 mentem
985 415 1154 477 venit,
1206 413 1500 484 impietatis
1549 413 1713 469 verba
1758 424 2080 481 congerens.

515 515 703 577 postea
763 505 1012 560 insanam
1051 503 1446 573 blasphemiam
1508 519 1618 559 non
1673 500 2082 563 animadvertit,

513 599 720 668 absque
739 598 846 652 ulla
881 595 1129 651 rationali
1174 595 1564 651 consecutione
1611 594 1840 651 fortuito
1872 600 1928 649 et
1950 606 2084 648 casu

512 703 612 760 per
629 703 691 744 ea
719 704 839 758 qua:
859 688 925 742 ab
952 702 1019 743 eo
1045 694 1173 741 sunt
1217 687 1361 743 dicta
1392 688 1767 757 pullulantem.
1792 684 1911 740 Non
1938 685 2083 740 enim

512 780 752 834 arbitror
770 794 835 833 ex
862 779 1140 849 proposito
1162 780 1532 849 generationis
1562 777 1977 833 subsistentiam
2009 775 2081 830 ab

514 874 635 943 ipso
662 872 947 926 contictam
970 885 1113 934 esse,
1142 869 1263 925 loco
1292 868 1472 925 Patris
1498 869 1750 924 essentia:
1778 867 1898 922 Filii
1928 881 2087 923 acce—

510 964 746 1017 dentem.
780 960 961 1030 Neque
990 958 1200 1013 Patrem
1235 974 1266 1013 a
1303 958 1424 1014 Filii
1455 960 1804 1031 generatione
1838 959 2081 1015 alienum

508 1054 909 1115 demonstrare,
953 1050 1054 1104 fuit
1100 1051 1211 1115 hic,
1244 1050 1388 1105 sicut
1418 1065 1561 1114 reor,
1620 1065 1822 1121 scopus
1879 1049 2085 1105 oratori

514 1145 864 1216 propositus;
898 1157 1074 1211 neque
1111 1142 1215 1197 hoc
1239 1156 1270 1197 a
1300 1143 1482 1213 seipso
1517 1157 1689 1213 genus
1716 1141 1922 1198 habens
1956 1157 2085 1213 por-

509 1245 744 1295 tentum,
776 1251 870 1305 per
900 1235 1135 1304 aliquam
1165 1229 1578 1288 antecedentem
1634 1232 2086 1289 deliberationem

514 1327 720 1380 illatum
748 1336 848 1381 est.
887 1323 991 1379 Sed
1025 1325 1209 1379 omnia
1252 1325 1381 1378 talia
1413 1325 1621 1395 absque
1667 1340 1831 1381 sensu
1868 1339 1964 1395 per
1995 1340 2090 1380 vo-

511 1421 702 1475 mitum
729 1421 797 1472 ab
840 1418 943 1471 hoc
985 1417 1361 1487 scriptitatore
1397 1424 1527 1471 sunt
1550 1425 1760 1487 egesta,
1790 1423 1851 1470 ut
1901 1417 1953 1471 in
2003 1416 2089 1471 his

513 1525 620 1564 non
649 1509 810 1578 longa
837 1507 906 1562 sit
928 1507 1280 1562 accusatione
1314 1506 1513 1578 dignus
1541 1506 1637 1577 qui
1667 1515 1815 1561 errat
1844 1507 1900 1562 in
1917 1507 2088 1563 docu-

515 1602 729 1664 mentis,
760 1615 938 1668 neque
984 1600 1142 1662 sciat,
1172 1599 1314 1654 sicut
1359 1599 1601 1669 loquitur
1640 1599 1957 1671 Apostolus,
1993 1615 2089 1655 ne-

511 1707 620 1762 que
657 1690 799 1761 quod
836 1690 989 1753 dicit,
1011 1703 1187 1759 neque
1210 1688 1277 1744 de
1302 1689 1513 1759 quibus
1538 1688 1767 1743 allirmat
1798 1690 1863 1745 ¹².

582 1782 680 1837 Cui
712 1781 878 1845 enim,
908 1780 1103 1850 inquit,
1127 1796 1252 1836 esse
1303 1780 1573 1851 contingit
1618 1795 1685 1835 ex
1717 1796 1782 1835 eo
1823 1782 1969 1852 quod
2016 1782 2085 1838 sit

513 1876 750 1948 genitus,
783 1875 869 1929 hic
917 1882 1043 1929 ante
1078 1874 1487 1945 generationem
1536 1890 1644 1928 non
1692 1883 1837 1929 erat.
1882 1873 1939 1928 Si
1990 1891 2088 1945 pro

514 1964 675 2021 Patre
720 1965 1033 2035 intelligens
1081 1964 1489 2033 generationem
1532 1963 1688 2027 dicit,
1734 1978 1833 2034 ego
1871 1979 2089 2036 quoque

517 2058 808 2124 assentior,
842 2065 897 2112 et
932 2073 1039 2113 non
1092 2065 1177 2111 est
1218 2056 1311 2125 qui
1355 2055 1734 2111 contradicat:
1768 2056 1909 2111 idem
1942 2058 2086 2112 enim

518 2165 614 2219 per
642 2157 930 2217 utramque
957 2147 1254 2201 dictionem
1286 2147 1412 2200 licet
1447 2147 1758 2217 significare
1784 2165 1800 2215 ;
1833 2156 1885 2201 et
1924 2164 1992 2203 ex
2022 2163 2089 2203 eo

516 2240 661 2309 quod
700 2240 825 2308 quis
864 2237 1030 2299 dicat,
1069 2238 1212 2307 quod
1263 2237 1539 2292 Abraham
1573 2240 1760 2310 genuit
1799 2238 1988 2308 lsaac;
2036 2250 2089 2298 et

518 2345 618 2401 pro
659 2330 861 2399 genuit,
891 2328 1034 2399 quod
1069 2337 1222 2396 pater
1255 2327 1359 2384 luit
1402 2328 1585 2385 lsaac:
1619 2332 1877 2400 quoniam
1924 2333 2091 2404 igitur

521 2418 663 2474 idem
691 2427 773 2473 est
804 2418 1058 2489 genuisse
1090 2424 1144 2472 et
1176 2424 1385 2487 patrem
1413 2434 1555 2483 esse,
1581 2420 1629 2474 si
1662 2421 1787 2490 quis
1813 2422 1867 2476 in
1912 2423 2080 2479 altera

521 2510 696 2566 forma
748 2509 981 2580 accipiat
1007 2510 1195 2576 verba,
1237 2509 1379 2565 idem
1408 2525 1532 2567 esse
1579 2526 1705 2567 cum
1740 2515 2091 2585 generatione

522 2602 823 2673 paternitas
855 2600 1341 2658 demonstrabitur.
1392 2601 1450 2657 Si
1515 2603 1682 2676 igitur
1711 2606 1791 2661 sic
1846 2605 2092 2679 loquitur

523 2693 823 2750 Eunomius
848 2710 863 2747 :
891 2693 1035 2764 quod
1084 2691 1175 2747 cui
1207 2706 1274 2748 ex
1314 2694 1471 2750 Patre
1516 2701 1602 2749 cst
1657 2710 1798 2761 esse,
1836 2696 1927 2753 hic
1965 2707 2093 2755 ante

523 2785 737 2841 Patrem
797 2799 907 2839 non
959 2792 1098 2847 erat,
1132 2798 1302 2840 sanus
1337 2793 1421 2839 est
1456 2801 1658 2851 sermo,
1694 2795 1749 2842 et
1787 2802 1887 2845 nos
1922 2789 2088 2848 dictis

521 2877 791 2931 calculum
821 2876 1005 2930 album
1036 2874 1344 2944 adjicimus.
1376 2874 1533 2942 Quod
1562 2877 1611 2931 si
1651 2878 1719 2933 ad
1778 2879 1927 2935 illam
1973 2896 2091 2938 ser-

524 2982 684 3023 mone
708 2966 943 3022 recurrit
991 2966 1416 3037 generationem,
1477 2975 1532 3023 et
1562 2976 1869 3039 separatam
1902 2986 2027 3029 esse
2060 2988 2092 3027 a

525 3059 687 3114 Patre
720 3057 1022 3121 contendit,
1058 3066 1252 3113 etcum
1285 3057 1421 3114 Filio
1450 3060 1781 3131 copulatam,
1813 3078 2013 3119 vanum
2039 3074 2093 3120 et

525 3162 746 3204 cassum
776 3164 899 3204 esse
923 3148 1158 3205 arbitror
1183 3150 1235 3204 in
1254 3165 1436 3206 rerum
1474 3151 1720 3209 inanium
1771 3161 1825 3209 et
1853 3153 2090 3211 [utilium

524 3248 578 3294 et
626 3254 657 3293 a
717 3241 928 3296 ratione
967 3240 1249 3296 deviarum
1308 3243 1679 3313 speculatione
1728 3244 1936 3301 diutius
1988 3247 2094 3302 im-

447 3374 475 3399 ,
526 3330 749 3385 morari.
798 3328 982 3401 Neque
1010 3332 1154 3386 enim
1194 3332 1307 3386 sive
1363 3347 1477 3387 rem
1527 3333 1581 3387 in
1630 3335 1849 3405 pr0pria
1910 3337 2095 3392 subsi~

528 3422 727 3479 stentia
762 3429 1061 3492 spectatam
1106 3422 1509 3491 generationem
1540 3432 1714 3494 putat,
1748 3441 1925 3496 neque
1948 3429 1994 3485 si
2024 3428 2092 3484 ad

527 3513 733 3582 aliquid
769 3510 915 3581 quod
950 3526 1056 3567 non
1084 3512 1349 3567 subsistat
1378 3514 1694 3570 notionihus
1730 3531 1828 3585 per
1860 3517 1963 3573 hoc
1991 3534 2091 3573 no-

527 3619 650 3659 men
711 3602 1066 3673 pertrahitur,
1118 3603 1387 3659 hactenus
1433 3618 1502 3660 ex
1558 3605 1723 3661 dictis
1776 3609 2095 3679 conspicere

528 3693 835 3764 potuimus:
873 3692 1044 3749 fertur
1070 3693 1214 3747 enim
1250 3693 1304 3747 in
1329 3701 1619 3765 utramque
1648 3696 1962 3767 Opinionem
1985 3715 2095 3755 non

530 3785 668 3840 bene
696 3792 1013 3854 compactus
1036 3799 1135 3839 nec
1154 3783 1324 3840 ﬁrmis
1347 3786 1623 3844 radicibus
1639 3789 1861 3845 innixus
1887 3808 2093 3861 sermo,

530 3875 801 3929 inclinans
822 3874 889 3928 ad
936 3874 989 3928 id
1018 3874 1163 3944 quod
1197 3875 1516 3947 intelligenti
1555 3880 1728 3950 magis
1758 3882 2056 3951 placuerit.

603 3963 708 4018 Sed
739 3962 983 4017 nondum
1026 3963 1375 4032 blasphemia:
1418 3968 1744 4024 acerbitates
1774 3974 2098 4028 examinata

532 4060 689 4114 sunt,
751 4068 887 4122 quas
918 4053 972 4107 in
1010 4055 1366 4123 sequentibus
1428 4057 1655 4127 scriptis
1714 4059 1945 4129 adjicit;
2000 4063 2097 4117 sed

527 4145 639 4214 jam
666 4145 781 4212 ejus
811 4146 955 4200 dicta
984 4145 1049 4199 ad
1086 4146 1315 4202 verbum
1342 4148 1772 4207 consideremus.
1804 4151 1958 4207 Haud
1983 4156 2098 4210 scio

534 4249 666 4290 sane
720 4234 992 4304 quomodo
1019 4234 1332 4291 horriﬁcam
1379 4245 1435 4292 et
1484 4238 1706 4309 impiam
1750 4241 1959 4299 Christi
2001 4260 2099 4315 op-

535 4325 853 4394 pugnaturis
891 4324 1129 4379 haeretici
1179 4325 1537 4395 scriptionem
1572 4330 1775 4385 audere
1830 4332 1959 4387 licet
2002 4348 2097 4389 ore
2129 4368 2175 4426 ο

533 4413 811 4485 proferre;
844 4430 1036 4469 vereor
1076 4430 1143 4469 ne
1176 4415 1260 4469 ori
1290 4430 1385 4485 per
1416 4418 1559 4486 quod
1591 4420 1816 4475 verbum
1877 4425 2097 4488 transit,

535 4503 775 4558 letalium
811 4519 1141 4559 venenorum
1170 4518 1326 4559 more
1383 4505 1679 4562 mortiferae
1717 4512 2102 4569 amaritudinis

533 4594 791 4665 reliquias
848 4595 1018 4649 indat.
1084 4593 1321 4661 Oportet,
1372 4594 1549 4664 inquit
1595 4598 1915 4668 Apostolus,
1951 4619 2102 4656 acce-

532 4684 736 4739 dentem
767 4685 835 4738 ad
873 4684 1038 4739 Deum
1067 4684 1275 4739 credere
1302 4688 1429 4755 quia
1458 4696 1535 4739 est
1568 4687 1631 4741 “.
1680 4686 1848 4759 Igitur
1876 4692 2102 4749 deitatis

533 4776 811 4846 proprium
856 4774 1117 4830 indicium
1149 4783 1232 4831 est
1270 4792 1396 4832 vere
1427 4793 1570 4833 esse.
1606 4777 1707 4833 llic
1739 4791 1918 4836 autem
1974 4799 2097 4839 eum

532 4867 626 4938 qtti
667 4881 791 4921 vere
836 4873 941 4928 est,
978 4865 1213 4921 adstruit
1267 4867 1345 4922 vel
1395 4883 1501 4922 non
1549 4870 1767 4938 pr0prie
1814 4886 1971 4937 esse,
2015 4873 2101 4928 vel

532 4974 639 5015 non
672 4959 727 5013 in
756 4958 1072 5015 universum
1111 4973 1270 5015 esse:
1301 4960 1447 5029 quod
1503 4960 1646 5017 idem
1672 4969 1756 5017 est
1785 4977 1850 5017 ac
1879 4965 1924 5019 si
1955 4964 2101 5021 dicat

531 5051 677 5120 quis,
704 5049 928 5104 omnino
953 5059 1005 5106 et
1051 5049 1269 5119 penitus
1310 5066 1417 5105 non
1449 5067 1602 5118 esse;
1649 5054 1744 5124 qui
1787 5055 1932 5110 enim
1971 5072 2100 5127 pro-

530 5143 649 5214 prie
680 5159 790 5198 non
837 5150 941 5209 est,
989 5156 1168 5211 neque
1196 5148 1280 5198 est
1326 5141 1595 5200 funditus.
1630 5145 2098 5211 Quemadmodum

531 5233 579 5289 is
613 5233 814 5290 dicitur
846 5249 939 5305 per
975 5233 1339 5305 phantasiam,
1388 5236 1501 5290 sive
1560 5236 2004 5308 imaginationem
2042 5239 2100 5294 in

531 5325 738 5381 somnis
767 5341 1008 5393 currere,
1042 5324 1133 5396 qui
1181 5339 1374 5380 cursus
1411 5326 1593 5383 studio
1645 5342 1863 5385 currere
1914 5330 2103 5401 imagi-

533 5425 712 5471 natur.
740 5416 843 5473 Sed
873 5418 1131 5489 quoniam
1151 5416 1289 5475 l‘also
1309 5419 1420 5474 veri
1440 5434 1637 5477 cursus
1663 5420 2101 5493 imaginationem

604 5595 651 5631 "
682 5593 704 5650 1
742 5594 884 5652 Tim.
926 5614 965 5665 ι,
996 5599 1048 5656 ’1.
1125 5598 1349 5655 “Hebr.
1395 5614 1469 5667 ιι,
1499 5597 1554 5655 6.

2185 404 2501 475 ἀδιανόητον
2536 400 2905 472 βλασφημίαν,
2928 398 3062 472 πρὸς
3092 398 3119 451 ὃ
3149 415 3201 451 τι
3233 396 3440 468 βλέπει,
3463 395 3588 466 δίχα
3613 399 3743 460 τινὸς

2184 496 2410 566 λογικῆς
2441 493 2760 557 ἀκολουθίας
2796 494 2862 545 ἐκ
2899 489 2994 545 τοῦ
3028 490 3339 559 αὐτομάτου
3361 488 3449 543 διὰ
3480 486 3588 541 τῶν
3609 489 3747 557 εἰρη-

2188 589 2363 659 μένων
2383 588 2736 655 ἀναφυεῖσαν.
2768 585 2841 639 Οὑ
2863 584 2971 655 γὰρ
2991 579 3141 654 οἶμαι
3167 570 3305 636 κατά
3332 581 3589 651 πρόθεσιν
3610 581 3747 651 αὔτῷ

2185 681 2284 750 τὴν
2336 681 2434 750 τῆς
2473 679 2737 748 γενέσεως
2796 677 3089 730 ὑπόστασιν
3135 673 3583 737 ἀναπεπλάσθαι,
3635 673 3749 728 ἀντί

2186 768 2400 840 Πατρδς
2443 773 2508 841 τῇ
2550 770 2707 841 οὑσίᾳ
2745 768 2838 822 τοῦ
2886 766 3015 821 Υίοῦ
3057 766 3365 837 γινομένην.
3402 763 3539 820 Οὐδὲ
3577 764 3639 817 τὸ
3664 766 3746 818 ἀλ-

2185 859 2394 932 λότριον
2434 859 2814 930 ἀποδειχθῆναι
2857 859 2955 929 τῆς
3005 856 3308 927 γεννήσεως
3354 852 3447 907 τοῦ
3500 851 3631 906 Υἱού
3670 855 3749 908 τὸν

2186 953 2425 1024 Πατέρα,
2465 955 2493 1007 6
2536 955 2733 1016 σκοπὸς
2772 947 2873 1023 ἦν,
2906 953 2982 1014 ὡς
3001 947 3174 1023 οἶμαι,
3211 949 3289 1020 τῷ
3331 949 3543 1020 ῥήτορι,
3577 948 3748 1019 οὑδὲή

2187 1043 2570 1113 αὑτογένεθλος
2624 1042 2904 1115 τερατεία,
2972 1043 3063 1098 διά
3121 1059 3265 1104 τινος
3319 1038 3750 1112 προδουλεύσεως

2187 1136 2569 1207 ἐπεισηνέχθη.
2619 1136 2778 1191 Ἀλλά
2802 1135 2977 1189 πάντα
3002 1133 3071 1187 τά
3092 1133 3311 1187 τοιαῦτα
3332 1131 3571 1194 διανοίας
3596 1132 3751 1201 χωρῇ

2186 1231 2482 1304 ἀπημέσθη
2509 1229 2588 1301 τῷ
2633 1230 2987 1300 λογογράφῳ,
3009 1228 3086 1292 ὡς
3119 1226 3251 1298 μηδὲ
3292 1224 3491 1295 πολλῆς
3531 1224 3679 1288 ἀξιον
3702 1228 3750 1278 ὲν

2185 1322 2393 1388 τούτοις
2418 1323 2750 1395 κατηγορίας
2794 1319 2954 1385 εἶναι,
2980 1321 3073 1374 τὸν
3112 1318 3537 1390 πλημμελοῦντα
3576 1318 3675 1387 μὲν
3703 1320 3751 1371 ἐν

2186 1417 2299 1480 τοῖς
2323 1416 2616 1486 δόγμασιν,
2657 1415 2757 1467 οὑκ
2783 1412 2957 1466 εἰδότα
2980 1412 3036 1465 δὲ
3056 1453 3071 1479 ,
3118 1410 3300 1475 καθὼς
3338 1429 3502 1482 φησιν
3536 1414 3565 1465 6
3609 1412 3753 1464 ’Λπό-

2190 1506 2401 1570 στολος,
2429 1504 2552 1560 οὔτε
2580 1505 2608 1558 6
2636 1504 2817 1573 λέγει,
2845 1503 2967 1558 οὔτε
3001 1504 3128 1576 περὶ
3151 1503 3309 1558 τίνων
3336 1503 3749 1557 διαϐεϐαιοῦται.

2258 1762 2341 1840 ᾯ
2360 1768 2469 1839 γὰρ
2496 1768 2561 1821 ὲκ
2597 1766 2688 1821 τοῦ
2739 1764 3101 1837 γεννηθῆναι,
3131 1766 3282 1835 φησί,
3316 1765 3378 1818 τὸ
3403 1762 3569 1829 εἶναι,
3605 1757 3748 1828 οὗτος

2189 1858 2294 1929 πρὸ
2328 1860 2426 1929 τῆς
2455 1860 2759 1931 γεννήσεως
2793 1858 2892 1911 οὑκ
2912 1852 2999 1929 ἦν.
3032 1857 3094 1911 Εἰ
3121 1857 3242 1911 ἀντὶ
3264 1856 3358 1910 τοῦ
3385 1855 3602 1927 Πατρὸς
3631 1857 3753 1908 νοῶν

2189 1950 2284 2021 τὴν
2318 1950 2568 2021 γέννησιν
2588 1949 2754 2018 λέγει,
2782 1949 2936 2018 κάγὼ
2968 1948 3396 2019 συντίθεμαι,καὶ
3415 1949 3443 2001 6
3471 1947 3755 2016 ἀντιλέγων

2188 2044 2289 2096 οὑκ
2338 2042 2505 2095 ἔστιν.
2550 2042 2728 2095 Ταύτὸ
2774 2043 2883 2112 γάρ
2931 2043 3047 2094 ἔστι
3096 2041 3163 2095 δι’
3210 2040 3478 2113 ἑκατέρας
3525 2040 3755 2110 σημῆναι

2188 2132 2285 2202 τῆς
2310 2130 2525 2197 λέξεως,
2556 2132 2619 2185 ἐκ
2651 2150 2712 2186 τε
2740 2132 2835 2186 τοῦ
2866 2133 3061 2199 εἰπεῖν,
3104 2134 3185 2186 ὅτι
3232 2132 3481 2203 Ἀϐραὰμ
3511 2133 3757 2201 ἐγέννησε

2189 2224 2280 2277 τὸν
2305 2224 2510 2289 Ἰσαὰκ,
2538 2227 2634 2280 καὶ
2664 2225 2784 2280 ἀντὶ
2810 2225 2902 2279 τοῦ
2937 2225 3245 2296 ἐγέννησεν,
3267 2226 3352 2279 ὅτι
3382 2225 3570 2297 πατὴρ
3589 2225 3759 2292 ἐγένε-

2189 2331 2251 2369 το
2300 2314 2393 2370 τοῦ
2436 2314 2636 2370 Ἰσαάκ.
2684 2317 2836 2372 Ἐπεὶ
2857 2313 2950 2371 οὖν
2973 2317 3169 2370 ταύτόν
3196 2316 3311 2370 ἐστι
3338 2317 3414 2389 τῷ
3444 2318 3760 2387 γεγεννῳιέ·

2190 2422 2277 2459 ναι
2307 2406 2368 2459 τὸ
2391 2408 2603 2478 πατέρα
2635 2404 2791 2474 εἶναι,
2826 2409 2880 2462 εί
2903 2424 2989 2472 τις
3020 2407 3157 2479 πρὸς
3178 2407 3361 2478 ἕτερον
3391 2405 3564 2460 τύπον
3603 2422 3760 2477 μετα-

2189 2493 2342 2549 λάὃοι
2374 2495 2445 2550 τὰ
2476 2497 2713 2567 ῥήματα,
2736 2497 2933 2551 ταὺτδν
2965 2490 3098 2552 οὖσα
3126 2500 3190 2569 τῇ
3216 2499 3465 2568 γεννήσει
3498 2500 3532 2569 ἡ
3565 2498 3759 2568 πατρό-

2188 2605 2289 2660 της
2316 2588 2783 2660 ἀναδειχθήσεται.
2820 2590 2882 2643 Εἰ
2919 2585 3011 2643 οὖν
3041 2588 3183 2642 οὕτω
3214 2590 3377 2659 φησιν
3407 2590 3437 2643 6
3478 2589 3759 2661 Εὖνόμιος,

2191 2671 2365 2753 ὃτι’ῼ
2404 2680 2513 2753 γάρ
2561 2680 2626 2734 ὲκ
2665 2676 2759 2733 τοῦ
2799 2679 3011 2751 Πατρὸς
3038 2680 3098 2734 τὸ
3139 2676 3312 2747 εἶναι,
3360 2674 3514 2746 οὗτος
3542 2680 3646 2752 πρὸ
3673 2680 3756 2734 τοῦ

2193 2776 2405 2846 Πατρὸς
2434 2778 2534 2832 οὑκ
2565 2773 2653 2850 ἦν,
2684 2777 2919 2847 ὑγιαίνει
2949 2779 2977 2831 6
3019 2776 3196 2845 λόγος,
3231 2778 3327 2830 καί
3354 2779 3516 2848 ἡμεῖς
3552 2778 3659 2840 τοῖς
3688 2779 3759 2829 εἰ·

2198 2872 2449 2942 ρημένοις
2487 2869 2906 2941 ἐπιψηφίζομεν.
2944 2868 3006 2923 Εἰ
3034 2869 3089 2922 δὲ
3135 2870 3270 2940 πρὸς
3301 2870 3516 2941 ἐκείνην
3546 2868 3760 2941 ἀνατρέ-

2194 2976 2278 3030 χει
2312 2958 2390 3029 τῷ
2417 2958 2560 3029 λόγῳ
2587 2959 2688 3029 τήν
2720 2958 2994 3029 γέννησιν,
3024 2957 3118 3012 καὶ
3147 2960 3479 3029 κεχωρίσθαι
3512 2960 3608 3030 μέν
3637 2977 3757 3031 φησι

2197 3050 2287 3105 τοῦ
2330 3050 2561 3121 Πατρὸς,
2585 3042 2937 3120 συνεζεῦχθαι
2976 3050 3031 3103 δὲ
3067 3049 3144 3122 τῷ
3170 3050 3285 3120 Υίῷ
3307 3092 3323 3117 ,
3351 3051 3577 3121 μάταιον
3607 3051 3758 3125 ήγοῦ-

2201 3159 2301 3214 μαι
2324 3145 2389 3214 τῇ
2420 3140 2528 3194 τῶν
2565 3140 2892 3211 ἀδιανοήτων
2925 3141 3312 3214 ἐμφιλοχωρείν
3355 3144 3584 3216 θεωρία.
3631 3145 3755 3199 Οὔτε

2198 3239 2306 3304 γὰρ
2347 3235 2396 3285 εἰ
2438 3234 2667 3304 πρᾶγμα
2698 3234 2818 3286 κατ’
2870 3233 3005 3287 ἰδίαν
3038 3234 3334 3289 ὑπόστασιν
3377 3236 3750 3307 θεωρούμενον,

2199 3322 2297 3394 τὴν
2346 3323 2596 3394 γέννησιν
2639 3322 2839 3389 οἴεται,
2870 3322 2994 3377 οὔτε
3035 3326 3082 3377 εί
3134 3324 3273 3395 πρὸς
3313 3326 3374 3379 τὸ
3404 3326 3746 3381 ἀνυπόστατοι

2199 3417 2317 3478 ταῖς
2343 3415 2572 3479 ἐννοίαις
2596 3414 2682 3469 διὰ
2712 3414 2804 3468 τοῦ
2830 3415 3089 3486 ὀνόματος
3112 3416 3463 3488 ὑποσύρεται,
3495 3402 3645 3489 μέχρι
3670 3417 3745 3471 toi.

2200 3505 2296 3560 νῦν
2320 3506 2384 3559 ἐκ
2415 3506 2525 3559 τῶν
2554 3506 2860 3577 εἰρημένων
2899 3507 3133 3559 κατιδεῖν
3159 3507 3512 3578 δεδυνήμεθα.
3546 3508 3749 3578 Φέρεται

2201 3598 2310 3669 γὰρ
2336 3598 2536 3669 ὁμοίως
2561 3599 2699 3670 πρὸς
2729 3597 2995 3669 ἑκατέραν
3025 3597 3134 3651 τῶν
3165 3599 3485 3670 ὑπολήψεων
3532 3600 3592 3655 τὸ
3625 3602 3749 3654 6m-

2202 3691 2296 3760 γὲς
2321 3690 2411 3743 τοῦ
2440 3690 2598 3758 λόγου
2625 3691 2718 3744 καὶ
2748 3689 2955 3763 ἄριξον,
2987 3692 3124 3764 πρὸς
3151 3693 3212 3746 τὸ
3235 3693 3424 3747 δοκοῦν
3448 3694 3529 3764 τῷ
3566 3693 3743 3747 νοοῦντι

2204 3799 2272 3834 πε
2280 3781 2667 3853 ρικλινόμενον.

2288 3961 2423 4015 Ἀλλ’
2447 3960 2598 4016 ούπω
2622 3960 2689 4014 τὰ
2718 3960 2927 4031 χαλεπά
2955 3961 3055 4031 τῆς
3085 3961 3429 4033 βλασφημίας
3462 3962 3727 4033 ἐξήτασται

2205 4056 2349 4126 ἅπερ
2372 4054 2474 4128 ἥδη
2497 4056 2604 4109 τῶν
2627 4055 3072 4125 γεγραμμένωνή
3093 4054 3379 4107 ἀκολουθία
3412 4054 3716 4126 προστίθησι
3731 4092 3743 4113 ,

2205 4146 2298 4199 καὶ
2326 4146 2388 4217 δὴ
2422 4145 2493 4199 τά
2520 4146 2783 4219 εἰρημένα
2814 4146 2955 4199 κατά
2993 4146 3137 4213 λέξιν
3167 4137 3748 4217 διασκεψώμεθαῘΟἶδα

2203 4236 2259 4290 δὲ
2300 4236 2417 4299 πῶς
2466 4237 2579 4289 ἔστι
2630 4236 2897 4306 τολμῆσαι
2944 4235 3460 4306 προσενεγκεῖνδιά
3510 4236 3750 4306 στόματος

2205 4326 2302 4397 τήν
2331 4326 2573 4398 φρικώδη
2603 4343 2662 4378 τε
2697 4326 2789 4380 καὶ
2818 4325 2973 4380 ἄθεον
2998 4325 3090 4378 τοῦ
3117 4325 3485 4398 χριστομάχου
3514 4327 3754 4397 λογογρα-

2201 4417 2350 4487 φίαν.
2383 4416 2605 4470 Δέδοικα
2633 4417 2744 4488 γὰρ
2772 4419 2983 4489 μήποτε
3009 4418 3131 4471 καθ’
3157 4418 3452 4489 ὁμοιότητα
3480 4420 3588 4471 τῶν
3612 4418 3756 4488 δηληο

2197 4504 2400 4577 τηρίων
2418 4506 2720 4577 φαρμάκων
2750 4508 3076 4577 ἐναπόθηται
3115 4507 3191 4578 τῷ
3228 4508 3495 4578 στόματι,
3527 4509 3595 4562 δι’
3624 4502 3682 4561 οὗ
3708 4508 3758 4560 τὺ

2203 4597 2352 4667 ῥῆμα
2386 4595 2719 4666 παρέρχεται
2743 4636 2757 4662 ,
2796 4598 2895 4667 τῆς
2940 4598 3262 4670 φθοροποιοῦ
3310 4601 3537 4670 πικρίας
3566 4601 3625 4653 τὸ
3665 4600 3760 4652 λεί-

2197 4688 2384 4757 ψανον.
2438 4688 2768 4742 Πιστεῦσαι
2818 4688 2912 4742 δεῖ
2950 4690 3055 4743 τὸν
3096 4693 3585 4760 προσερχόμενον
3630 4689 3758 4756 θεῷ,

2205 4779 2368 4851 φησιν
2406 4781 2435 4832 6
2485 4780 2831 4845 Ἀπόστολος,
2858 4781 2946 4834 ὅτι
2968 4782 3156 4840 ἔστιν.
3186 4783 3393 4836 Οὐκοῦν
3426 4784 3559 4836 ἴδιον
3588 4783 3760 4851 θεότη-

2205 4888 2297 4935 τος
2322 4870 2663 4943 γνώρισμια,
2692 4872 2752 4925 τὸ
2793 4872 3006 4943 ἀληθῶς
3036 4869 3191 4928 εἶναι·
3228 4877 3257 4928 6
3294 4874 3350 4926 δὲ
3379 4874 3760 4937 κατασκευάζει

2206 4963 2297 5017 τὸν
2338 4963 2551 5036 ἀληθῶς
2577 4964 2706 5019 ὅντα
2727 5006 2741 5027 ,
2773 4965 2806 5036 ἢ
2850 4966 2924 5037 μὴ
2959 4966 3162 5037 κυρίως
3194 4962 3349 5027 εἶναι,
3378 4968 3411 5039 ἢ
3447 4968 3523 5040 μὴ
3548 4966 3757 5021 καθόλου

2208 5050 2343 5108 εἶναι
2361 5097 2375 5121 ,
2401 5055 2536 5127 ὅπερ
2560 5051 2677 5109 ἶσόν
2704 5056 2820 5109 ὲστι
2847 5055 2924 5127 τῷ
2955 5057 3086 5127 μηδὲ
3106 5057 3242 5121 ὅλως
3276 5054 3436 5113 εἶναι.
3478 5060 3537 5112 '0
3556 5058 3661 5133 γὰρ
3691 5056 3755 5128 μὴ

2206 5146 2409 5218 κυρίως
2451 5146 2546 5213 ὢν,
2604 5147 2727 5201 οὑδὲ
2758 5147 2901 5201 ἔστιν
2938 5149 3095 5212 ὅλως.
3136 5146 3260 5203 Οἷον
3306 5151 3520 5221 τρέχειν
3560 5150 3757 5217 λέγεται

2206 5237 2347 5292 κατά
2380 5237 2475 5309 τὴν
2505 5237 2750 5292 ἐνύπνιον
2779 5239 3077 5309 φαντασίαν
3131 5240 3159 5292 6
3196 5243 3260 5310 τῇ
3298 5240 3498 5311 σπουδῇ
3529 5239 3621 5293 τοῦ
3648 5237 3758 5308 δρός

2212 5347 2310 5401 μου
2331 5331 2826 5403 ὲμφανταζόμενος.
2872 5333 3008 5387 Ἀλλ’
3039 5333 3225 5404 ἐπειδὴ
3253 5333 3464 5403 ψευδῶς
3494 5335 3591 5404 τὴν
3622 5332 3759 5397 δόκη·

2210 5438 2295 5476 σιν
2340 5420 2434 5474 τοῦ
2473 5420 2703 5492 ἀληθοῦς
2741 5424 3088 5496 ὑποκρίνεται
3131 5424 3366 5496 δρόμου,
3416 5424 3507 5480 διὰ
3541 5422 3687 5478 τοῦτο
3728 5422 3759 5489 η
