4002 6218
248 369 345 427 8H

253 579 572 648 ταχρήσεως
614 581 856 652 Αέγηται.
888 586 1223 663 ψευδωνύμῳ
1261 599 1326 666 τῇ
1367 597 1554 670 κλήσει
1604 620 1826 657 κατονο-

255 665 506 761 μάζεται.
538 668 746 724 Ούκοῦν
777 675 805 726 ό
837 675 1048 747 τολμῶν
1082 680 1172 734 τὸν
1206 665 1465 758 μονογενῆ
1493 689 1625 744 Θεὸν
1653 691 1832 761 λέγειν

251 753 285 823 ἢ
325 754 400 824 μὴ
426 751 586 820 εἶναι,
613 759 646 826 ἢ
695 759 768 830 μὴ
798 764 998 833 κυρίως
1025 762 1183 833 εἶναι,
1209 751 1400 841 σαφῶς
1429 751 1526 848 τὴν
1559 780 1639 843 εἰς
1670 751 1833 833 αύτὸν

255 843 436 898 πίστιν
467 846 754 920 διαγράφει
799 853 890 906 τοῦ
922 855 1210 927 δόγματος.
1248 865 1341 928 Τίς
1387 843 1495 938 γὰρ
1535 869 1601 922 ἂν
1629 871 1710 923 ἔτι
1755 873 1829 943 μὴ

251 935 364 988 δντι
393 937 768 1006 πιστεύσειεν;
817 939 886 998 ’Ἡ
917 947 1000 1010 τίς
1031 950 1098 1002 ἂν
1125 954 1410 1024 πρόσθοιτο
1440 960 1644 1026 τούτῳ,
1677 957 1736 1017 οὗ
1769 964 1830 1016 τὸ

251 1023 390 1079 εἶναι
417 1028 616 1099 ἄκυρον
634 1031 1008 1091 ἀποδέδεικται
1029 1023 1180 1113 παρὰ
1207 1045 1315 1098 τῶν
1339 1049 1548 1121 ἐχθρῶν
1576 1023 1667 1106 τοῦ
1700 1055 1831 1125 ἀλη-

250 1115 400 1170 θινοῦ
427 1119 630 1190 Κυρίου
662 1124 755 1176 καὶ
784 1125 1182 1199 ἀνυπόστατονς

323 1275 436 1328 Καὶ
463 1275 538 1340 ὡς
562 1277 630 1332 ἂν
665 1279 740 1351 μὴ
775 1281 976 1348 δόξειεν
1000 1287 1088 1341 διά
1111 1307 1255 1356 τινος
1285 1299 1647 1364 συκοφαντίας
1689 1304 1828 1359 κατὰ

250 1365 362 1417 τῶν
386 1366 718 1425 ὑπεναντίων
745 1376 773 1426 ὁ
801 1378 930 1447 παρ’
961 1379 1118 1449 ἡμῶν
1156 1383 1403 1451 γίνεσθαι
1433 1387 1587 1457 λόγος
1611 1436 1624 1458 ,
1657 1394 1825 1467 αὐτὴν

250 1457 639 1551 παραθήσομαι
682 1464 791 1518 τῶν
821 1469 1030 1523 ἀσεϐῶν
1063 1472 1158 1544 τὴν
1205 1474 1348 1542 λέξιν
1380 1478 1606 1549 ἔχουσαν
1631 1457 1824 1551 οὕτως·

251 1549 374 1601 οὐκ
396 1545 501 1614 ὢν,
533 1551 676 1606 οὐδὲ
704 1557 921 1623 κυρίως
952 1559 1055 1622 ὢν,
1091 1565 1276 1633 φησὶν,
1307 1571 1341 1621 ὁ
1463 1575 1714 1641 κόλποις

245 1638 353 1692 τοῦ
387 1639 583 1708 ὄντος,
620 1643 691 1696 ἐν
719 1645 878 1715 ἀρχῇ
909 1647 1012 1715 ὢν,
1064 1653 1162 1706 καὶ
1211 1655 1359 1723 πρὸς
1396 1660 1502 1712 τὸν
1541 1638 1822 1729 Θεὸν-ὢν,

245 1729 363 1782 κᾶν
378 1734 697 1797 Βασίλειος
718 1737 822 1792 τοῦ
844 1737 1155 1810 διορισμοῦ
1169 1748 1379 1802 τούτου
1405 1751 1629 1820 καὶτῆς
1645 1772 1826 1823 προσ-

241 1820 436 1889 θήκης
479 1823 823 1914 ἀμελήσας,
893 1831 1260 1889 ἀπαλλάττει
1308 1838 1422 1906 τὴν
1476 1843 1582 1896 τοῦ
1642 1820 1818 1914 eam
1852 1853 1891 1907 Β

240 1911 657 1978 προσηγορίαν
686 1917 843 1982 παρὰ
884 1917 998 1985 τὴν
1042 1920 1346 1986 ἀλήθειαν.
1389 1927 1453 1978 Τί
1499 1929 1714 1999 λέγεις;
1762 1911 1820 1987 ’ὁ

239 1999 302 2052 ἐν
332 1999 411 2069 τῷ
445 2001 621 2074 Πατρὶ
647 2003 722 2058 ὢν
762 2009 863 2060 οὐκ
917 2009 1062 2071 ἔστι,
1104 2013 1198 2066 καὶ
1226 2015 1254 2067 ό
1283 2017 1341 2068 ὲν
1373 2019 1511 2091 ἀρχῇ
1544 2020 1638 2084 ὢν,
1673 2025 1767 2078 καὶ
1793 2028 1821 2079 ὁ

239 2090 301 2140 ἐν
326 2094 439 2154 τοῖς
470 2093 690 2158 κόλποις
726 2096 821 2162 ῶν,
854 2099 942 2153 διὰ
971 2101 1126 2156 τοῦτο
1151 2106 1250 2160 οὐκ
1277 2107 1443 2171 ἔστιν,
1486 2112 1567 2164 ὅτι
1595 2115 1650 2165 ἐν
1677 2115 1817 2186 ἀρχῇ

237 2181 388 2244 ἐστι,
424 2183 520 2236 καὶ
566 2187 623 2238 ὲν
655 2187 734 2258 τῷ
775 2190 948 2262 Πατρί
994 2193 1143 2260 ἐστι,
1189 2199 1283 2250 καὶ
1331 2200 1390 2250 ἐν
1443 2204 1554 2264 τοῖς
1600 2204 1820 2270 κόλποις

237 2272 541 2343 καθορᾶται
561 2277 654 2330 τοῦ
680 2279 850 2343 ὄντος,
876 2283 968 2334 καὶ
992 2283 1079 2336 διὰ
1101 2286 1255 2339 τοῦτο
1279 2290 1481 2360 κυρίως
1505 2294 1605 2346 οὐκ
1635 2294 1659 2346 ἕ
1669 2312 1807 2364 στιν,

234 2362 324 2413 ὅτι
347 2364 403 2414 ἐν
432 2364 509 2434 τῷ
535 2365 645 2420 όντι
671 2369 842 2435 ὲστίν;
870 2372 932 2423 Ὢ
958 2374 1128 2427 κενῶν
1157 2393 1212 2428 τε
1237 2379 1331 2430 καὶ
1356 2382 1673 2451 παραλόγων
1696 2362 1817 2455 80f-

245 2454 472 2521 μάτωνί
522 2458 617 2511 νῦν
671 2460 900 2532 πρώτως
926 2464 1022 2534 τῆς
1052 2471 1382 2538 κενοφωνίας
1409 2473 1612 2545 ταύτης
1652 2477 1816 2546 ἡκού-

238 2563 420 2615 σαμεν
454 2586 470 2612 ,
507 2545 594 2601 ὅτι
626 2553 654 2604 ό
683 2553 885 2624 Κύριος
925 2556 992 2609 δι’
1035 2551 1096 2610 οὗ
1121 2561 1190 2613 τὰ
1231 2564 1436 2628 πάντα,
1485 2568 1688 2638 κυρίως
1716 2570 1816 2624 οὐκ

232 2632 407 2687 ἔστιν.
455 2636 559 2688 Καὶ
593 2637 744 2693 οὔπω
779 2643 937 2697 τοῦτο
979 2645 1168 2711 δεινὸν,
1212 2650 1326 2703 ἀλλ’
1361 2652 1440 2704 ἔτι
1488 2655 1581 2708 καὶ
1625 2657 1814 2712 τούτου

233 2725 712 2799 παραλογώτερον,
748 2733 809 2785 τὸ
846 2735 919 2806 μὴ
952 2737 1110 2805 μόνον
1147 2739 1220 2809 μὴ
1256 2737 1394 2795 εἶναι
1424 2744 1588 2798 αὐτὸν
1616 2745 1810 2816 λέγειν,

230 2813 268 2884 ἢ
326 2815 400 2886 μὴ
430 2820 630 2889 κυρίως
659 2818 818 2886 εἶναι,
847 2825 979 2880 ἀλλὰ
1000 2830 1092 2882 καὶ
1127 2834 1192 2902 τῇ
1226 2832 1460 2906 συνθέτῳ
1490 2852 1549 2889 τε
1573 2838 1666 2890 καὶ
1689 2813 1812 2892 ποιέ

230 2905 362 2978 κίλῃ
383 2909 784 2999 ῥένθεωρεῖσθαι
829 2915 1006 2984 φύσει·
1044 2921 1145 2975 οὐκ
1173 2921 1250 2976 ὢν
1287 2925 1428 2997 γὰρ,
1464 2929 1649 2999 φησὶν,
1693 2931 1814 2985 οὐδὲ

230 2993 443 3058 ἁπλοῦς
473 2995 568 3051 ῶν.
596 2993 664 3071 ᾯ
694 3002 750 3054 δὲ
772 3003 830 3055 τὸ
864 3005 1065 3060 ἁπλοῦν
1091 3011 1152 3062 οὐ
1177 2993 1455 3082 πρόσεστι,
1571 2993 1812 3074 ποικίλον

221 3084 479 3154 δηλονότι
525 3099 1020 3165 προσμαρτυρεῖται
1086 3101 1176 3153 καὶ
1205 3103 1472 3160 σύνθετον.
1500 3109 1625 3173 Πῶς
1659 3106 1751 3164 οὖν
1781 3113 1810 3164 ὁ

1357 391 1633 450 CONTRA
1675 399 2069 470 EUNUMIUM,
2114 407 2241 464 LIB.
2285 411 2351 466 X.

251 487 530 553 φαντασία
560 485 754 558 δρόμος
787 491 884 545 οὐκ
915 493 1078 552 ἔστιν.
1126 500 1282 556 ’Λλλὰ
1310 507 1411 559 κᾶν
1436 508 1610 574 οὕτως
1636 511 1699 565 ὲκ
1731 531 1827 568 κα·
1855 523 1901 578 Α
1933 522 2035 577 sibi

3397 421 3504 477 839

2083 523 2272 595 ﬁngit,
2319 523 2441 579 ideo
2493 524 2810 596 imaginatio
2858 543 2968 584 non
3001 539 3084 586 est
3127 546 3345 591 cursus.
3395 539 3502 595 Sed

1930 610 2147 668 etiamsi
2205 615 2432 671 abusive
2491 617 2562 671 ita
2591 618 2824 686 dicatur,
2862 620 2998 679 falsa
3028 633 3206 682 tamen
3266 634 3502 690 nominis

1931 704 2298 771 appellatione
2330 714 2571 762 vocatur.
2609 707 2751 781 Ergo
2796 712 2890 781 qui
2946 715 3109 770 audet
3163 719 3498 789 unigenitum

1935 791 2123 858 Deum,
2152 795 2236 848 vel
2275 811 2380 850 non
2411 812 2554 862 esse,
2592 800 2675 854 vel
2712 816 2821 855 non
2864 806 3082 874 pmprie
3134 822 3258 862 esse
3295 809 3496 874 dicere,

1931 892 2116 951 aperte
2177 884 2232 939 in
2290 887 2466 956 ipsum
2532 889 2690 945 ﬁdem
2740 892 2967 963 abrogat
3017 895 3308 964 dogmatis.
3366 900 3501 966 Quis

1931 973 2076 1026 enim
2108 976 2344 1045 amplius
2388 978 2435 1033 ei
2466 981 2557 1049 qui
2599 997 2705 1035 non
2737 991 2821 1038 est
2882 985 3220 1041 crediderit?
3255 990 3339 1045 vel
3374 993 3501 1051 huic

1931 1068 2250 1131 assenserit,
2283 1069 2440 1139 cujus
2467 1087 2588 1128 esse
2630 1074 2985 1145 improprium
3026 1086 3079 1132 et
3125 1081 3269 1148 quod
3319 1083 3499 1138 subsi-

1921 1161 2077 1210 stere
2121 1168 2374 1228 nequeat,
2430 1161 2497 1217 ab
2550 1163 2789 1218 inimicis
2839 1165 2953 1221 veri
2987 1165 3203 1223 Domini
3265 1169 3498 1226 demon-

1929 1253 2164 1300 stratum
2196 1248 2387 1305 fuerit?

1996 1359 2066 1411 At
2104 1375 2171 1413 ne
2200 1362 2286 1415 cui
2319 1362 2567 1418 videatur
2599 1365 2877 1421 calumnia
2907 1369 3142 1438 quadam
3172 1382 3365 1428 contra
3397 1376 3497 1429 ad-

1927 1450 2199 1506 versarios
2232 1452 2287 1507 id
2316 1469 2344 1506 a
2377 1455 2534 1511 nobis
2562 1457 2815 1525 proferri,
2863 1462 3035 1530 ipsam
3076 1477 3346 1533 apponam
3393 1467 3497 1521 im-

1927 1539 2139 1608 piorum
2179 1541 2473 1597 dictionem
2517 1545 2596 1599 sic
2632 1544 2958 1602 habentem:
2987 1548 3091 1615 Qui
3124 1566 3228 1605 non
3255 1561 3355 1617 est,
3407 1554 3494 1607 in-

1924 1628 2063 1696 quit,
2098 1646 2258 1700 neque
2270 1633 2479 1700 proprie
2502 1644 2599 1698 est,
2620 1636 2710 1705 qui
2731 1645 2809 1690 est
2832 1637 2884 1689 in
2906 1637 3110 1693 sinibus
3135 1639 3250 1710 ejus
3280 1642 3491 1711 quiest,

1925 1729 1974 1773 et
2025 1723 2115 1790 qui
2176 1723 2229 1775 in
2263 1726 2522 1794 principio
2568 1737 2668 1791 est,
2719 1738 2768 1782 et
2802 1729 2941 1798 apud
2998 1729 3164 1786 Deum
3219 1745 3337 1798 est;
3384 1737 3486 1790 etsi

1928 1807 2185 1872 Basilius,
2230 1813 2330 1865 hac
2387 1814 2690 1882 deﬁnitione
2748 1828 2798 1872 et
2871 1819 3165 1888 adjectione
3227 1825 3488 1894 neglecta,

1924 1908 2088 1953 mutet
2147 1902 2281 1956 emis
2328 1905 2731 1972 appellationem
2786 1920 2978 1976 prwter
3018 1914 3309 1969 veritatem.
3342 1916 3486 1983 Quid

1920 1989 2096 2045 dicis?
2127 1989 2228 2057 Qui
2269 2003 2352 2048 est
2386 1995 2440 2048 in
2494 1996 2650 2052 Patre
2695 2013 2802 2053 non
2835 2003 3068 2072 est?qui
3123 2005 3177 2058 in
3213 2007 3487 2077 principio

1920 2091 2003 2135 est
2045 2090 2098 2136 et
2134 2084 2189 2136 in
2220 2083 2398 2141 Patris
2426 2087 2659 2153 sinibus,
2711 2100 3002 2161 propterea
3055 2110 3162 2150 non
3198 2104 3304 2163 est,
3355 2100 3487 2168 quia

1922 2175 1974 2230 in
2005 2177 2270 2248 principio
2295 2187 2399 2241 est,
2427 2188 2481 2235 et
2505 2182 2560 2236 in
2595 2180 2756 2238 Patre
2787 2192 2892 2249 est,
2922 2195 2977 2241 et
3025 2188 3081 2243 in
3109 2189 3323 2248 sinibus
3363 2194 3484 2263 ejus

1918 2269 2010 2337 qui
2067 2276 2147 2323 est
2201 2271 2576 2339 conspicitur?
2616 2283 2900 2345 propterea
2955 2281 3173 2349 proprie
3222 2298 3334 2337 non
3377 2294 3485 2351 est,

1917 2361 2045 2430 quia
2077 2370 2162 2417 est
2197 2364 2250 2416 in
2290 2379 2356 2418 eo
2401 2365 2492 2434 qui
2526 2367 2657 2421 est?
2702 2367 2745 2422 0
2779 2385 2916 2424 vana
2962 2370 3252 2444 iutiliaque
3282 2386 3338 2431 et
3387 2377 3486 2434 ab-

1917 2453 2082 2505 surda
2119 2455 2406 2524 dogmata!
2460 2455 2737 2528 Nusquam
2779 2474 2936 2516 antea
2984 2463 3126 2519 hanc
3176 2468 3328 2521 vocis
3363 2466 3486 2524 ina-

1917 2543 2140 2597 nitatem
2176 2547 2290 2601 sive
2323 2548 2780 2619 vaniloquentiam
2819 2552 3168 2612 audivimus:
3204 2563 3350 2627 quod
3377 2561 3484 2614 Do-

1916 2635 2117 2699 minus,
2178 2653 2274 2706 per
2301 2655 2464 2709 quem
2517 2643 2723 2708 omnia,
2761 2647 2980 2715 proprie
3029 2664 3138 2704 non
3194 2659 3293 2706 est.
3368 2652 3482 2709 Nec

1917 2725 2098 2780 adhuc
2128 2727 2231 2782 hoc
2255 2745 2420 2798 grave
2467 2741 2592 2796 est,
2641 2733 2735 2790 sed
2794 2735 2929 2791 illud
2981 2738 3146 2794 etiam
3182 2741 3354 2796 multo
3397 2753 3485 2798 est

1914 2817 2233 2884 absurdius,
2281 2836 2391 2876 non
2435 2823 2613 2878 solum
2655 2841 2765 2881 non
2790 2842 2913 2884 esse
2947 2827 3123 2898 ipsum
3154 2831 3358 2900 dicere,
3393 2835 3481 2890 vel

1916 2925 2022 2968 non
2064 2913 2284 2982 pr0prie
2310 2929 2469 2983 esse;
2495 2917 2592 2972 sed
2613 2919 2776 2973 etiam
2807 2921 2863 2975 in
2887 2923 3190 2992 composita
3218 2926 3483 2996 variaque

1921 3005 2166 3073 conspici
2189 3015 2420 3064 natura:
2458 3025 2562 3064 non
2586 3011 2753 3078 enim,
2778 3013 2874 3079 ait,
2906 3029 3023 3081 ens,
3048 3032 3225 3088 neque
3250 3019 3481 3091 simplex

1911 3110 2032 3153 ens.
2071 3096 2168 3151 Cui
2210 3107 2391 3155 autem
2432 3103 2760 3173 simplicitas
2803 3121 2913 3162 non
2963 3109 3139 3174 adest,
3199 3112 3346 3180 quod
3395 3121 3482 3167 est

223 3177 396 3240 αὐτὸς
428 3180 521 3232 καὶ
552 3182 650 3235 ούκ
687 3185 831 3238 ἔστιν
865 3188 1001 3252 ὅλως
1030 3193 1123 3245 καὶ
1148 3192 1399 3260 σύνθετος
1425 3200 1566 3253 κατὰ
1603 3201 1700 3273 τὴν
1729 3203 1809 3256 ού-

1919 3187 2132 3241 varium
2179 3204 2373 3260 nempe
2409 3194 2749 3260 attribuitur,
2807 3206 2862 3253 et
2892 3200 3038 3269 quod
3091 3177 3478 3272 compositum.

225 3265 353 3318 σίαν
387 3269 564 3336 ἑστίν;
607 3273 725 3345 Χρὴ
755 3275 864 3348 γὰρ
910 3279 1018 3332 τῶν
1047 3281 1140 3335 δύο
1169 3283 1225 3336 τὸ
1258 3285 1463 3356 ἕτερον,
1499 3289 1530 3360 ἢ
1580 3265 1810 3346 καθόλου

225 3364 792 3434 προσμαρτυροῦντας
833 3371 982 3442 αὐτῷ
1018 3373 1079 3426 τὸ
1107 3375 1474 3448 ἀνύπαρκτον,
1507 3382 1641 3453 μηδὲ
1685 3383 1808 3436 σύν-

223 3448 391 3503 θετον
421 3452 618 3521 λέγειν,
656 3457 690 3527 ἦ
722 3459 782 3512 τὸ
813 3461 1066 3517 σύνθετον
1104 3448 1699 3545 ἐπικαλοῦντας-αύτῷ,
1734 3477 1808 3548 μὴ

220 3541 466 3613 ἑξαίρειν
489 3545 579 3599 τοῦ
599 3547 767 3614 ὄντος.
817 3552 954 3606 Ἀλλ’
984 3555 1059 3620 ὡς
1081 3557 1146 3610 ἂν
1169 3558 1460 3632 πολυειδῶς
1482 3580 1542 3616 τε
1566 3541 1661 3617 καί
1689 3541 1808 3619 πὸιὲ

220 3630 392 3694 κίλως
422 3633 621 3700 γίνοιτο
652 3641 781 3711 παρ’
809 3641 986 3695 αὐτῶν
1017 3645 1049 3716 ἡ
1082 3630 1432 3719 βλασφημία,
1474 3654 1606 3706 πᾶσι
1646 3655 1808 3723 σφάλ-

220 3721 379 3776 λεται
409 3730 523 3790 τοῖς
557 3729 735 3798 ἀθέοις
772 3737 1032 3806 νοήμασιο
1066 3742 1132 3810 τῇ
1167 3742 1265 3810 μὲν
1308 3745 1444 3813 πρὸς
1480 3746 1541 3799 τὸ
1583 3747 1642 3800 δν
1684 3721 1806 3818 συγ-

220 3817 440 3884 κρίσει,
479 3821 555 3890 μὴ
605 3819 744 3877 εἶναι
795 3827 999 3898 Κύριον
1043 3829 1308 3900 λέγουσα·
1359 3838 1424 3906 τῇ
1459 3837 1516 3889 δὲ
1570 3839 1705 3911 πρὸς
1742 3817 1804 3894 τὸ

218 3909 431 3962 ἁπλοῦν
462 3912 664 3982 σχέσει,
687 3917 932 3991 ἀμοιρεῖν
958 3922 1058 3993 τῆς
1081 3924 1399 3997 ἁπλότητος·
1430 3929 1530 3983 οὐκ
1557 3909 1651 3999 ὢν,
1682 3934 1802 3988 οὐδὲ

214 3998 432 4066 ἁπλῶς,
465 4002 586 4055 οὐδὲ
617 4006 820 4076 κυρίως
860 4007 951 4063 ῶν.
979 4011 1075 4075 Τίς
1099 4012 1208 4066 τῶν
1233 3998 1690 4087 παραϐεϐηκότων
1712 4022 1800 4075 τὸν

215 4092 378 4160 λόγον
417 4095 514 4146 καὶ
542 4095 640 4165 τὴν
671 4099 850 4152 πίστιν
887 4101 1301 4175 ὲξομοσαμένων
1328 4108 1580 4164 τοσοῦτον
1609 4113 1798 4174 ,ὲνεδασ

211 4185 516 4254 ψιλεύσατο
546 4191 667 4254 ταῖς
688 4191 998 4264 ἀρνητικαίς
1030 4197 1124 4250 τοῦ
1155 4199 1360 4272 Κυρίου
1400 4204 1639 4272 φωναϊςς
1679 4206 1798 4259 Ἀν-

211 4277 612 4351 τεφιλοτιμήθη
674 4281 751 4352 τῷ
813 4283 943 4355 θείῳ
1003 4287 1100 4340 τοῦ
1161 4290 1405 4345 Ἰωάννου
1459 4295 1793 4366 κηρύγματι.

223 4368 456 4432 Ὁσάκις
479 4372 587 4442 γὰρ
602 4373 816 4459 ἐκεῖνος
835 4375 896 4429 τὺ
920 4371 998 4446 ἦν
1011 4377 1088 4448 τῷ
1103 4379 1261 4452 Λόγῳ
1283 4386 1705 4459 προσεμαρτύρη
1715 4407 1792 4452 σε,

209 4459 546 4521 τοσαυτάκις
571 4453 726 4523 οὗτος
759 4463 1055 4519 ἀντιθεῖναι
1085 4468 1144 4520 τὸ
1172 4472 1281 4523 οὐκ
1314 4453 1393 4543 ἦν
1422 4453 1498 4545 τῷ
1529 4453 1652 4529 δνιτι⁷
1673 4453 1794 4546 ἐφι-

207 4550 521 4625 λονείκησε.
560 4556 670 4610 Καὶ
699 4557 777 4628 τῷ
807 4559 946 4631 ἁγίῳ
984 4561 1207 4631 στόματι
1243 4564 1335 4617 τοῦ
1385 4566 1597 4640 [πατρὸς
1636 4571 1793 4641 ἡμῶν

204 4643 542 4715 διαμάχεται
584 4647 756 4701 ταῦτα
797 4651 1087 4723 προφέρων
1127 4654 1248 4707 κατ’
1279 4656 1442 4710 αὑτοῦ
1485 4658 1552 4712 τὰ
1597 4661 1794 4732 ἐγκλή-

206 4753 362 4806 ματα
388 4755 401 4766 ο
433 4738 515 4790 ὅτι
567 4738 760 4808 ἀμελεῖ
796 4741 905 4794 τῶν
932 4742 1227 4814 διορισμῶν
1254 4746 1459 4800 τούτων
1494 4749 1789 4816 Βασίλειος,

200 4828 345 4882 εντα
373 4828 549 4896 λέγων
571 4831 662 4883 τὸν
687 4834 743 4884 ὲν
771 4831 846 4902 τῷ
886 4835 1080 4900 “arpi,
1119 4839 1211 4890 καὶ
1241 4839 1299 4889 ὲν
1327 4842 1394 4911 τῇ
1423 4842 1587 4912 ἀρχῇ,
1617 4844 1710 4897 καὶ
1735 4846 1793 4899 ὲν

199 4923 323 4983 τοῖς
353 4921 576 4985 κόλποις
605 4923 753 4988 ὄντα,
781 4924 856 4987 ὡς
883 4925 981 4994 τῆς
1029 4929 1280 4999 τοιαύτης
1322 4931 1664 5001 προσθέσεως
1693 4936 1791 5006 τῆς

198 5012 355 5065 κατὰ
386 5013 490 5082 τὴν
510 5013 683 5084 ἀρχὴν
707 5017 798 5068 καὶ
818 5016 908 5069 τὸν
931 5018 1148 5084 κόλπον,
1178 5026 1678 5097 παραγραφομένης
1696 5028 1789 5080 τοῦ

1913 3276 2196 3342 Quomodo
2226 3281 2392 3352 igitur
2417 3283 2561 3340 idem
2596 3294 2651 3342 et
2686 3303 2794 3343 non
2823 3303 2907 3345 est
2945 3292 3192 3358 omnino,
3231 3301 3286 3349 et
3328 3311 3480 3350 com-

1913 3365 2150 3434 positum
2183 3371 2485 3426 secundum
2524 3377 2820 3432 essentiam
2857 3380 2976 3434 est?
2997 3380 3193 3437 borum
3239 3383 3477 3440 duorum

1911 3458 2139 3514 alterum
2169 3471 2403 3532 oportet,
2453 3466 2538 3521 vel
2583 3469 2810 3525 omnino
2848 3472 2898 3526 ei
2930 3473 3277 3544 assignantes
3331 3478 3478 3546 quod

1910 3562 2018 3602 non
2055 3551 2292 3613 exsistit,
2327 3569 2502 3626 neque
2539 3561 2901 3630 compositum
2938 3564 3144 3632 dicere,
3189 3567 3276 3621 vel
3322 3581 3478 3622 com—

1907 3637 2144 3706 positum
2183 3642 2236 3695 in
2266 3644 2384 3712 ipso
2410 3658 2689 3712 vocantes,
2723 3666 2829 3706 non
2876 3654 3116 3709 eximere
3144 3671 3208 3710 ex
3235 3673 3302 3712 eo
3328 3657 3475 3726 quod

1905 3736 2009 3782 est.
2045 3727 2150 3783 Sed
2174 3740 2230 3783 ut
2258 3732 2670 3792 multiformiter
2697 3747 2752 3794 et
2775 3742 2924 3796 varie
2956 3744 3025 3797 ab
3045 3743 3180 3813 ipsis
3213 3745 3306 3798 ﬁat
3332 3746 3474 3801 blas-

1907 3815 2137 3886 phemia,
2181 3821 2438 3880 omnibus
2485 3826 2856 3885 ballucinatur
2895 3833 3078 3902 impiis
3128 3835 3468 3892 notionibus.

1904 3909 2036 3965 Nam
2056 3913 2123 3968 ad
2149 3930 2250 3970 ens
2273 3921 2682 3989 comparatione
2705 3923 2868 3988 facta,
2889 3940 2999 3980 non
3030 3941 3153 3982 esse
3179 3927 3470 3983 Dominum

1901 4001 2034 4056 dicit
2059 4020 2072 4058 :
2104 4011 2159 4058 et
2209 4007 2472 4064 relatione
2497 4025 2624 4066 cum
2652 4027 2718 4067 eo
2745 4013 2893 4082 quod
2939 4015 3170 4085 simplex
3197 4025 3302 4081 est,
3339 4034 3464 4073 eum

1902 4096 2255 4166 simplicitate
2312 4104 2491 4172 privat
2549 4114 2604 4160 et
2636 4107 2907 4162 destituit.
2938 4107 3058 4164 Non
3090 4128 3212 4177 ens,
3263 4112 3466 4183 inquit,

1902 4202 2075 4255 neque
2099 4191 2422 4260 simpliciter
2446 4233 2462 4258 ,
2495 4210 2671 4264 neque
2704 4199 2923 4268 pr0prie
2946 4215 3064 4254 ens.
3093 4201 3228 4268 Quis
3272 4217 3465 4259 eorum

1898 4281 1990 4348 qui
2023 4295 2332 4337 sermonem
2358 4287 2690 4356 transgressi
2720 4298 2850 4343 sunt
2883 4298 2938 4344 et
2969 4290 3129 4346 ﬁdem
3153 4293 3463 4363 ejurarunt,

1900 4381 2006 4424 tam
2035 4371 2217 4442 largus
2238 4381 2321 4428 est
2340 4383 2394 4430 ct
2420 4376 2663 4432 liberalis
2691 4379 2746 4434 in
2779 4380 3178 4450 profundendis
3206 4387 3463 4453 vocibus,

1900 4462 2099 4530 quibus
2139 4463 2402 4523 Dominus
2448 4474 2724 4541 negatur?
2770 4472 3076 4530 Ambitiosa
3111 4479 3464 4534 contentione

1898 4571 1965 4608 ex
1993 4556 2225 4612 adverso
2248 4571 2511 4632 repugnat
2572 4562 2664 4619 hic
2692 4564 2876 4622 divino
2903 4564 3133 4624 Joannis
3164 4571 3460 4639 praeconio.

1899 4645 2124 4713 Quoties
2144 4651 2290 4707 enim
2309 4653 2676 4727 illequoderat
2717 4654 2896 4714 Verbo
2910 4660 3346 4728 attribuit,toties
3375 4663 3463 4719 hic

1895 4752 2169 4808 apponere
2185 4758 2284 4796 non
2309 4752 2421 4796 erat
2449 4743 2495 4798 ei
2512 4745 2720 4814 quiest,
2740 4749 3090 4816 pertinaciter
3103 4753 3339 4808 obnixus
3356 4764 3460 4809 est.

1897 4828 2052 4884 Etori
2068 4843 2258 4888 saneto
2270 4831 2445 4889 Patris
2461 4837 2634 4890 nostri
2651 4849 2917 4910 repugnat
2931 4841 3044 4896 haec
3060 4843 3321 4899 adversus
3337 4860 3460 4899 eum

1893 4926 2177 4995 proferens
2195 4929 2462 4984 crimina:
2499 4930 2644 4998 quod
2680 4933 2935 4988 nimirum
2965 4934 3200 4992 Basilius
3220 4937 3318 4991 bas
3336 4938 3461 4991 deﬁ-

1893 5021 2128 5073 nitiones
2161 5021 2402 5092 negligit,
2439 5022 2627 5078 dicens
2653 5040 2776 5078 eum
2800 5041 2923 5080 esse
2950 5027 3144 5097 quiest
3177 5029 3230 5082 in
3262 5027 3448 5091 Patre,

1890 5118 1944 5166 et
1984 5112 2036 5164 in
2066 5113 2336 5183 principio
2378 5121 2430 5167 et
2463 5115 2516 5168 in
2547 5115 2779 5182 sinibus,
2823 5119 2979 5188 quasi
3021 5121 3277 5174 nimirum
3308 5122 3459 5190 ejus-

1894 5203 2036 5258 modi
2071 5204 2294 5269 additio,
2345 5207 2397 5259 in
2429 5207 2722 5278 principio,
2761 5219 2816 5266 et
2856 5211 2910 5265 in
2944 5213 3089 5276 sinu,
3140 5215 3457 5282 praescribat

1888 5313 1954 5353 ac
1983 5298 2202 5351 deﬁniat
2254 5300 2374 5367 ejus
2412 5302 2504 5368 qui
2552 5310 2636 5356 est
2671 5306 3064 5358 exsistentiam.
3098 5305 3142 5362 Ο
3186 5308 3366 5361 inania
3403 5317 3455 5362 et

1889 5391 2116 5461 nugacia
2147 5391 2504 5447 documenta!
2550 5395 2729 5464 qualia
2757 5397 3076 5467 pra-cipiunt
3105 5400 3307 5454 erroris
3339 5417 3447 5456 ma-

1887 5481 2073 5547 gistri!
2130 5482 2372 5550 qualium
2431 5483 2772 5538 decretorum
2827 5495 3080 5543 auctores
3115 5491 3454 5546 auditoribus

1887 5569 2056 5622 ﬁunt!
2114 5571 2257 5639 quod
2295 5571 2345 5624 in
2385 5572 2567 5640 aliquo
2595 5581 2699 5636 est,
2746 5589 2852 5628 non
2884 5591 3008 5631 esse
3037 5577 3252 5632 docent.
3293 5578 3452 5652 Ergo,

194 5101 363 5164 εντος
396 5102 496 5172 τὴν
525 5103 773 5175 ὓπαρξιν.
810 5106 873 5158 Ὢ
918 5107 1089 5162 κενῶν
1127 5110 1511 5182 μαθημάτωνῐ’
1533 5109 1624 5169 οἷα
1666 5135 1790 5170 παι-

193 5191 457 5244 δεύουσιν
499 5195 548 5245 oi
587 5195 870 5248 παιδευταὶ
905 5197 1002 5266 τῆς
1047 5197 1300 5268 ἀπάτηςὲ
1330 5201 1457 5253 οἴων
1503 5201 1786 5272 δογμάτων

189 5286 499 5353 εἰσηγηταὶ
532 5287 642 5348 τοῖς
685 5287 940 5340 ἀκούουσι
974 5289 1242 5357 γίνονταιι
1287 5291 1349 5344 τὸ
1379 5292 1436 5344 ἔν
1465 5311 1567 5346 τινι
1609 5293 1668 5346 ὃν
1711 5297 1785 5368 μὴ

187 5370 348 5426 εἶναι
391 5375 751 5432 διδάσκουσιν.
791 5379 1019 5442 Οὔκοῦν,
1063 5381 1246 5451 ἐπειδὴ
1291 5383 1441 5446 ἐντός
1483 5385 1574 5438 σού
1617 5389 1782 5453 ἐστιν,

188 5466 466 5535 εὖνὸμιε,
492 5471 525 5538 ή
551 5469 747 5538 καρδία
771 5469 865 5523 καὶ
888 5473 916 5523 ό
942 5471 1259 5539 ἐγκέφαλος,
1281 5473 1504 5530 οὐκέστι
1532 5479 1672 5532 κατὰ
1694 5479 1785 5533 τὸν

185 5559 300 5614 σὺν
341 5559 620 5631 διορισμὸν
666 5561 869 5614 τούτων
914 5563 1189 5634 ἑκάτερον.
1241 5565 1303 5617 Et
1344 5566 1452 5638 γὰρ
1500 5569 1588 5621 διὰ
1627 5569 1784 5624 τοῦτο

185 5651 416 5721 κυρίως
453 5652 482 5703 ό
521 5654 813 5724 μονογενὴς
843 5654 972 5719 Θεὸς
999 5656 1097 5708 οὐκ
1123 5655 1236 5709 ἐστι
1257 5697 1269 5718 ,
1304 5657 1436 5710 διότι
1466 5661 1522 5712 ὲν
1551 5663 1662 5722 τοῖς
1687 5661 1781 5714 τοῦ

1912 5662 2138 5728 luoniam
2171 5663 2311 5716 intra
2339 5671 2410 5726 te,
2461 5679 2494 5717 ο
2519 5663 2768 5730 Eunomi,
2805 5678 2888 5723 est
2918 5683 3016 5722 cor
3047 5681 3101 5724 et
3146 5669 3453 5733 cerebrum.

176 5743 418 5813 Πατρός
459 5743 575 5796 ἐστι
618 5745 870 5810 κόλποις,
908 5747 1014 5798 πᾶν
1047 5747 1107 5799 τὸ
1150 5747 1206 5800 ἔν
1248 5765 1351 5801 τινι
1384 5748 1442 5803 ὃν
1510 5750 1602 5803 τοῦ
1644 5749 1779 5807 εἶναι

1913 5754 2181 5808 ecundnm
2208 5766 2351 5810 tuam
2371 5756 2794 5826 distinctionem,
2814 5760 3006 5814 horum
3031 5773 3320 5830 utrumque
3343 5775 3447 5814 non

528 5837 795 5898 Ριτκοι..
844 5840 960 5896 (in.
1013 5839 1197 5902 XLV.

3128 5853 3205 5910 27
