4002 6218
527 423 631 482 845

1754 411 1810 464 S.
1852 410 1891 464 (ἰ
1907 409 2180 465 liEGOlill
2223 409 2262 462 Ν
2277 411 2508 465 YSSENI

3658 409 3747 465 εει

531 549 636 597 est.
676 540 732 596 Si
769 535 912 590 cnim
938 532 1007 585 ob
1037 547 1156 586 eam
1192 546 1414 588 causam
1469 530 1778 600 unigenitus
1809 528 1950 583 Dens
1977 544 2101 597 pro-
2133 548 2140 587 λ

2242 530 2419 592 ’άντως
2455 526 2732 600 ἐξῄρηται.
2782 527 2941 582 Ἀλλὰ
2973 525 3077 597 μὴν
3105 527 3159 577 ἐν
3195 525 3274 576 σοι
3309 523 3341 592 ἡ
3369 521 3558 592 καρδία
3586 524 3669 575 καὶ
3696 525 3747 578 οὗ

535 632 651 700 prie
684 644 790 683 non
822 635 924 689 est,
979 625 1106 694 quia
1142 623 1193 677 in
1227 621 1405 676 Patris
1443 629 1528 676 est
1574 618 1806 682 sinibus,
1839 616 2106 689 quidquid

534 731 620 778 est
647 723 701 776 in
729 719 931 790 aliquo,
963 716 1206 772 funditus
1232 731 1262 770 c
1290 728 1469 770 rerum
1496 720 1689 766 natura
1711 711 1980 766 sublatum
2000 719 2104 765 est.

539 815 703 885 Atqui
738 813 790 866 in
833 822 882 867 te
909 826 1010 866 eor
1036 819 1124 866 est
1155 816 1210 863 et
1247 822 1356 861 non
1385 821 1480 875 per
1504 821 1582 870 se,
1621 804 1785 874 igitur
1805 801 2106 858 secundum

541 915 688 960 tuam
735 905 1001 958 rationem
1031 901 1112 956 vel
1157 898 1382 955 omnino
1411 895 1700 950 dicendum
1731 902 1815 950 est
1847 909 1956 948 non
1989 908 2110 948 esse

544 999 744 1067 ipsum,
786 996 869 1050 vel
918 1010 1026 1048 non
1065 991 1283 1063 preprie
1324 1003 1467 1044 esse.
1508 984 1614 1040 Sed
1651 984 1794 1056 quod
1831 984 2111 1038 indoctum

543 1099 598 1147 et
620 1088 1019 1159 hlasphemum,
1055 1085 1107 1139 id
1135 1091 1220 1139 est
1251 1081 1414 1151 impie
1443 1089 1497 1135 et
1525 1079 1788 1134 scelerate
1815 1076 2111 1146 prolatum,

545 1185 601 1238 in
625 1182 745 1252 ejus
779 1179 940 1236 dictis
979 1186 1187 1232 tantum
1217 1182 1298 1230 est
1334 1180 1388 1229 et
1415 1173 1544 1239 tale,
1571 1177 1632 1225 ut
1660 1171 1826 1226 etiam
1856 1175 1984 1222 ante
2017 1181 2116 1220 no-

546 1281 690 1330 stros
737 1284 1018 1326 sermones
1056 1275 1236 1322 mente
1269 1264 1512 1337 praeditis
1563 1265 1634 1318 sit
1679 1261 2028 1332 perspicuum
2064 1266 2118 1312 et

549 1365 936 1429 manifestum;
991 1369 1050 1424 ut
1079 1370 1260 1417 autem
1308 1358 1482 1430 magis
1511 1356 1632 1427 ejus
1669 1371 1794 1409 cum
1843 1352 2118 1422 impietate

549 1459 841 1528 conjuncta
873 1454 1143 1512 dementia
1187 1454 1518 1513 innotescat,
1573 1449 1676 1502 hoc
1729 1446 1796 1500 iis
1825 1459 1947 1516 qua:
1995 1449 2121 1497 ante

549 1551 787 1606 diximus
830 1548 1151 1618 adjiciemus
1185 1543 1281 1598 :Si
1333 1543 1509 1598 solum
1559 1538 1778 1610 proprie
1819 1551 1943 1593 esse
1995 1535 2121 1589 licet

552 1645 753 1707 dicere,
785 1643 871 1698 cui
901 1640 1197 1710 Scriptura:
1235 1651 1415 1692 sermo
1462 1633 1773 1689 absolutum
1809 1639 1861 1685 et
1895 1629 2120 1683 liberum

553 1735 799 1790 attribuit
832 1747 973 1793 esse.
1007 1728 1364 1800 quamobrem
1408 1724 1572 1780 veluti
1619 1722 1829 1794 aquarii
1863 1719 2123 1775 habentes

555 1833 874 1898 potestatem
901 1821 1138 1884 bibendi,
1171 1819 1263 1875 siti
1293 1813 1628 1872 caecantur?
1663 1823 1716 1869 et
1740 1813 1826 1866 hic
1853 1812 1909 1865 in
1945 1825 2126 1880 prom-

555 1927 648 1989 ptn
695 1917 902 1971 habens
950 1913 1212 1969 adversus
1240 1909 1630 1980 blasphemiam
1668 1905 1722 1959 in
1764 1903 1960 1957 Filium
1988 1917 2128 1971 pne»

555 2019 871 2065 scntaneum
903 2003 1220 2064 remedium.
1245 1999 1544 2055 connivens
1569 1992 1959 2067 praetercurrit,
1983 1993 2132 2045 velut

557 2100 766 2158 servari
825 2105 1094 2152 metuens.
1150 2093 1214 2146 Et
1252 2091 1510 2145 Basilium
1563 2087 1710 2157 turpi
1763 2086 1900 2141 fama
1949 2083 2129 2138 diil'crt

557 2193 703 2263 quod
727 2188 1111 2245 distinctiones
1129 2183 1344 2239 silentio
1365 2182 1563 2236 tacitus
1586 2178 1925 2248 praeteriens,
1955 2175 2130 2230 solum

559 2289 613 2342 in
644 2301 704 2341 se
738 2285 856 2354 ipso
892 2279 1118 2336 verbum
1165 2285 1281 2330 erat
1313 2274 1367 2328 in
1397 2271 1687 2342 Unigenito
1730 2268 2006 2340 exposuit.
2034 2267 2132 2320 At-

558 2381 651 2452 qui
683 2382 922 2448 poterat,
971 2386 1090 2442 qua:
1135 2370 1227 2424 ille
1272 2366 1427 2429 vidit,
1475 2372 1531 2421 et
1577 2377 1766 2419 eorum
1797 2361 1891 2432 qui
1932 2360 2137 2413 habent

559 2471 751 2528 oculos
816 2465 1197 2536 unusquisque
1251 2458 1420 2524 videt,
1476 2464 1532 2512 et
1581 2455 1671 2511 hic
1716 2455 1884 2510 etiam
1929 2452 2133 2508 videre.

561 2561 720 2631 Quod
751 2560 880 2614 mihi
915 2557 1126 2612 videtur
1155 2553 1340 2609 divino
1391 2550 1656 2606 instinctu
1687 2545 1980 2617 alﬁatuque
2005 2559 2137 2600 con-

562 2657 763 2712 citatus
801 2651 1056 2709 excelsus
1081 2647 1344 2710 Joannes,
1383 2653 1445 2700 ut
1480 2657 1575 2699 ora
1602 2655 1795 2696 eorum
1840 2638 1935 2710 qui
1971 2635 2137 2693 Chri-

565 2757 710 2804 stum
759 2748 1077 2814 oppugnant
1123 2740 1458 2802 Obstrueret,
1511 2733 1716 2806 quique
1766 2737 1990 2801 propter
2038 2727 2138 2783 has

565 2835 931 2897 accessiones,
960 2830 1164 2888 Christi
1187 2843 1372 2884 verum
1394 2840 1517 2883 esse
1537 2833 1591 2881 et
1611 2819 1893 2894 proprium
1921 2819 2137 2873 irritum

569 2931 748 2986 facere
778 2936 1136 2990 conarentur,
1172 2921 1519 2992 simpliciter,
1564 2916 1844 2978 absolute,
1876 2919 1930 2967 et
1974 2911 2141 2966 inter-

568 3022 773 3074 minate
805 3017 1030 3078 dixisse,
1062 3013 1204 3068 Deus
1230 3019 1349 3066 erat
1389 3007 1626 3063 Verbum
1647 3047 1662 3070 ,
1689 3012 1744 3060 et
1776 3005 1886 3058 vita
1915 3009 2055 3066 erat,
2089 3011 2142 3056 et

569 3113 659 3166 lux
691 3117 828 3177 erat,
860 3115 911 3163 et
943 3123 1048 3162 non
1077 3105 1252 3160 solum
1285 3102 1490 3173 quiest
1518 3100 1574 3154 in
1602 3096 1889 3169 principio,
1923 3101 1976 3150 et
1998 3091 2140 3163 apud

2162 1873 2200 1925 Β

2207 621 2327 675 καθ’
2367 621 2565 690 ἑαυτήν
2594 623 2758 672 ἐστιν.
2798 621 2938 687 Ἀρα
2971 616 3110 670 κατὰ
3134 615 3223 666 τὸν
3265 613 3353 666 σὺν
3375 611 3530 669 λόγον
3568 611 3600 679 ἢ
3644 613 3753 663 καο-

2208 715 2328 766 όλου
2373 715 2476 784 χρὴ
2524 712 2596 783 μὴ
2625 709 2758 765 εἶναι
2786 710 2964 779 λέγειν
2992 709 3180 778 αὐτὴν,
3209 706 3240 776 ἢ
3288 706 3362 776 μὴ
3392 711 3592 774 κυρεως
3620 702 3749 760 εἶναι.

2223 804 2382 858 Ἀλλὰ
2427 803 2488 858 τὸ
2536 804 2633 873 μὲν
2672 803 2993 857 ἀπαίῶυτον
3038 803 3094 853 ὲν
3138 799 3250 860 τοῖς
3294 796 3603 866 εἰρημένοις
3647 802 3753 866 παρ’

2212 897 2376 952 αὐτοῦ
2410 897 2504 950 καὶ
2541 897 2603 949 τὸ
2627 895 2962 966 βλάσφημον,
3006 890 3256 944 τοσοῦτόν
3293 905 3352 941 τε
3387 888 3478 940 καὶ
3519 885 3756 947 τοιοῦτον,

2213 993 2290 1056 ὡς
2329 992 2422 1046 καὶ
2463 992 2569 1062 πρὸ
2610 992 2718 1044 τῶν
2755 991 3038 1062 ἡμετέρων
3077 987 3249 1056 λόγων
3295 985 3609 1052 καταφανὲς
3645 980 3760 1035 εἶναι

2213 1085 2325 1146 τοῖς
2356 1082 2478 1135 νοῦν
2521 1081 2752 1152 ἔχουσιν·
2783 1078 2858 1144 ὡς
2895 1081 2939 1133 δ’
2987 1079 3053 1133 ἂν
3096 1077 3292 1149 μᾶλλον
3332 1074 3583 1144 ἐπίδηλος
3626 1072 3761 1125 αὑτοῦ

2216 1174 2424 1241 γένοιτο
2449 1175 2588 1244 μετὰ
2613 1175 2711 1244 τῆς
2739 1172 3047 1241 ἁσεόείαςὴ
3081 1171 3254 1232 ἄνοια,
3280 1167 3436 1221 τοῦτο
3464 1166 3575 1227 τοῖς
3609 1182 3765 1234 προει-

2223 1266 2474 1336 ρημένοις
2517 1263 2924 1335 προσθήσομεν*
2951 1263 3012 1314 Εἰ
3054 1260 3211 1332 μόνον
3253 1260 3368 1313 ἔστι
3405 1257 3615 1327 κυρίως
3655 1250 3766 1307 εἶναι

2219 1357 2414 1425 λέγειν,
2520 1357 2618 1427 τῆς
2649 1355 2870 1426 Γραφῆς
2904 1356 2932 1406 6
2963 1353 3118 1422 λόγος
3158 1347 3557 1418 ἀπολελυμένον
3602 1364 3659 1398 τε
3695 1347 3769 1399 καὶ

2222 1448 2444 1518 ἄσχετον
2476 1450 2742 1519 μαρτυρεῖ
2778 1451 2838 1499 τὸ
2870 1441 3008 1499 εἶναι
3029 1487 3043 1511 ,
3075 1442 3162 1498 διὰ
3202 1441 3256 1496 τί
3290 1440 3544 1509 καθάπερ
3569 1439 3622 1490 οἱ
3646 1438 3774 1505 ὑδρο-

2223 1541 2513 1612 φοροῦντες
2545 1542 2602 1593 ὲν
2646 1539 2864 1610 ἐξουσίᾳ
2893 1537 2984 1591 τοῦ
3023 1539 3165 1589 πιεῖν
3200 1538 3265 1606 τῇ
3291 1533 3420 1606 δίψῃ
3453 1531 3772 1601 φθείρονταις

2225 1635 2332 1687 Καὶ
2358 1627 2509 1696 οὗτος
2532 1633 2819 1703 πρόχειρον
2849 1630 2983 1701 ἔχων
3002 1630 3097 1699 τῆς
3123 1627 3261 1683 κατὰ
3289 1624 3382 1678 τοῦ
3408 1623 3536 1677 Υἱοῦ
3558 1623 3775 1693 βλασφη-

2229 1725 2354 1796 μίας
2376 1725 2438 1778 τὸ
2459 1723 2891 1795 ἀντιφάρμακον,
2915 1719 3186 1791 ὲπιμύσας
3211 1716 3586 1788 παρέδραμεν,
3617 1713 3778 1780 ὧσπερ

2227 1817 2286 1870 τὸ
2320 1817 2557 1887 σωθῆναι
2598 1815 2949 1886 φοόούμενος.
2979 1815 3088 1866 Καὶ
3120 1810 3324 1864 ἀδικεῖν
3357 1807 3597 1861 αἰτιᾶται
3639 1802 3779 1858 Βασί-

2231 1910 2392 1972 λειον,
2421 1909 2502 1962 ὅτι
2531 1909 2656 1973 τοὺς
2686 1905 3136 1978 προσδιορισμοὺς
3165 1902 3442 1972 σιωπήσας
3461 1939 3476 1960 ,
3520 1896 3683 1968 μόνον
3714 1894 3781 1963 ἐφ’

2234 1998 2423 2055 ἑαυτοῦ
2449 1997 2510 2050 τὸ
2531 1993 2610 2066 ἦν
2636 1997 2727 2050 ἐπὶ
2755 1993 2849 2050 τοῦ
2875 1990 3208 2062 Μονογενοῦς
3261 1989 3576 2060 διηγήσατο.
3611 1983 3784 2038 Καίτοι

2234 2108 2297 2159 γε
2320 2089 2541 2143 δυνατὸν
2560 2085 2648 2160 ἦν,
2673 2087 2708 2141 ἂ
2728 2089 2931 2150 ἐκεῖνος
2953 2082 3080 2148 οἶδε,
3104 2083 3199 2137 καὶ
3222 2081 3452 2143 ἕκαστος
3477 2077 3586 2131 τῶν
3610 2073 3787 2143 6:90:1-

2233 2181 2373 2252 μοὺς
2421 2181 2649 2252 ἑχόντων
2701 2179 2823 2252 ὁρᾷ,
2873 2177 2970 2232 καὶ
3007 2175 3195 2229 τοῦτον
3223 2173 3370 2226 ἰδεῖν.
3413 2171 3480 2224 ’0
3531 2187 3622 2240 μοι
3663 2166 3788 2220 δοκεῖ

2240 2273 2586 2345 προφητικῶς
2607 2271 2845 2342 κινηθεὶς
2873 2271 2900 2324 ὁ
2929 2267 3129 2339 ὑψηλὸς
3167 2263 3418 2334 Ἰωάννης
3439 2301 3456 2325 ,
3497 2261 3576 2323 ὼς
3608 2261 3677 2313 ἂν
3710 2259 3789 2326 ἐμ-

2239 2365 2475 2439 φραγείη
2507 2365 2575 2418 τὰ
2613 2363 2857 2434 στόματα
2889 2360 2995 2414 τῶν
3033 2353 3538 2431 χριστομαχοὺντων
3579 2350 3670 2404 διὰ
3709 2349 3790 2411 τὰς

2240 2457 2552 2530 προσθήκας
2586 2455 2786 2516 ταύτας
2825 2450 3153 2507 ἀθετούντων
3185 2447 3279 2501 τοῦ
3327 2443 3564 2516 Χριστοῦ
3606 2441 3668 2495 τὸ
3706 2456 3789 2492 κυ-

2244 2551 2370 2622 ρίως
2415 2545 2586 2610 εἶναι,
2622 2546 2804 2608 ἁπλῶς
2837 2544 2928 2598 καὶ
2975 2541 3290 2611 ἀδιορίστως
3326 2539 3518 2598 εἰπεῖν,
3562 2534 3643 2587 ὅτι
3680 2530 3792 2593 Θεὺς

2239 2639 2306 2715 ἦν
2331 2647 2359 2697 6
2383 2643 2573 2710 Λόγος,
2606 2641 2700 2694 καὶ
2725 2637 2835 2709 ζωὴ
2856 2633 2943 2708 ἦν,
2968 2634 3062 2688 καὶ
3085 2632 3198 2702 φῶς
3220 2624 3309 2702 ἦν,
3341 2630 3401 2683 οὐ
3431 2629 3537 2699 μὴν
3564 2628 3620 2679 ὲν
3640 2625 3793 2694 ἀρχῇ,

2242 2737 2336 2789 καὶ
2367 2735 2501 2806 πρὸς
2530 2732 2620 2788 τὸν
2646 2731 2797 2796 Θεὸν,
2846 2729 2939 2783 καὶ¹
2971 2731 3028 2782 ὲν
3063 2726 3282 2788 κόλποις
3324 2721 3418 2776 τοῦ
3468 2717 3679 2788 Πατρὸς
3709 2715 3789 2767 ὤν’

2241 2826 2378 2879 ὥστε
2411 2804 2499 2876 διὰ
2530 2822 2629 2892 τῆς
2659 2819 2908 2890 τοιαύτης
2934 2817 3168 2888 σχέσεως
3196 2810 3532 2883 ἀναιρεῖσθαι
3565 2804 3657 2859 τοῦ
3697 2806 3794 2857 Κυ-

2245 2915 2360 2986 ρίου
2400 2915 2460 2968 τὸ
2497 2912 2699 2985 κυρίως
2742 2909 2902 2965 εἶναι·
2939 2909 3072 2963 ἀλλὰ
3121 2907 3180 2960 τὸ
3215 2908 3386 2958 εἰπεῖν
3429 2905 3510 2956 ὅτι
3551 2900 3681 2960 Θεὸς
3718 2892 3792 2967 ἦν,

2242 3009 2307 3077 τῇ
2340 3005 2552 3076 ἀσχέτῳ
2590 3003 2759 3074 ταύτῃ
2803 3003 2898 3056 καὶ
2935 2999 3186 3070 ἀπολύτῳ
3224 2998 3410 3066 φωνῇ,
3441 2996 3620 3046 πᾶσαν
3662 3007 3799 3058 περι-

2242 3095 2446 3168 δρομὴν
2480 3093 2586 3148 τῶν
2625 3094 2704 3155 είς
2737 3091 2990 3146 ἀσέϐειαν
3033 3089 3335 3160 τρεχόντων
3382 3087 3495 3148 τοῖς
3539 3080 3800 3150 λογισμοῖς

574 3201 763 3263 Deum.
792 3169 846 3254 et
880 3199 933 3253 in
977 3197 1190 3253 sinibus
1218 3169 1396 3248 Patris
1430 3211 1442 3246 :
1479 3193 1553 3247 ita
1586 3198 1643 3245 ut
1673 3204 1769 3260 per
1797 3188 1962 3243 talem
1995 3185 2140 3241 rela-

2244 3185 2625 3254 ὑποτέμνεται.
2655 3183 2761 3235 Και
2790 3182 2868 3234 ἔτι
2898 3181 3032 3250 πρὸς
3056 3177 3304 3240 τούτοιςδ
3335 3172 3645 3246 καὶμᾶλλον
3665 3169 3800 3235 ἐλέγ-

573 3291 774 3344 tionem
823 3287 1039 3358 proprie
1084 3300 1207 3341 esse
1249 3282 1465 3339 Domini
1502 3281 1763 3336 tollatur:
1789 3277 1885 3333 sed
1911 3275 2144 3331 dicendo

575 3378 720 3450 quod
765 3377 909 3433 Deus
941 3386 1079 3442 erat,
1115 3376 1216 3430 hac
1259 3375 1430 3430 libera
1464 3380 1517 3428 et
1557 3371 1735 3427 soluta
1765 3384 1898 3424 voce
1927 3381 2145 3422 omnem

576 3469 862 3524 circuitum
902 3467 968 3522 ad
1002 3466 1330 3535 impietatem
1362 3462 1696 3518 currentium
1724 3458 2147 3530 cogitationibus

578 3558 874 3616 intercidit.
910 3557 1179 3614 Prteterea
1205 3558 1350 3626 quod
1391 3555 1554 3610 etiam
1599 3552 1772 3623 magis
1806 3550 2149 3606 adversario-

579 3667 699 3705 rum
731 3649 1122 3720 malignitatem
1169 3644 1366 3701 refellit
1395 3659 1406 3694 :
1440 3644 1485 3697 si
1529 3641 1674 3698 enim
1728 3640 1780 3694 in
1813 3638 1997 3708 aliquo
2028 3651 2150 3692 esse

582 3751 960 3814 argumentum
999 3739 1224 3802 faciunt,
1260 3734 1405 3807 quod
1439 3749 1547 3788 non
1582 3734 1654 3788 sit
1687 3729 1928 3804 preprie,
1973 3743 2150 3798 neque

582 3833 797 3888 Patrem
857 3831 1077 3902 proprie
1137 3842 1261 3884 esse
1311 3825 1535 3882 omnino
1583 3823 1912 3879 conﬁtentur
1961 3819 2055 3890 qui
2095 3819 2151 3873 in

585 3923 874 3995 Evangelio
900 3921 1223 3983 didicerunt,
1253 3916 1396 3988 quod
1423 3913 1880 3986 quemadmodum
1909 3912 2078 3967 Filius
2097 3912 2152 3966 in

583 4016 766 4080 Patre,
809 4015 889 4070 sic
917 4023 971 4069 et
997 4012 1159 4066 Pater
1200 4012 1252 4065 in
1290 4009 1430 4063 Filio
1459 4016 1662 4069 manet,
1701 4005 2000 4061 secundum
2048 4004 2155 4057 Do-

585 4109 718 4162 mini
737 4123 946 4162 vocem.
981 4105 1215 4174 Equale
1241 4111 1324 4157 est
1347 4101 1492 4156 enim
1519 4098 1572 4153 in
1601 4097 1812 4153 sinibus
1833 4094 2013 4150 Patris
2035 4109 2157 4150 esse

587 4200 804 4264 Filium,
834 4205 887 4253 et
917 4198 968 4253 in
1004 4194 1142 4251 Filio
1170 4194 1384 4249 Patrem
1407 4205 1531 4247 esse
1552 4189 1756 4244 dicere.
1777 4187 1967 4243 Obiter
1993 4186 2156 4241 etiam

588 4292 690 4347 hoc
717 4289 1094 4346 examinemus
1124 4285 1410 4352 :Quando,
1467 4291 1525 4337 ut
1571 4281 1845 4351 inquiunt,
1894 4292 2000 4331 non
2042 4283 2159 4331 erat

587 4380 781 4445 Filius,
822 4380 950 4451 quid
980 4377 1292 4433 continebat
1322 4373 1503 4429 Patris
1533 4370 1730 4428 sinus?
1758 4369 1991 4424 Prorsus
2013 4367 2158 4421 enim

591 4474 671 4526 vel
690 4473 906 4543 plenum
929 4471 1137 4525 dabunt
1165 4469 1341 4537 ipsum
1373 4465 1564 4528 fuisse,
1593 4464 1676 4518 vel
1696 4465 1912 4518 inanem
1936 4470 2156 4533 ponent.

2247 3296 2331 3350 χει
2376 3278 2476 3348 τὴν
2521 3274 2630 3329 τῶν
2674 3272 3062 3343 ἀντικειμένων
3095 3270 3382 3324 κακόνοιαν
3406 3277 3421 3291 ⁸
3455 3266 3502 3318 εἰ
3532 3263 3638 3332 γὰρ
3667 3261 3723 3312 τὸ
3750 3257 3799 3310 ἐν

2248 3387 2353 3423 τινι
2397 3364 2534 3422 εἶναι
2579 3369 2800 3438 σημεῖον
2844 3364 3122 3418 ποιοῦνται
3154 3361 3248 3416 τοῦ
3287 3360 3359 3430 μὴ
3395 3357 3596 3427 κυρίως
3635 3347 3794 3413 εἶναι,

2248 3461 2369 3514 οὐδὲ
2401 3460 2495 3515 τὸν
2527 3459 2744 3531 Πατέρα
2787 3457 2989 3528 κυρίως
3027 3451 3167 3509 εἶναι
3201 3452 3414 3513 πάντως
3449 3446 3795 3501 συντίθενται,

2253 3550 2631 3623 μεμαθηκότες
2662 3552 2720 3603 ἐν
2749 3549 2827 3620 τῷ
2859 3545 3192 3615 Εὑαγγελίῳ,
3227 3545 3308 3596 ὅτι
3335 3540 3521 3610 ὥσπερ
3549 3540 3576 3592 ὁ
3606 3535 3718 3596 Υἱὸς
3743 3535 3799 3584 ἐν

2357 3622 2550 3712 Πατρὶ,
2575 3639 2717 3692 οὕτω
2742 3639 2835 3692 καὶ
2864 3641 2892 3692 6
2919 3636 3108 3704 Πατὴρ
3133 3635 3192 3687 ὲν
3220 3632 3298 3703 τῷ
3329 3631 3445 3701 Υἱῷ
3479 3629 3642 3699 μένει,
3671 3622 3795 3677 κατὰ

2251 3734 2351 3804 τὴν
2383 3732 2476 3787 τοῦ
2504 3733 2705 3803 Κυρίου
2737 3729 2936 3799 φωνήν.
2968 3724 3116 3780 Ἶσον
3147 3725 3256 3797 γάρ
3281 3727 3394 3776 ἐστι
3423 3720 3501 3790 τῷ
3526 3722 3579 3772 ἐν
3607 3716 3795 3774 κόλποις

2253 3818 2390 3879 εἶναι
2424 3824 2516 3878 τοῦ
2539 3823 2748 3894 Πατρδς
2771 3821 2860 3874 τὸν
2891 3819 3037 3882 Υἱὸν,
3071 3818 3132 3872 τὸ
3157 3819 3215 3871 ὲν
3242 3815 3319 3886 τῷ
3346 3812 3462 3883 Υἱῷ
3491 3811 3579 3864 τὸν
3610 3804 3792 3874 Πατέρα

2255 3915 2391 3973 εἶναι
2417 3919 2616 3985 λέγειν.
2669 3915 2757 3968 Ἐν
2785 3912 3000 3984 παρόδῳ
3028 3911 3084 3963 δὲ
3116 3907 3388 3963 καὶτοῦτο
3422 3898 3793 3974 προσεξετάσωο

2260 4009 2516 4082 μεν·”οτε
2531 4008 2628 4060 οὑκ
2659 4000 2749 4076 ἦν,
2790 4003 2866 4067 ὥς
2894 4019 3076 4072 φασιν,
3124 4003 3151 4054 6
3179 4000 3305 4062 Υἱὸς
3327 4040 3342 4064 ,
3376 3997 3427 4050 τε
3463 3994 3685 4063 περιεῖχε
3709 3984 3790 4037 τοῦ

2259 4078 2467 4171 Πατρός
2491 4101 2518 4152 6
2539 4098 2768 4161 κόλποςς
2791 4095 3014 4156 Πάντως
3037 4092 3145 4163 γὰρ
3170 4091 3202 4161 ἢ
3230 4090 3409 4159 πλήρη
3441 4086 3694 4171 δώσουσιν
3707 4078 3788 4129 αὖ·

2257 4190 2348 4243 τδν
2380 4169 2543 4250 εἶναι,
2575 4187 2608 4258 ἢ
2641 4185 2794 4239 κενὸν
2825 4183 3204 4253 ὑποϐήσονται.
3244 4179 3307 4232 Ei
3354 4177 3452 4249 μὲν
3487 4169 3577 4228 οὖν
3615 4169 3791 4236 πλήρης

2257 4275 2325 4352 ἦν
2351 4281 2379 4333 6
2407 4278 2625 4339 κόλπος,
2661 4277 2690 4328 6
2728 4273 2856 4337 Υἱὸς
2902 4272 3117 4335 πάντως
3145 4265 3212 4341 ἦν
3239 4267 3334 4321 τοῦ
3374 4266 3572 4320 κόλπου
3604 4261 3657 4314 τὸ
3678 4257 3791 4324 πλή-

2265 4350 2440 4444 ρωμα.
2482 4371 2545 4423 El
2571 4368 2626 4420 δέ
2656 4383 2777 4420 τινα
2817 4365 3079 4435 κενότητα
3119 4364 3230 4424 τοῖς
3260 4358 3353 4414 τοῦ
3391 4355 3598 4426 {lupi};
3627 4350 3792 4444 Evilat»:

2265 4463 2417 4536 ροῦσι
2451 4460 2687 4523 κόλποις,
2718 4455 2869 4510 οὐδὲν
2905 4454 3089 4524 ἓτερον
3115 4452 3147 4523 ἢ
3179 4452 3243 4504 ὲκ
3270 4448 3654 4520 παραυξήσεως
3673 4436 3794 4504 αὐτῷ

592 4563 647 4616 Si
704 4561 870 4632 igitur
917 4560 1110 4631 plenus
1156 4565 1271 4612 erat
1329 4555 1518 4613 sinus.
1565 4553 1736 4608 Filius
1783 4530 2010 4607 omnino
2043 4547 2135 4607 era

2266 4553 2746 4628 npoauaptupoiist
2778 4548 2874 4620 τὴν
2911 4545 3224 4616 τελειότητα
3247 4585 3262 4610 ,
3305 4541 3413 4596 ἀπὸ
3451 4539 3545 4593 τοῦ
3585 4530 3722 4590 κενοῦ
3747 4545 3792 4581 π

591 4654 747 4708 sinus
775 4651 1076 4722 plenitudo.
1105 4647 1261 4714 Quod
1289 4645 1336 4701 si
1369 4646 1604 4716 aliquam
1655 4646 1711 4700 in
1741 4645 1918 4700 Patris
1947 4645 2159 4699 sinibus

592 4755 840 4819 spectant
858 4744 1199 4806 inanitatem,
1222 4740 1355 4796 nihil
1379 4738 1526 4793 aliud
1549 4751 1710 4808 quam
1737 4753 1802 4794 ex
1827 4737 2161 4791 incremento

595 4840 978 4913 perfectionem
1013 4835 1062 4892 ei
1109 4835 1412 4905 assignant,
1461 4831 1588 4900 quia
1638 4830 1705 4884 ab
1753 4828 1900 4882 inani
1949 4837 2003 4882 et
2029 4827 2163 4882 deli-

594 4933 773 4987 ciente
806 4927 872 4982 ad
910 4927 1126 4997 plenum
1175 4931 1229 4979 et
1278 4922 1575 4993 perlectum
1629 4917 2001 4987 transmigret.
2057 4915 2161 4972 Sed

595 5038 704 5079 non
734 5023 1129 5090 cognoverunt,
1161 5029 1337 5084 neque
1375 5011 1776 5074 intellexerunt,
1810 5007 1884 5061 ait
1907 5006 2073 5060 David
2098 5007 2165 5061 de

594 5116 682 5170 his
718 5112 810 5184 qui
838 5111 894 5166 in
929 5108 1168 5166 tenebris
1204 5104 1520 5167 ambulant;
1573 5103 1668 5172 qui
1707 5100 1850 5154 enim
1887 5115 2026 5154 vera:
2056 5099 2161 5154 luci

595 5209 796 5263 bellum
827 5204 1029 5266 intulit,
1057 5201 1111 5256 in
1148 5201 1268 5254 luce
1302 5197 1542 5251 animum
1577 5195 1774 5248 habere
1812 5208 1916 5246 non
1961 5199 2158 5261 potest.

596 5300 720 5356 ltleo
751 5296 962 5368 adjaeet
992 5311 1057 5350 ex
1085 5287 1460 5361 consequenti,
1497 5283 1643 5356 quod
1671 5285 1809 5338 hanc
1837 5283 2166 5353 impietatem

599 5409 709 5448 nun
741 5389 1142 5446 intellexerunt.

671 5484 979 5552 Quinetiam
1019 5496 1048 5535 a
1083 5479 1243 5534 Patre
1272 5476 1394 5531 Filii
1439 5473 1732 5532 essentiam
1783 5469 2012 5540 imperio
2058 5468 2170 5538 regi

605 5580 720 5632 sive.
744 5576 920 5630 Patris
949 5572 1192 5628 dominio
1226 5568 1422 5638 subjici
1468 5573 1734 5624 autumat.
1767 5563 1848 5618 sic
1874 5563 2063 5617 dicens
2103 5559 2169 5613 ad

607 5667 866 5723 verbum:
901 5663 1021 5717 Non
1059 5663 1197 5717 enim
1241 5661 1373 5713 hanc
1413 5659 1515 5713 sibi
1550 5667 1604 5710 ut
1639 5656 1906 5725 propriam
1937 5652 2170 5708 vindicat

607 5760 939 5828 dignitatem,
984 5755 1071 5821 qui
1115 5768 1204 5819 per
1250 5749 1462 5804 Patrem
1491 5759 1566 5803 est
1600 5760 1646 5801 ct
1677 5748 1818 5810 rivit,
1862 5761 1978 5798 cum
2009 5744 2168 5797 ctiam

613 5850 765 5916 huius
808 5843 1131 5898 dominatrix
1177 5842 1399 5893 essentia
1446 5840 1512 5891 ad
1551 5842 1773 5903 seipsam
1813 5835 1986 5888 trahat
2035 5833 2168 5887 cutis

2267 4647 2360 4700 καὶ
2377 4644 2651 4707 λείποντος
2670 4642 2762 4694 ἐπὶ
2776 4641 2836 4694 τὸ
2856 4640 3055 4710 πλῆρες
3079 4634 3472 4708 μεθισταμένου
3494 4633 3586 4686 καὶ
3607 4629 3792 4682 τέλειον.

2279 4737 2414 4790 Ἀλλ’
2441 4736 2539 4797 οὐκ
2572 4735 2810 4804 ἔγνωσαν
2836 4732 2954 4786 οὐδὲ
2983 4733 3239 4801 συνῆκαν,
3273 4728 3436 4797 φησιν
3463 4728 3492 4778 6
3520 4721 3672 4778 Δαῦὶδ
3698 4713 3797 4784 περὶ

2268 4826 2373 4879 τῶν
2397 4826 2452 4876 ὲν
2469 4823 2649 4876 σκότει
2665 4821 3154 4892 διαπορευομένων.
3189 4820 3248 4873 '0
3261 4819 3371 4888 γὰρ·
3386 4805 3799 4881 ἐκπεπολεμωμέ-

2269 4933 2356 4980 νος
2389 4915 2465 4985 τῷ
2486 4914 2723 4986 ἀληθινῷ
2752 4914 2910 4983 φωτὶ,
2929 4915 2985 4966 ὲν
3007 4913 3144 4982 φωτὶ
3168 4911 3264 4983 τὴν
3290 4908 3466 4980 ψυχὴν
3495 4909 3633 4976 ἔχειν
3659 4904 3711 4956 οὐ
3727 4899 3799 4951 δύο

2269 5025 2444 5063 ναται·
2473 5007 2560 5060 διὰ
2587 5007 2743 5060 τοῦτο
2789 5006 3178 5078 προσκείμενον
3217 5004 3280 5056 ὲκ
3315 5000 3409 5054 τοῦ
3443 4994 3722 5053 ἀκολούθου
3758 4985 3803 5040 τὸ

2269 5100 2367 5172 τὴν
2404 5099 2656 5155 ἀσέϐειαν
2685 5097 2888 5166 ταύτην
2927 5093 3412 5166 ἐπανορθούμενον,
3445 5088 3631 5157 ὥσπερ
3666 5085 3803 5150 ἀορα-

2273 5194 2364 5266 σία
2392 5192 2684 5263 πληγέντες
2710 5188 2849 5242 κατὰ
2874 5188 2998 5250 τοὺς
3023 5183 3315 5254 Σοδομίτας
3349 5182 3408 5234 οὐ
3437 5177 3764 5245 κατενόησαν.

2206 5287 2458 5355 castigat,
2490 5293 2748 5353 tanquam
2777 5281 3019 5335 caecitate
3043 5276 3278 5348 perculsi
3346 5274 3496 5330 velut
3553 5266 3808 5324 Sodonntze

2349 5461 2510 5516 Ἀλλὰ
2536 5461 2629 5515 καὶ
2655 5457 2999 5530 κυριεύεσθαι
3031 5455 3179 5522 λέγει
3211 5452 3366 5522 παρὰ
3386 5451 3481 5504 τοῦ
3512 5449 3713 5521 Πατρδς
3735 5443 3811 5498 τοῦ

2269 5554 2399 5608 Υἱοῦ
2457 5554 2555 5624 τὴν
2604 5552 2812 5616 οὐσίαν,
2846 5548 2988 5602 οὕτω
3018 5547 3191 5616 λέγων
3231 5546 3309 5616 τῷ
3344 5546 3548 5618 ῥήματι
3575 5559 3588 5572 ⁸
3623 5545 3700 5595 Οὐ
3726 5538 3816 5607 γὰρ

2268 5645 2580 5699 οἰκειοῦται
2609 5643 2836 5708 ταύτην
2860 5639 2974 5706 τὴν
2993 5638 3173 5702 ἀξίαν
3203 5640 3235 5690 ό
3261 5636 3358 5689 διὰ
3378 5637 3485 5690 τὸν
3509 5634 3726 5701 Πατέρα
3748 5627 3817 5678 ὧν

2269 5738 2362 5790 καὶ
2392 5727 2522 5801 ζ’ὦν,
2557 5733 2665 5803 τῆς
2685 5732 2782 5786 καὶ
2809 5733 3019 5785 τούτου
3045 5728 3443 5796 κυριευούσης
3465 5728 3669 5790 οὐσίας
3689 5717 3817 5786 πρίν(

2269 5827 2492 5894 ἑαυτὴν
2520 5827 2821 5891 ἑλκούσης
2863 5823 2974 5891 τὴν
3013 5822 3117 5877 τοῦ
3146 5822 3318 5888 ὄντος
3345 5821 3600 5874 ἔννοιαν,
3640 5815 3696 5867 ΕΞ
3731 5809 3813 5877 μὲν
