4002 6218
214 385 315 441 855

1325 393 1606 450 CONTRA
1644 394 2033 461 EUNOMIUM,
2076 397 2203 451 ΜΒ.
2243 398 2309 451 Χ.

3194 321 3225 334 δ

3373 403 3476 461 846

213 503 306 560 ούν
344 522 451 559 τινι
474 504 583 558 τῶν
616 505 720 573 ἔξω
754 507 933 575 δοξῶν
960 509 1134 564 ταῦτα
1162 510 1337 573 δοκεῖ,
1372 516 1536 587 μηδὲν
1564 517 1799 587 ἐνοχλεί-

1914 518 2189 572 notionem.
2224 518 2279 571 Si
2308 517 2528 588 quidem
2565 518 2726 572 alicui
2772 529 3124 575 externorum
3172 514 3479 592 sapientum

214 596 325 649 σθω
362 598 434 648 τὰ
465 596 799 664 Εύαγγέλια,
834 599 969 668 μηδὲ
1017 603 1050 671 ἡ
1092 600 1252 672 λοιπὴ
1298 603 1399 674 τῆς
1437 604 1796 660 θεοπνεύστου

214 686 434 758 Γραφῇ
469 685 806 742 διδασκαλία.
836 688 931 753 Τίς
962 689 1071 763 γὰρ
1102 694 1351 747 κοινωνία
1381 695 1459 766 τῷ
1490 695 1801 767 Χριστιανῷ

214 778 355 848 λόγῳ
383 777 519 849 πρὸς
542 778 642 848 τὴν
670 778 1044 850 μωρανθείσαν
1078 783 1301 851 σοφίανς
1335 783 1399 838 Εί
1429 785 1487 838 δὲ
1517 789 1629 849 τοῖς
1658 803 1796 857 γραο

214 870 391 937 φικοῖς
416 867 753 939 ἐπερείδεται
774 909 788 933 ,
819 869 1047 937 δειξάτω
1080 873 1335 946 τοιαύτην
1370 878 1435 929 ἐκ
1474 876 1585 930 τῶν
1631 878 1799 947 ἁγίων

212 958 418 1029 φωνὴν,
458 957 554 1011 καί¹
595 960 758 1028 ἡμεῖς
789 962 1160 1034 σιωπήσομεν.
1215 963 1454 1030 Βοῶντος
1487 967 1673 1021 ἀκούω
1702 968 1799 1023 τοῦ

210 1048 450 1115 Παύλου,
497 1050 579 1103 ὃτι
627 1045 735 1117 Εἷς
779 1053 995 1119 Κύριος
1053 1054 1294 1122 Ἰησοῦς
1340 1060 1619 1127 Χριστός.
1660 1061 1800 1114 Ἀλλ’

210 1142 435 1213 ἀντιὸοᾷ
472 1141 552 1213 τῷ
595 1143 791 1214 Παύλῳ
828 1145 1095 1218 Εύνόμιος
1117 1189 1132 1215 ,
1162 1147 1346 1203 δοῦλον
1376 1149 1658 1221 ὀνομάζων
1708 1152 1800 1205 τὸν

210 1233 468 1304 Χριστόν.
515 1232 678 1287 Ἄλλο
703 1234 812 1307 γάρ
838 1252 890 1288 τι
916 1235 1164 1302 δουλείας
1209 1241 1373 1311 ἡμεῖς
1416 1241 1516 1294 οὐκ
1547 1241 1802 1310 ἐπιγινώ-

213 1336 419 1390 σκομεν
446 1320 751 1393 γνώρισμα,
784 1323 923 1395 πλὴν
955 1325 1015 1379 τὸ
1048 1326 1358 1399 ὑποχείριον
1387 1324 1527 1383 εἶναι
1564 1332 1660 1385 καὶ
1705 1348 1803 1384 κυ-

212 1411 729 1482 ριεύεσθαι,⁶δοῦλος
759 1416 976 1482 πάντως
1005 1419 1172 1473 ὲστίν.
1218 1419 1279 1475 Ὀ
1300 1421 1358 1475 δὲ
1388 1422 1574 1486 δοῦλος
1599 1426 1665 1495 τῇ
1696 1424 1799 1493 φύ-

211 1520 296 1556 σει
340 1502 545 1574 Κύριος
589 1500 731 1559 εἶναι
773 1507 835 1560 οὐ
881 1507 1125 1575 δύναται,
1173 1510 1272 1566 κᾶν
1300 1512 1375 1566 ix
1401 1516 1801 1586 καταχρήσεως

207 1595 457 1665 λέγηται.
494 1594 600 1650 Καὶ
631 1597 686 1651 τί
716 1615 806 1669 μοι
853 1599 1040 1670 φέρειν
1081 1603 1163 1666 είς
1213 1604 1521 1677 μαρτυρίαν
1563 1606 1661 1678 τὴν
1703 1605 1800 1659 τοῦ

208 1687 419 1758 Κυρίου
452 1688 749 1762 κυριότητα
781 1692 861 1756 είς
896 1691 995 1757 τὰς
1021 1693 1116 1747 τοῦ
1158 1694 1373 1751 Παύλου
1420 1699 1642 1767 φωνάςς
1702 1699 1801 1751 Λύ-

207 1782 302 1844 τδς
349 1780 462 1853 γὰρ
515 1784 544 1836 ὁ
586 1782 799 1837 Παύλου
849 1786 1129 1857 Δεσπότης
1185 1790 1324 1859 πρὸς
1373 1790 1499 1855 τοὺς
1553 1791 1802 1861 μαθητάς

1901 611 2017 666 haec
2043 611 2370 681 probantur,
2404 609 2545 663 nihil
2570 609 3004 666 interturbantur
3034 609 3350 684 Evangelia,
3386 628 3481 670 ne-

1901 716 2010 765 que
2039 701 2252 771 reliqua
2277 700 2542 754 divinitus
2566 698 2845 768 inspirata:
2877 698 3177 771 Scripturte
3204 700 3479 758 doctrina.

1900 791 2032 858 Qua:
2072 792 2218 846 enim
2253 792 2679 848 communicatio
2722 789 3163 848 Christianorum
3220 793 3459 853 sermoni

1901 899 2027 939 cum
2060 884 2225 940 stulta
2262 893 2318 938 et
2344 883 2490 939 fatua
2522 881 2823 952 sapientia?
2853 881 3010 949 Quod
3045 884 3091 939 si
3140 883 3361 954 scriptis
3391 885 3479 941 in-

1900 978 2115 1042 nititur,
2145 975 2396 1032 ostendat
2422 976 2583 1031 talem
2609 991 2677 1032 ex
2707 976 2915 1032 sanctis
2945 973 3248 1046 Scripturis
3267 991 3480 1041 vocem,

1900 1080 1955 1126 et
1981 1084 2083 1124 nos
2105 1067 2435 1124 tacebimus.
2461 1068 2798 1123 Clamantem
2827 1066 2991 1122 audio
3020 1066 3278 1134 Paulum,
3334 1067 3478 1138 quod

1914 1158 2060 1215 Unus
2074 1160 2330 1219 Dominus
2358 1159 2517 1214 Iesus
2547 1156 2810 1215 Christus.
2857 1157 2963 1214 Sed
3001 1157 3174 1214 Paulo
3218 1159 3481 1214 reclamat

1900 1262 1956 1306 et
1987 1253 2310 1309 adversatur
2355 1252 2678 1315 Eunomius,
2722 1250 3007 1307 Christum
3051 1265 3270 1308 servum
3304 1251 3481 1306 nomi-

1904 1359 2061 1400 nans.
2095 1342 2213 1399 Non
2265 1345 2412 1399 enim
2453 1343 2601 1398 aliud
2652 1358 2754 1398 nos
2811 1343 3093 1399 servitutis
3129 1343 3392 1398 indicium
3427 1352 3483 1397 et

1900 1445 2113 1491 certum
2162 1436 2379 1506 signum
2413 1436 2784 1506 agnoscimus,
2833 1451 2996 1505 quam
3044 1435 3321 1490 subditum
3359 1450 3483 1491 esse

1902 1530 1956 1574 et
1985 1521 2275 1591 imperium
2302 1521 2447 1593 pati;
2495 1522 2588 1592 qui
2637 1523 2765 1577 talis
2805 1532 2908 1586 est,
2964 1530 3112 1579 certe
3141 1538 3331 1580 servus
3376 1532 3483 1578 est.

1906 1610 2111 1668 Servus
2152 1622 2336 1669 autem
2394 1621 2590 1667 natura
2634 1612 2898 1668 Dominus
2948 1631 3073 1670 esse
3120 1630 3229 1670 non
3279 1622 3482 1685 potest,

1901 1706 2158 1773 quamvis
2198 1704 2465 1759 abusione
2504 1704 2742 1760 dicatur.
2777 1703 2920 1770 Quid
2957 1705 3090 1760 mihi
3145 1721 3370 1762 necesse
3400 1715 3486 1762 est

1902 1792 2058 1850 Pauli
2088 1810 2248 1851 voces
2278 1797 2345 1850 ad
2376 1795 2860 1851 demonstrandam
2898 1796 3116 1851 Domini
3148 1797 3484 1853 dominatio-

206 1888 377 1941 φησιν
405 1872 621 1944 ἀληθῶς
659 1870 797 1928 εἶναι
830 1876 1034 1947 Κύριος
1055 1919 1073 1942 ,
1102 1879 1498 1952 ἀποδεχόμενος
1528 1882 1626 1954 τὴν
1671 1883 1802 1953 ὁμο.

1914 1900 2027 1940 rtem
2060 1885 2117 1938 in
2153 1884 2529 1939 testimonium
2572 1882 2807 1938 all’erre?
2836 1881 2958 1953 lpse
2999 1884 3145 1939 enim
3195 1884 3350 1939 Pauli
3379 1883 3486 1940 Do-

204 1961 398 2030 λογίαν
417 1962 527 2016 τῶν
546 1962 867 2018 διδάσκαλον
880 1966 1042 2020 αὐτὸν
1060 1968 1157 2021 καὶ
1178 1968 1382 2040 Κύριον
1400 1968 1797 2042 ὀνομαζόντων,

204 2052 360 2121 λέγει
386 2054 520 2126 γὰρ,
550 2055 632 2109 ὅτι
683 2057 881 2126 Ὑμεῖς
928 2059 1164 2115 καλεῖτέ
1212 2079 1286 2131 με
1323 2062 1544 2131 Κύριον
1573 2063 1672 2117 καί
1717 2063 1804 2117 δι-

202 2146 548 2209 δάσκαλον,
577 2149 677 2202 καί
710 2149 911 2217 καλῶς
928 2150 1156 2221 λέγετε·
1181 2152 1300 2223 ειμι
1325 2153 1459 2224 γάρ·
1500 2153 1562 2207 τὸ
1589 2153 1644 2207 δὲ
1669 2153 1802 2208 αὐτὸ

203 2236 371 2290 τοῦτο
409 2237 506 2291 καὶ
531 2236 623 2291 τόν
650 2239 869 2311 Πατέρα
905 2241 1037 2313 παρ’
1063 2241 1243 2296 αὐτῶν
1274 2242 1634 2315 ἐνομοθέτησε
1659 2238 1805 2311 λέγὲ-

202 2330 339 2384 σθαι
353 2331 646 2400 εἰπών’Μὴ
663 2332 963 2401 καλέσητε
974 2333 1323 2404 καθηγητὴν
1336 2334 1434 2388 ἐπὶ
1449 2334 1521 2404 τῆ
1528 2334 1698 2406 ςτῆςν
1713 2331 1804 2402 εἷς

200 2422 325 2491 γὰρ
342 2419 510 2491 ὑμῶν
527 2423 893 2495 καθηγητὴς,
918 2427 950 2480 ό
972 2427 1176 2496 Πατὴρ
1199 2430 1232 2482 ὁ
1258 2427 1329 2481 ἐν
1355 2427 1474 2493 τοῖς
1502 2429 1799 2499 οἰφανοῖς.

199 2514 335 2568 Τίνι
378 2515 558 2570 τοίνυν
589 2518 917 2589 προσεκτέον
939 2521 1080 2590 ,ἡμῖν
1114 2521 1174 2573 ὲν
1220 2519 1373 2593 μέσῳ
1408 2520 1613 2577 τούτων
1643 2523 1805 2576 ἀπει-

201 2607 536 2679 λημμένοις
569 2609 806 2664 Ἐκεῖθεν
826 2610 989 2675 αὑτός
1011 2629 1070 2664 τε
1088 2611 1362 2683 exopto;
1383 2614 1478 2667 καὶ
1498 2613 1805 2669 ὀλαλοῦντα

200 2700 354 2767 ἒχων
392 2700 452 2752 ἐν
491 2699 668 2771 ἑαυτῷ
710 2686 803 2754 τὸν
849 2703 1104 2774 Χριστὸν,
1152 2704 1214 2757 τὸ
1264 2706 1339 2777 μὴ
1384 2706 1580 2778 χρῆναι
1619 2706 1805 2763 δοῦλον

201 2790 376 2844 αὐτὸν
407 2793 609 2846 ἐννοεῖν
642 2793 992 2861 ἐγκελεύεται
1014 2837 1029 2857 ,
1075 2796 1190 2850 ἀλλ’
1223 2796 1368 2852 οὕτω
1408 2799 1578 2872 τιμᾷν
1615 2799 1802 2866 αὑτὸν,

200 2882 402 2947 καθὼς
425 2885 649 2954 τιμᾶται
674 2887 704 2938 ὀ
725 2886 932 2958 Πατήρ.
971 2887 1250 2942 Ἐντεῦθεν
1276 2889 1542 2959 Εύνόμιος
1565 2890 1806 2956 δουλείας

198 2976 413 3044 ἐπάγει
446 2975 524 3046 τῷ
544 2974 727 3048 Κυρίῳ
755 2979 991 3051 γραφὴν,
1023 2982 1371 3051 κυριεύεσθαι
1410 2982 1582 3051 λέγων
1605 2983 1691 3039 τὸν
1711 2984 1805 3039 τοῦ

196 3068 421 3131 παντὸς
457 3068 763 3141 ἐξημμένον
800 3072 862 3125 τὸ
890 3072 1112 3143 κράτος.
1147 3069 1296 3145 τΑρα
1345 3073 1643 3145 ἀμφίϐολος
1675 3075 1806 3146 ἡμῖν

196 3163 308 3215 τοῦ
333 3162 611 3233 πρακτέου
634 3164 669 3234 ή
702 3164 950 3235 αἴρεσις;
985 3165 1056 3218 Ἦ
1091 3167 1220 3237 παρ’
1261 3165 1440 3234 ὀλίγον
1463 3167 1611 3220 ἐστὶν
1637 3169 1670 3236 ἡ
1710 3166 1804 3220 τοῦ

196 3252 657 3325 λυσιτελεστέρου
708 3254 1014 3327 διὰκρισις;
1093 3258 1372 3327 ’Δτιμάσω
1441 3257 1654 3312 Παύλου
1709 3257 1806 3329 τὴν

200 3345 557 3418 συμϐουλὴν,
580 3341 625 3399 ὦ
648 3347 910 3418 Βύνόμιε;
936 3347 1028 3419 Μὴ
1057 3348 1380 3419 πιστοτέραν
1400 3350 1681 3421 ἡγήσομαι
1711 3350 1809 3419 τῆς

203 3441 317 3509 σῆς
350 3438 572 3508 ἀπάτης
608 3438 703 3507 τὴν
735 3439 835 3510 τῆς
874 3439 1135 3511 ἀληθείας
1183 3442 1406 3512 φωνήνς
1466 3440 1629 3495 Ἀλλ’
1655 3440 1809 3511 εἰμὴ

200 3529 415 3603 ἦλθον
436 3532 536 3585 καί
561 3531 869 3598 ἐλάλησα,
904 3531 1088 3602 φησὶν,
1114 3531 1340 3598 αὐτοῖς,
1374 3532 1670 3601 ἁμαρτίαν
1699 3535 1811 3586 οὐκ

204 3621 416 3693 εἶχον.
462 3622 619 3676 Ἐπεὶ
638 3618 731 3676 οὖν
760 3622 921 3687 αὐτὸς
960 3622 1222 3694 ἐλάλησεν
1254 3624 1437 3686 αὐτοῖς
1467 3624 1682 3696 ἀληθῶς
1722 3624 1811 3678 λέ-

202 3733 333 3784 γων
373 3715 569 3770 ἑαυτὸν
607 3711 745 3769 εἶναι
788 3715 1011 3786 Κύριον,
1038 3716 1161 3786 οὐχὶ
1187 3715 1397 3785 ψευδῶς
1427 3716 1809 3786 ὀνομάζεσθαι’

210 3808 525 3879 Εἰμὶγάρ,
567 3808 753 3879 φησὶν,
797 3808 920 3879 οὐχὶ
957 3809 1365 3879 ὀνομάζομαι...
1406 3808 1460 3861 τί
1505 3808 1805 3875 ἀναγκαῖον

208 3903 427 3963 ποιεῖν,
549 3900 956 3973 summ;
999 3903 1147 3955 ἐστιν
1188 3903 1253 3954 ἐκ
1292 3900 1386 3954 τοῦ
1425 3900 1735 3971 προγνῶναι
1779 3902 1814 3971 ἡ

205 4010 467 4065 τιμωρία
495 4010 510 4059 ;

321 4175 471 4231 Ἀλλ’
529 4178 659 4236 ἴσως
718 4171 877 4225 πάλιν
895 4173 1025 4242 ἡμῖν
1042 4171 1176 4242 πρὸς
1192 4170 1363 4226 ταῦτα
1377 4171 1475 4240 τὴν
1499 4169 1704 4241 συνήθη
1730 4188 1817 4224 σο⁴

211 4265 357 4334 φίαν
389 4262 879 4335 ἀντιπροϐαλλεται
897 4304 913 4329 ,
963 4264 1057 4317 καὶ
1102 4263 1243 4328 λέξει
1272 4263 1363 4315 τὸν
1384 4262 1546 4315 αὐτὸν
1577 4262 1670 4314 καὶ
1700 4263 1817 4316 δου-

210 4355 409 4409 λεύειν
435 4355 531 4408 καὶ
562 4354 762 4423 Κύριον
789 4349 949 4420 εἶναι,
978 4353 1085 4407 ὑπὸ
1120 4352 1221 4423 μὲν
1249 4351 1335 4405 τού
1364 4350 1695 4423 κρατοῦντος
1725 4368 1819 4405 κυ-

214 4447 572 4521 ρωυὸμενον,
594 4444 703 4498 τῶν
729 4445 785 4498 δὲ
816 4444 1018 4499 λοιπῶν
1040 4443 1380 4517 κυριεύοντα.
1411 4444 1646 4513 Λέγεται
1676 4442 1734 4497 δὲ
1750 4442 1821 4497 τὰ

213 4540 375 4608 σοφὰ
418 4538 592 4592 ταῦτα
636 4538 776 4591 κατὰ
807 4537 907 4600 τὰς
952 4536 1191 4606 τριόδους
1227 4536 1378 4609 παρὰ
1415 4536 1524 4590 τῶν
1573 4534 1819 4608 ἐραστῶν

1902 1978 2085 2033 minus
2118 1977 2185 2031 ad
2213 1975 2519 2046 discipulos
2550 1975 2626 2029 ait
2647 1990 2708 2030 se
2734 1989 2863 2031 vere
2898 1974 3193 2035 Dominum
3215 1990 3364 2040 esse,
3390 1990 3487 2047 ap-

1905 2071 2145 2142 probans
2172 2070 2367 2123 horum
2396 2067 2801 2123 confessionem
2825 2068 2919 2138 qui
2952 2068 3131 2138 ipsum
3162 2068 3482 2139 magistrum

1902 2172 1955 2215 et
1989 2158 2276 2214 Dominum
2321 2158 2700 2224 nominabant;
2731 2157 2862 2213 dicit
2907 2158 3052 2214 enim
3088 2177 3102 2213 :
3159 2157 3257 2213 Vos
3290 2160 3484 2214 vocatis

1905 2266 1987 2304 me
2023 2249 2305 2304 Dominum
2335 2257 2386 2303 et
2423 2249 2761 2319 magistrum,
2799 2258 2849 2303 et
2876 2248 3002 2305 bene
3036 2251 3242 2321 quidem
3270 2250 3485 2305 dicitis:

1904 2356 2025 2395 sum
2071 2340 2300 2394 enim".
2335 2337 2450 2394 Hoc
2498 2340 2640 2394 idem
2688 2348 2742 2394 et
2770 2337 2990 2395 Patrem
3029 2340 3100 2396 ab
3149 2340 3285 2413 ipsis
3317 2341 3487 2411 jussit

1905 2431 2186 2502 appellari,
2214 2445 2343 2485 cum
2369 2431 2540 2486 dixit:
2566 2430 2745 2501 Neque
2767 2433 3074 2486 vocaveritis
3103 2434 3410 2503 magistrum
3431 2434 3485 2487 iu

1907 2534 2083 2585 terra;
2126 2537 2262 2576 unus
2300 2522 2439 2577 enim
2477 2523 2732 2593 magister
2769 2532 2951 2589 uester,
2993 2521 3157 2577 Pater
3182 2540 3271 2594 qut
3302 2524 3486 2578 inem-

1907 2614 1973 2669 lis
1997 2613 2063 2668 “.
2088 2611 2327 2668 Cuinam
2377 2614 2544 2686 igitur
2570 2614 2731 2671 nobis
2778 2614 2835 2669 in
2873 2614 3052 2670 medio
3082 2614 3276 2670 horum
3316 2616 3487 2671 inter-

1906 2706 2080 2777 ceptis
2106 2705 2491 2762 adhaerendum
2520 2716 2605 2761 est
2628 2705 2827 2762 ?lllinc
2857 2706 2973 2778 ipse
3005 2705 3287 2773 Dominus,
3313 2713 3367 2763 et
3389 2708 3484 2779 qui

1908 2799 1964 2853 in
1994 2798 2174 2868 seipso
2203 2800 2367 2855 habet
2397 2800 2707 2870 loquentem
2736 2798 3039 2865 Christum,
3084 2815 3195 2855 non
3236 2810 3490 2870 Oportei-e

1908 2891 2087 2961 ipsum
2120 2904 2345 2947 servum
2375 2894 2558 2948 animo
2600 2891 2889 2963 concipere
2938 2893 3205 2964 praecipit,
3261 2893 3357 2948 sed
3409 2894 3491 2948 sic

1909 2983 2088 3052 ipsum
2121 2982 2308 3037 colere
2354 2983 2500 3037 sicut
2529 2982 2731 3037 colitur
2754 2980 2936 3036 Pater.
2972 2981 3145 3036 lstinc
3189 2979 3490 3035 Eunomius

1908 3072 2140 3128 Domino
2174 3072 2457 3129 servitutis
2491 3072 2764 3127 actionem
2811 3071 3065 3139 intendit,
3115 3071 3245 3126 dum
3292 3070 3492 3127 asserit

1912 3180 2037 3221 eum
2074 3165 2169 3233 qui
2213 3164 2452 3221 universi
2486 3164 2774 3235 imperium
2817 3163 3049 3235 adeptus
3091 3171 3196 3226 est,
3241 3161 3493 3218 domina-

1917 3259 2050 3313 tioni
2079 3258 2298 3327 subjici.
2329 3259 2410 3312 An
2442 3258 2698 3328 ambigua
2724 3256 2886 3313 nobis
2904 3256 3026 3326 ejus
3049 3255 3196 3327 quod
3223 3254 3492 3326 agendum

1910 3359 1995 3406 est
2021 3349 2255 3406 electio?
2295 3364 2363 3404 an
2396 3365 2589 3421 parum
2640 3349 2868 3406 interest
2919 3348 3158 3404 utilioris
3187 3347 3492 3402 discretio?

1910 3442 2215 3499 Consilium
2257 3440 2436 3506 Pauli,
2472 3457 2505 3496 ο
2537 3441 2792 3508 Eunomi,
2823 3438 3207 3498 contemnam?
3234 3437 3492 3495 Veritatis

1914 3549 2102 3590 vocem
2151 3542 2250 3590 tuo
2299 3549 2489 3590 errore
2534 3533 2936 3589 crcdibiliorem
2991 3547 3101 3588 non
3147 3529 3497 3586 arbitrabor?

1916 3624 1968 3679 Ν
1974 3627 2042 3681 isi
2070 3630 2349 3691 venissem,
2382 3626 2480 3690 ait,
2509 3635 2561 3680 et
2589 3643 2677 3680 eos
2702 3625 2966 3680 allocutus
2996 3634 3184 3688 essent,
3226 3633 3495 3694 peccatum

1916 3735 2019 3772 non
2080 3718 2412 3773 haberent".
2449 3716 2719 3784 Quoniam
2768 3717 2935 3786 igitur
2983 3716 3102 3786 ipse
3146 3716 3363 3772 locutus
3413 3725 3497 3771 est

1917 3810 2072 3880 ipsis.
2099 3824 2227 3865 vere
2248 3809 2439 3864 dicens
2470 3809 2712 3879 seipsum
2728 3822 2864 3863 esse
2882 3805 3196 3870 Dominum,
3231 3821 3339 3860 non
3359 3804 3498 3859 falso

1918 3901 2188 3957 nominari
2220 3898 2383 3954 :Sum
2405 3900 2574 3961 enim,
2600 3899 2800 3969 inquit,
2881 3913 2988 3953 non
3041 3897 3332 3964 nominor,
3366 3896 3497 3965 quid

1918 4007 2146 4048 necesse
2177 4001 2261 4047 est
2298 3990 2503 4056 lacere,
2542 3991 2632 4045 cui
2658 4006 2724 4045 ex
2748 4005 2813 4046 eo
2838 3988 2985 4061 quod
3030 3988 3295 4060 praenovit
3324 3988 3499 4042 inevi-

1918 4085 2084 4140 tabile
2108 4094 2194 4139 est
2222 4083 2592 4154 supplicium?

1992 4174 2100 4230 Sed
2136 4173 2371 4229 fortasse
2400 4173 2468 4227 ad
2500 4172 2614 4225 haec
2641 4185 2837 4226 rursus
2871 4169 3133 4225 usitatam
3169 4169 3499 4241 sapientiam

1920 4267 2081 4322 nobis
2109 4263 2463 4321 refractarios
2493 4269 2753 4333 opponet,
2771 4270 2825 4316 et
2850 4260 2998 4317 dicet
3020 4263 3271 4317 eumdem
3301 4271 3356 4317 et
3383 4276 3502 4317 ser-

1920 4355 2037 4411 vire
2070 4362 2125 4409 et
2158 4350 2449 4407 Dominum
2475 4366 2599 4407 esse
2625 4368 2641 4419 ;
2666 4351 2988 4421 praepotenti
3022 4352 3242 4422 quidem
3290 4352 3503 4420 subjec-

1921 4454 2061 4510 tum,
2091 4443 2321 4514 reliquis
2361 4456 2494 4498 vero
2520 4440 2914 4507 dominantem.
2946 4437 3074 4496 Haec
3118 4451 3297 4495 autem
3343 4441 3504 4496 docte

1923 4536 2189 4590 dicuntur
2224 4534 2280 4590 in
2309 4531 2488 4588 triviis
2524 4532 2594 4587 ab
2631 4530 2974 4587 amatoribus
3016 4531 3227 4587 erroris
3260 4532 3500 4587 circum-

206 4633 329 4703 τῆς
366 4632 591 4701 ἀπάτης
631 4629 1068 4701 περιφερόμενα,
1109 4629 1159 4682 οἳ
1204 4629 1292 4684 διὰ
1321 4628 1431 4683 τῶν
1460 4628 1808 4700 ἀνθρωπίνων

1924 4628 2080 4695 ferri,
2120 4628 2216 4699 qui
2242 4642 2341 4699 per
2374 4627 2646 4683 humanas
2671 4624 3118 4683 circumstantias
3148 4639 3321 4680 vanas
3371 4638 3503 4678 suas

211 4722 614 4793 περιστάσεων
641 4720 739 4784 τὰς
773 4719 1007 4791 ματαίας
1033 4719 1243 4774 ἑαυτῶν
1282 4719 1578 4791 ὑπολήψεις
1610 4720 1739 4790 περὶ
1760 4718 1821 4770 τὸ

206 4816 393 4870 Θεῖον
421 4810 799 4883 κρατύνουσιν.
880 4809 1094 4880 Ἐπειδὴ
1133 4810 1243 4881 γὰρ
1292 4812 1352 4865 al
1390 4811 1531 4865 κατὰ
1571 4810 1662 4864 τὸν
1708 4808 1822 4880 βίον

206 4902 426 4956 τοῦτον
452 4902 754 4974 συντυχίαι,
792 4901 901 4955 τῶν
927 4901 1186 4956 τοιούτων
1216 4903 1348 4973 ἡμῖν
1382 4902 1723 4972 πραγμάτων
1752 4901 1822 4954 τὰ

210 4992 615 5063 ὑποδείγματα
648 4993 925 5065 φέρουσιν,
957 4987 1066 5047 οἷον
1093 4990 1179 5044 ἐπ’
1201 4993 1377 5055 οἰκίας
1407 4990 1552 5047 ἐστιν
1578 4992 1825 5063 εὐπορω-

206 5088 409 5158 zipa;
440 5085 585 5144 ἰδεῖν.
630 5085 722 5139 τὸν
772 5084 1204 5157 δραστικώτερόν
1246 5102 1305 5139 τε
1334 5084 1430 5140 καὶ
1469 5082 1823 5154 εὐνούστερον

205 5181 351 5236 τῶν
394 5178 701 5250 ὁμοδούλων
750 5178 1187 5249 προτεταγμένον
1230 5177 1340 5233 τῶν
1388 5176 1826 5247 προσταγμάτων

204 5270 336 5326 τοῦ
365 5270 647 5332 δεσπότου,
678 5270 776 5341 τὴν
816 5270 959 5324 κατὰ
991 5269 1101 5324 τῶν
1130 5270 1406 5340 ὁμοτίμων
1427 5268 1699 5341 ὑπεροχὴν
1729 5267 1825 5323 λα.-

208 5364 432 5437 χὸντα,
473 5362 679 5433 ταύτην
724 5363 1054 5433 μετάγουσιν
1088 5363 1181 5414 ἐπὶ
1206 5360 1276 5415 τὰ
1313 5360 1429 5413 Θεῖα
1458 5360 1704 5430 δόγματα
1728 5361 1827 5430 τὴν

202 5455 488 5510 διάνοιαν
509 5468 524 5482 ·
554 5452 695 5506 ὥστε
736 5453 825 5507 τὸν
863 5452 1127 5524 μονογενῆ
1159 5452 1292 5506 Θεὸν
1319 5450 1724 5523 ὑπεζευγμένων
1755 5455 1826 5524 τῇ

202 5544 538 5617 δυναστεία
572 5544 664 5600 τοῦ
715 5545 1097 5618 ὑπερέχοντος,
1145 5544 1309 5617 μηδὲν
1349 5542 1733 5616 ἐμποδίζεσθαι
1758 5547 1823 5616 τῇ

324 5746 366 5778 ³³
406 5752 566 5809 Joan.
611 5768 736 5815 xm.
768 5753 849 5806 13Δ

1924 4721 1993 4776 de
2026 4720 2135 4777 Deo
2158 4719 2450 4791 opiniones
2473 4718 2822 4775 conﬁrmant.
2866 4716 3323 4787 Quandoquidem
3354 4715 3500 4771 enim

1925 4814 2017 4883 qui
2050 4816 2106 4867 in
2146 4817 2247 4867 hac
2274 4814 2391 4867 vita
2416 4813 2742 4883 contingunt
2773 4825 2939 4866 casus
2964 4809 3154 4863 talium
3189 4822 3370 4863 rerum
3405 4823 3502 4861 no-

1928 4904 2012 4960 bis
2057 4906 2306 4975 exempla
2337 4903 2595 4969 aderunt,
2636 4901 2949 4974 cujusmodi
2976 4901 3030 4955 in
3070 4900 3274 4954 lannlia
3316 4896 3517 4968 εορίοοΔ

1928 4999 2077 5054 siore
2100 4998 2226 5054 licet
2248 4997 2453 5063 videre,
2478 5011 2546 5053 ex
2573 4997 2855 5052 conservis
2887 4993 2955 5049 ad
2996 4992 3266 5064 agendum
3314 5007 3499 5060 protll-

1932 5088 2160 5155 ptiorem
2176 5087 2458 5158 magisque
2475 5086 2821 5151 benevolum,
2836 5085 3002 5140 rebus
3025 5084 3108 5139 sui
3142 5082 3348 5137 domini
3370 5096 3499 5151 pra:-

1931 5178 2158 5245 fectum,
2184 5186 2382 5234 contra
2406 5179 2647 5249 aequales
2678 5176 2905 5249 gradum
2934 5176 3183 5230 altiorem
3212 5172 3463 5227 sortitum
3488 5186 3504 5235 ;

1934 5270 2080 5325 hunc
2106 5270 2178 5326 ad
2216 5270 2402 5325 divina
2424 5271 2678 5342 dogmata
2696 5275 3019 5338 conceptum
3042 5263 3403 5325 transferunt,
3432 5260 3509 5316 ita

1932 5370 1994 5417 ut
2016 5361 2358 5433 unigenitum
2391 5362 2558 5418 Deum
2590 5363 2848 5432 potestati
2889 5354 3354 5431 supereminentis
3380 5355 3505 5409 sub-

1928 5455 2177 5526 jugatqu
2208 5452 2344 5508 nihil
2384 5461 2455 5508 stt
2485 5452 2634 5523 quod
2682 5451 2961 5523 impediat,
3005 5450 3139 5521 quin
3169 5444 3507 5503 dominantis

1936 5544 2263 5601 auctoritate
2313 5543 2636 5601 inferiorum
2681 5542 3061 5617 pmfecturam
3089 5539 3356 5597 obtineat.
3396 5536 3504 5594 Sed

937 5753 980 5784 ""
1017 5750 1202 5807 Matth.
1235 5765 1389 5817 sxm,
1419 5751 1473 5806 9.
1556 5750 1596 5781 "
1626 5746 1778 5802 Joan.
1811 5761 1898 5812 xv,
1928 5744 2016 5801 εἰ.
