4002 6218
512 381 624 438 847

1733 383 1786 437 8.
1826 383 2103 440 ΟΙὶΕϐυΠ

2205 382 2487 441 NYSSENI
3673 381 3763 439 ιιι

511 521 622 561 nos
649 505 740 559 tali
764 503 1044 572 sapientia:
1074 518 1197 557 cum
1231 501 1532 561 dixerimus
1560 506 1876 578 valere,pro
1904 514 2098 564 nostra

2205 505 2290 562 τοῦ
2317 506 2730 571 δυναστεύοντος
2753 506 2966 579 ἐξουσίᾳ
2990 507 3124 580 πρὸς
3158 507 3255 578 τὴν
3285 505 3393 560 τῶν
3421 504 3766 559 καταδεεστέ-

519 595 893 665 intelligentiae
965 593 1344 650 mediocritate
1411 594 1479 650 de
1535 597 1638 651 hac
1678 613 1738 653 rc
1788 612 2097 654 sermonem

513 685 958 743 consideremus.
1021 685 1104 740 An
1143 685 1357 741 Patrem
1398 696 1595 743 natura
1632 688 1924 744 Dominum
1961 703 2097 744 con-

513 777 764 843 ﬁtentur,
802 792 870 831 an
907 777 1144 848 alicujus
1182 777 1444 850 suffragio
1481 780 1548 834 ad
1577 780 1680 835 hoc
1708 781 1964 838 venisse?
1991 779 2098 836 Sed

518 872 790 925 neminem
827 885 893 925 eo
932 869 1184 924 amentia:
1213 878 1268 925 et
1302 869 1543 926 infamia:
1581 875 1921 941 processisse
1953 873 2098 928 arbi-

519 973 660 1031 tror,
705 964 800 1035 qui
831 963 994 1020 modo
1023 978 1353 1034 quocunque
1400 963 1600 1021 mentis
1633 973 1687 1021 et
1724 966 2100 1037 intelligentia

518 1057 592 1113 sit
635 1072 884 1127 compos,
914 1063 974 1110 ut
1009 1072 1120 1110 non
1166 1053 1277 1110 Deo
1325 1055 1711 1112 universorum
1765 1056 2098 1112 dominatio-

519 1162 645 1202 nem
685 1155 882 1202 natura
910 1148 1095 1202 inesse
1116 1153 1370 1201 testatur.
1407 1145 1564 1212 Quod
1599 1149 1744 1203 enim
1783 1156 1979 1203 natura
2015 1156 2100 1204 est

519 1240 747 1310 simplex
784 1249 839 1297 et
867 1241 1107 1311 partium
1135 1255 1334 1310 expers
1379 1248 1433 1296 et
1468 1240 1916 1312 incompositum,
1951 1241 2096 1312 quod

518 1333 740 1403 quidem
794 1333 980 1399 fuerit,
1012 1340 1184 1388 totum
1231 1349 1328 1404 per
1357 1343 1531 1388 totum
1582 1332 1687 1388 hoc
1729 1343 1833 1399 est,
1875 1348 1984 1389 non
2031 1349 2099 1389 ex

518 1422 822 1478 mutatione
846 1422 1086 1492 alicujus
1135 1421 1363 1477 alterius
1429 1421 1678 1477 factum:
1739 1421 1838 1478 sed
1880 1423 1934 1477 in
1988 1440 2100 1492 quo

518 1521 625 1576 est,
667 1528 998 1582 permanens
1025 1513 1078 1566 in
1105 1519 1392 1566 aeternum.
1427 1511 1570 1578 Quid
1605 1512 1772 1584 igitur
1805 1513 1940 1568 etde
1966 1511 2099 1568 Uni-

518 1603 700 1673 genito
718 1603 1130 1659 existimarunt?
1156 1611 1338 1657 utrum
1365 1603 1670 1675 simplicem
1691 1612 1746 1659 ct
1772 1604 1890 1674 ejus
1907 1619 2099 1662 esscn‘

519 1691 651 1746 tiam
681 1691 1033 1755 confitentur,
1070 1707 1140 1747 an
1170 1693 1408 1759 aliquam
1465 1694 1520 1748 in
1552 1709 1615 1749 ea
1643 1695 2098 1765 compositionem

521 1783 873 1854 intelligunt?
904 1782 960 1838 Si
998 1784 1163 1854 igitur
1207 1784 1411 1856 aliquid
1447 1785 1660 1839 varium
1709 1793 1762 1840 et
1814 1786 2098 1856 multiplex

520 1848 815 1946 multisque
839 1876 1085 1947 partibus
1114 1848 1378 1933 constans
1409 1877 1552 1932 hunc
1577 1893 1699 1934 esse
1739 1878 2098 1958 arbitrantur;
2133 1848 2174 1907 Β

521 1983 694 2038 neque
725 1968 885 2037 plane
927 1967 1148 2024 deitatis
1184 1983 1379 2023 nomen
1420 1969 1470 2024 ei
1501 1969 1824 2037 concedent,
1880 1971 1950 2026 ad
1983 1987 2100 2026 ma-

519 2051 744 2106 teriales
789 2051 1056 2121 quasdam
1099 2060 1152 2106 et
1201 2053 1523 2120 corporales
1573 2053 1861 2123 opiniones
1909 2054 2102 2111 decre-

520 2151 635 2196 tum
665 2143 734 2199 de
762 2143 1371 2200 Christotraducentes.
1390 2142 1546 2209 Quod
1581 2145 1628 2200 si
1647 2146 1952 2215 simplicem
1977 2163 2103 2205 esse

519 2234 895 2298 consentiunt,
927 2233 1204 2303 quomodo
1229 2233 1283 2287 in
1317 2233 1671 2304 simplicitate
1695 2235 2102 2305 subjecti,con-

520 2324 817 2379 trariorum
849 2339 1180 2380 concursum
1229 2325 1357 2380 licet
1391 2325 1629 2380 intueri?
1665 2334 1724 2382 ut
1781 2329 1929 2383 enim
1977 2330 2103 2384 vita:

519 2422 574 2470 et
603 2415 799 2472 mortis
833 2416 889 2470 in
919 2417 1257 2472 contrarium
1293 2417 1609 2474 immediata
1659 2427 1746 2476 est
1797 2422 2099 2492 oppositio,

519 2507 600 2562 sic
627 2522 751 2563 cum
789 2508 1053 2565 servitute
1081 2509 1384 2566 dominatio
1415 2512 1626 2566 nullum
1669 2513 1833 2568 habet
1866 2529 2101 2570 consor-

518 2600 678 2664 tium,
705 2607 759 2656 et
791 2601 1030 2672 propriis
1063 2601 1446 2660 affectionibus
1472 2604 1707 2660 alienata
1733 2613 1838 2662 est.
1884 2605 1941 2661 Si
1977 2608 2103 2678 quis

519 2692 662 2745 enim
693 2691 887 2748 horum
920 2700 1216 2765 utrumque
1252 2695 1305 2750 in
1347 2695 1544 2764 scipsis
1595 2695 1939 2762 consideret,
1988 2713 2101 2752 non

519 2784 782 2856 aqualem
803 2785 1071 2842 ambobus
1103 2786 1374 2857 aptaverit
1404 2785 1797 2842 definitionem.
1851 2789 2098 2853 Quorum

521 2886 700 2932 autem
718 2876 958 2933 definitio
971 2893 1083 2933 non
1097 2879 1311 2946 eadem,
1324 2879 1520 2934 horum
1534 2880 1698 2935 etiam
1717 2892 1911 2936 natura
1929 2883 2103 2954 omni-

521 2983 593 3021 no
607 2966 811 3023 differt.
850 2967 907 3022 Si
944 2967 1112 3040 igitur
1140 2969 1372 3040 simplex
1397 2970 1698 3027 secundum
1717 2979 1968 3028 naturam
1996 2973 2102 3030 Do-

521 3059 724 3122 minus,
754 3059 1028 3129 quomodo
1058 3058 1113 3114 in
1149 3059 1401 3130 subjecto
1431 3062 1838 3117 contrariorum
1866 3061 2099 3134 duplici-

2203 616 2311 670 ρων
2334 599 2651 670 ἡγεμονίαν.
2714 599 2851 650 Ἀλλ’
2881 599 3043 669 ήμεῖς
3073 595 3347 668 ἐρρῶσθαι
3374 595 3684 666 φράσαντες
3710 598 3766 666 τῇ

2199 689 2420 762 τοιαύτῃ
2451 690 2631 762 σοφίᾳ,
2663 689 2804 744 κατὰ
2827 689 2887 742 το
2913 689 3178 760 ἡμέτερον
3197 689 3296 758 τῆς
3321 687 3560 750 διανοίας
3587 686 3768 757 μέτρον

2198 780 2290 833 τὸν
2321 780 2448 852 περὶ
2486 780 2672 834 τούτου
2704 779 2862 848 λόγον
2893 777 3329 848 διασκεψώμεθα.
3382 773 3529 849 Ἀρα
3554 777 3646 830 τὸν
3674 777 3768 829 Πα-

2200 872 2334 944 τέρα
2383 871 2541 942 φύσει
2568 871 2770 942 Κύριον
2814 869 3204 942 ὁμολογοῦσιν,
3253 869 3286 938 ἢ
3329 868 3419 922 διὰ
3448 869 3770 940 χειροτονίας

2198 965 2344 1030 τινὸς
2373 965 2508 1036 πρὸς
2541 964 2697 1019 τοῦτο
2723 963 2930 1028 ἐλθεῖν;
2979 962 3140 1016 Ἀλλὰ
3168 964 3268 1017 οὐκ
3300 957 3453 1032 οἶμαι
3509 963 3592 1025 είς
3629 960 3771 1015 τοῦτο

2204 1057 2398 1127 μανίας
2431 1056 2603 1110 ἐλθεῖν
2643 1056 2734 1109 τὸν
2777 1056 2871 1110 καὶ
2898 1055 3144 1109 ὁπωσοῦν
3174 1054 3407 1117 διανοίας
3448 1053 3738 1123 μετέχοντα
3757 1070 3768 1083 ·

2199 1146 2274 1209 ὡς
2300 1146 2374 1216 μὴ
2399 1148 2465 1217 τῇ
2495 1144 2655 1215 φύσει
2685 1147 3127 1217 προσμαρτυρεῖν
3155 1143 3234 1214 τῷ
3253 1144 3371 1216 Θεῷ
3397 1144 3506 1196 τῶν
3527 1145 3666 1197 ὅλων
3691 1143 3772 1214 τὴν

2200 1237 2526 1309 κυριότητα.
2573 1235 2640 1291 Ὀ
2667 1237 2774 1307 γὰρ
2805 1237 3009 1291 ἁπλοῦν
3045 1239 3111 1308 τῇ
3151 1235 3309 1305 φύσει
3339 1237 3434 1291 καὶ
3464 1235 3676 1307 ἀμερὲς
3697 1235 3774 1289 καὶ

2201 1327 2511 1392 ἀσύνθετον,
2542 1327 2679 1399 ὅπερ
2711 1326 2777 1381 ἂν
2804 1326 2943 1399 τύχῃ
2969 1327 3048 1390 ὃν,
3071 1327 3190 1380 ὅλον
3212 1327 3384 1380 διόλου
3417 1325 3580 1380 τοῦτό
3609 1328 3770 1388 ἐστιν,

2199 1419 2300 1473 οὐκ
2333 1422 2397 1473 ἐκ
2433 1419 2734 1491 μεταϐολῆς
2765 1435 2910 1483 τινος
2957 1419 3144 1491 ἐτέρου
3197 1418 3477 1488 γινόμενον
3500 1435 3514 1450 ο
3570 1417 3688 1471 ἁλλ’
3720 1421 3769 1470 ἐν

2198 1504 2242 1578 ᾧ
2265 1514 2430 1574 ἐστιν,
2459 1509 2711 1581 διαμένον
2729 1511 2863 1582 πρὸς
2886 1511 2948 1565 τὸ
2973 1512 3162 1565 ἀΐδιον.
3189 1511 3254 1564 Τί
3281 1507 3376 1564 οὖν
3405 1510 3499 1563 καὶ
3532 1511 3664 1581 περὶ
3694 1509 3775 1563 τοῦ

2201 1602 2536 1671 Μονογενοῦς
2566 1603 2958 1675 ὑπειλήφασιν;
3011 1599 3118 1673 ἆρα
3153 1603 3328 1674 ἁπλῆν
3362 1603 3528 1675 αὑτοῦ
3562 1603 3662 1673 τὴν
3699 1602 3777 1654 ού-

2203 1696 2322 1748 σίαν
2345 1693 2721 1765 ὁμολογοῦσιν,
2753 1695 2787 1764 ἦ
2809 1712 2930 1749 τινα
2955 1696 3049 1749 καὶ
3073 1696 3318 1750 σύνθεσιν
3346 1694 3473 1766 περὶ
3499 1694 3672 1765 αὐτὴν
3702 1697 3775 1747 ἐν·

2202 1787 2436 1856 νοοῦσιν;
2467 1789 2529 1841 Εἰ
2561 1787 2658 1859 μὲν
2679 1783 2772 1842 οὖν
2803 1788 3045 1842 ποικίλον
3066 1806 3118 1842 τι
3149 1789 3336 1860 χρῆμα
3366 1788 3458 1840 καὶ
3483 1785 3778 1856 πολυμερὲς

2206 1877 2342 1934 εἶναι
2375 1880 2563 1934 τοῦτον
2597 1879 2927 1952 νομίζουσιν,
2955 1881 3077 1934 οὐδέ
3121 1881 3180 1934 τὸ
3223 1880 3396 1950 ὄνομα
3439 1880 3660 1940 πάντως
3693 1878 3780 1947 τῆς

2206 1973 2456 2044 θεότητος
2486 1973 2635 2044 αὐτῷ
2658 1975 3121 2045 συγχωρήσουσιν,
3151 1974 3230 2036 είς
3260 1970 3482 2035 ὑλώδεις
3511 1969 3667 2033 τινας
3697 1969 3779 2022 καὶ

2207 2064 2522 2134 σωματικὰς
2540 2064 2833 2137 ὑπολήψεις
2860 2065 2920 2118 τὸ
2942 2064 3068 2137 περ)⁴
3089 2063 3180 2117 τοῦ
3204 2063 3440 2134 Χριστοῦ
3459 2062 3638 2132 δόγμα
3660 2076 3779 2131 μετο

2205 2157 2444 2225 άγοντες.
2475 2157 2536 2210 Εί
2565 2157 2620 2210 δέ
2643 2155 2844 2211 ἁπλοῦν
2867 2153 3004 2210 εἶναι
3039 2155 3392 2220 συντίθενται,
3427 2155 3544 2216 πῶς
3582 2146 3701 2205 ἔστι
3721 2153 3779 2222 τῇ

2207 2249 2466 2320 ἁπλότητι
2499 2250 2590 2304 τοῦ
2624 2251 2988 2321 ὑποκειμένου
3023 2249 3119 2321 τὴν
3143 2249 3251 2302 τῶν
3288 2247 3544 2302 ἐναντίων
3573 2245 3783 2315 συνδρο-

2209 2341 2316 2413 μὴν
2355 2341 2690 2414 ἐνθεωρῆσαι
2715 2359 2728 2408 ;
2761 2342 2848 2406 Ὠς
2878 2341 2986 2414 γὰρ
3003 2341 3106 2412 τῆς
3133 2341 3276 2410 ζωῆς
3302 2339 3395 2394 καὶ
3433 2339 3526 2392 τοῦ
3554 2338 3779 2392 Θανάτου

2205 2431 2406 2502 ἅμεσὸς
2437 2434 2583 2485 ἐστιν
2704 2431 2840 2505 πρὸς
2868 2431 2929 2485 τὸ
2961 2431 3200 2484 ἐναντίον
3228 2428 3652 2492 ἁντιδιάστασις,
3699 2426 3783 2480 0‘5-

2202 2541 2312 2588 τως
2349 2525 2382 2596 ή
2423 2524 2678 2596 κυριότης
2718 2522 2853 2595 πρὸς
2883 2523 2978 2594 τὴν
3010 2521 3251 2577 δουλείαν
3288 2521 3517 2592 ἄμικτός
3552 2521 3670 2574 ἐστι
3695 2521 3782 2574 καὶ

2203 2616 2606 2690 ήλλοτριωμένη
2631 2619 2743 2680 τοῖς
2775 2615 3081 2680 ίδιάξουσιν.
3110 2614 3182 2667 Οὐ
3207 2614 3316 2684 γὰρ
3339 2611 3404 2667 ἁν
3427 2629 3513 2676 τις
3528 2612 3782 2682 ἑκάτερον

2203 2710 2408 2764 τούτων
2439 2709 2523 2778 ἐφ’
2557 2706 2764 2762 ἑαυτῶν
2789 2706 3027 2779 θεωρῶν,
3054 2706 3147 2759 τὸν
3172 2699 3292 2757 ἴσον
3321 2702 3654 2774 ἀμφοτέροις
3687 2702 3782 2771 ἁρ-

2208 2801 2388 2872 μόσειε
2423 2801 2598 2869 λόγον.
2625 2793 2726 2853 Ὧν
2753 2799 2810 2854 δὲ
2839 2800 2868 2851 6
2899 2798 3054 2867 λόγος
3080 2798 3180 2867 ούχ
3211 2799 3240 2851 ὁ
3269 2796 3451 2870 αὐτὸς,
3475 2792 3784 2847 τούτωνκαὶ

2204 2893 2238 2963 ὴ
2269 2890 2428 2960 φύσις
2457 2889 2674 2952 πάντως
2697 2889 2970 2960 διάφορος.
3029 2888 3092 2940 Ei
3119 2884 3212 2940 οὖν
3251 2885 3453 2948 ἁπλοῦς
3504 2882 3648 2936 κατὰ
3692 2884 3785 2950 τὴν

2205 2984 2367 3055 φύσιν
2395 2986 2422 3038 6
2441 2985 2664 3054 Κύριος,
2705 2982 2821 3046 πῶς
2853 2980 2918 3036 ἂν
2941 2981 3152 3049 γένοιτο
3185 2996 3248 3032 πε
3260 2978 3310 3051 pi.
3332 2979 3394 3030 τὸ
3429 2976 3783 3045 ὑποκείμενον

2204 3080 2237 3148 ἡ
2277 3077 2384 3130 τῶν
2413 3077 2668 3131 ἐναντίων
2706 3075 2917 3146 διπλόη,
2962 3074 3202 3137 δουλείας
3239 3068 3786 3141 συνανακιρνωμένης

522 3154 609 3202 tas
652 3163 778 3204 esse
819 3152 1012 3219 possit,
1061 3150 1322 3205 servitute
1373 3151 1630 3206 nimirum
1686 3167 1810 3208 cum
1854 3153 2102 3210 domina—

2209 3174 2275 3243 τῇ
2311 3171 2628 3242 κυριότητι;
2674 3168 2811 3221 Ἀλλ’
2844 3170 2893 3220 εί
2931 3166 3136 3239 Κύριος
3164 3164 3305 3218 κατά
3349 3163 3450 3232 τὴν
3475 3162 3584 3214 τῶν
3617 3159 3785 3227 ἁγίων

522 3239 674 3294 tione
719 3242 1177 3312 contemperata?
1229 3241 1332 3296 Sed
1385 3242 1432 3298 si
1487 3242 1751 3300 Dominus
1801 3249 2104 3303 secundum

521 3336 841 3383 sanctorum
871 3331 1178 3385 doctrinam
1222 3332 1567 3399 conceditur,
1617 3335 1796 3403 ipsum
1822 3345 2102 3406 expertem

522 3434 644 3475 esse
663 3421 927 3475 contrarii
951 3422 1273 3491 simplicitas
1302 3423 1538 3493 subjecti
1572 3433 1826 3480 testatur.
1881 3426 2036 3493 Quod
2061 3428 2107 3485 si

525 3512 702 3582 ipsum
757 3512 966 3566 servire
1016 3511 1365 3579 denuntiant,
1409 3514 1614 3569 frustra
1657 3516 1707 3571 ei
1771 3533 1969 3574 nomen
2011 3520 2109 3573 do-

525 3601 846 3658 minationis
899 3601 1230 3658 attribuunt.
1264 3604 1420 3672 Quod
1457 3606 1601 3660 enim
1653 3607 1882 3679 simplex
1908 3620 1962 3666 et
1994 3613 2108 3667 sin-

524 3708 711 3750 cerum
745 3701 964 3761 natura,
1000 3693 1069 3749 ad
1104 3696 1414 3752 contrarias
1466 3700 1836 3769 proprietates
1867 3718 1992 3758 nou-
2023 3703 2108 3759 di-

523 3785 820 3843 scinditur.
850 3784 1005 3853 Quod
1036 3788 1082 3842 si
1124 3787 1256 3844 illud
1281 3789 1501 3860 quidem
1535 3790 1714 3862 ipsum
1744 3809 1870 3850 esse
1891 3795 2104 3861 dicunt,

524 3877 633 3933 hoc
681 3893 812 3934 vero
861 3877 968 3934 dici
1015 3897 1031 3934 :
1071 3887 1266 3934 natura
1316 3881 1536 3952 quidem
1595 3898 1838 3949 servum,
1887 3887 2106 3942 nomine

525 3984 654 4024 vero
682 3968 966 4025 dominum
996 3970 1320 4025 :ostcudant
1365 3971 1536 4027 libere
1581 3972 1856 4046 ejusmodi
1892 3990 2104 4042 vocem,

523 4066 578 4113 et
597 4074 697 4114 nos
719 4073 748 4112 a
767 4057 1225 4116 contradictionis
1242 4060 1525 4117 laboribus
1554 4061 1732 4133 longis
1759 4064 2106 4134 requiescere

527 4150 746 4206 facient.
784 4149 917 4217 Quis
944 4150 1090 4206 enim
1120 4151 1175 4205 in
1207 4152 1362 4209 vanis
1391 4161 1498 4206 tam
1529 4154 1643 4209 otio
1665 4154 1952 4211 abundans
1993 4165 2099 4218 cst,

526 4252 585 4296 ιιι
616 4251 828 4312 aperta,
868 4243 1016 4298 clara
1043 4253 1095 4300 et
1113 4243 1418 4300 indubitata
1442 4247 1751 4302 rationibus
1771 4247 2103 4320 redarguat?

523 4331 713 4405 Neque
733 4334 878 4390 enim
899 4334 945 4390 si
963 4335 1087 4406 quis
1114 4337 1200 4391 sui
1222 4337 1398 4408 ipsius
1425 4338 1590 4394 caedis
1613 4339 1794 4395 scelus
1825 4340 2105 4399 indicave-

525 4425 616 4490 rit,
648 4427 1065 4482 aceusatorihus
1113 4428 1269 4482 labor
1298 4429 1649 4499 relinquitur,
1694 4432 1861 4488 certis
1893 4439 1953 4486 ut
2005 4433 2103 4489 de-

2210 3260 2557 3315 διδασκαλίαν
2607 3259 2971 3330 ὁμολογεῖται,
2993 3256 3259 3328 ἀμέτοχον
3301 3253 3462 3307 αὐτὸν
3510 3247 3650 3304 εἶναι
3691 3248 3782 3302 τοῦ

2211 3353 2453 3406 ἐναντίου
2496 3354 2528 3423 ή
2582 3350 2818 3420 ἁπλότης
2868 3348 2963 3402 τοῦ
3018 3347 3376 3418 ὑποκειμένου
3429 3343 3779 3415 μαρτύρεται.

2212 3447 2272 3500 Ei
2301 3446 2356 3499 δὲ
2382 3444 2648 3498 δουλεύειν
2705 3441 2868 3497 αὐτὸν
2896 3441 3304 3511 ἀποφαίνονται,
3335 3439 3513 3509 μάτην
3543 3433 3679 3502 αὐτῷ
3711 3432 3783 3486 τὸ

2208 3539 2378 3610 ὄνομα
2396 3532 2877 3610 προσμαρτυροῦσι
2897 3533 2994 3604 τῆς
3009 3533 3345 3603 κυριότητος.
3367 3530 3441 3584 Τδ
3462 3529 3568 3600 γὰρ
3583 3525 3780 3582 ἁπλοῦν

2207 3630 2273 3699 τῇ
2308 3626 2465 3696 φύσει
2500 3625 2635 3698 πρὸς
2667 3624 2736 3678 τὰ
2765 3624 2982 3678 ἐναντία
3026 3623 3134 3676 τῶν
3171 3621 3477 3692 ἰδιωμάτων
3504 3620 3563 3673 οὐ
3582 3617 3778 3685 dumi-

2209 3716 2376 3782 ζεται.
2419 3717 2483 3768 Εἰ
2503 3716 2560 3769 δέ
2583 3715 2644 3768 τὸ
2669 3713 2769 3784 μὲν
2787 3708 2927 3766 εἷναί
2953 3729 3117 3782 ερασιν
3137 3710 3392 3776 αὐτὸν,τδ
3414 3709 3473 3764 δὲ
3499 3707 3736 3777 λέγεσθαι
3755 3723 3772 3736 ·

2207 3811 2270 3880 τῇ
2296 3807 2454 3878 φύσει
2486 3806 2584 3877 μὲν
2608 3805 2812 3871 δοῦλον,
2840 3804 2920 3876 τῷ
2963 3805 3186 3875 ὀνόματι
3226 3802 3281 3855 δὲ
3310 3801 3516 3873 Κύριον
3539 3820 3551 3832 ο
3609 3798 3770 3863 δειξά.

2208 3917 2385 3954 τωσαν
2411 3899 2468 3952 ἐν
2503 3899 2786 3969 παρρησίᾳ
2811 3896 3066 3968 τοιαύτην
3097 3895 3300 3966 φωνὴν,
3323 3895 3416 3948 καὶ
3444 3892 3769 3948 ἀναπαύσον-

2209 4011 2294 4046 σιν
2323 3993 2467 4062 ἡμᾶς
2495 3990 2603 4042 τῶν
2655 3989 2881 4062 μακρῶν
2925 3989 3052 4060 περὶ
3084 3989 3181 4060 τὴν
3223 3987 3543 4060 ἀντίρρησιν
3583 3985 3762 4039 πόνων.

2207 4085 2300 4148 Τίς
2333 4085 2440 4154 γάρ
2463 4084 2634 4148 οὕτως
2662 4085 2718 4136 ἐν
2747 4086 2861 4147 τοῖς
2902 4083 3148 4154 ματαίοις
3187 4081 3459 4152 εὖσχολος,
3489 4081 3564 4144 ὡς
3593 4079 3653 4133 τὰ
3674 4093 3765 4146 9a-

2207 4179 2340 4250 νερὰ
2377 4194 2437 4231 τε
2471 4178 2564 4231 καὶ
2604 4176 2946 4247 ἁναμφίόολα
2997 4175 3084 4229 διὰ
3130 4174 3406 4246 λογισμῶν
3447 4172 3759 4242 ἐξελέγχεινς

2207 4270 2338 4323 Ούδέ
2372 4268 2480 4340 γὰρ
2521 4269 2678 4331 εἴτις
2718 4267 2910 4322 ἑαυτοῦ
2942 4269 3342 4339 καταμηνύσειε
3381 4267 3478 4320 τοῦ
3523 4267 3672 4335 φόνου
3707 4261 3764 4315 τὺ

2209 4359 2439 4431 μίασμα,
2488 4359 2647 4421 πόνος
2685 4376 2768 4422 τις
2797 4358 3147 4413 ὑπολείπεται
3182 4361 3296 4422 τοῖς
3342 4359 3678 4429 κατηγόροις,
3703 4353 3764 4406 δι’

2207 4448 2530 4514 ἀποδείξεών
2581 4467 2740 4504 τινων
2765 4451 2917 4518 ἄγειν
2962 4450 3060 4521 τὴν
3093 4449 3400 4520 μιαιφονίαν
3436 4451 3518 4512 είς
3547 4449 3758 4517 ἔλεγχον.

526 4519 1019 4575 monstrationihus
1046 4518 1245 4574 caedem
1279 4519 1346 4574 ad
1370 4521 1748 4590 probationem
1798 4523 2094 4590 adducant,

2205 4540 2360 4594 Οὕτω
2386 4541 2480 4595 καὶ
2510 4541 2667 4611 ἡμεῖς
2693 4540 2876 4594 οὐκέτι
2901 4540 2992 4594 τὸν
3017 4518 3082 4594 ἐκ
3098 4518 3208 4612 τῆς
3229 4518 3537 4608 ἐξετάσεως
3561 4539 3756 4608 ἔλεγχον

527 4624 755 4680 eamque
792 4608 990 4664 factam
1017 4625 1140 4666 esse
1173 4610 1521 4666 convincant.
1563 4611 1654 4667 Sic
1695 4629 1798 4669 nos
1838 4631 1946 4669 non
1987 4632 2105 4670 arn-

527 4701 670 4771 plius
701 4701 1042 4772 argumentis
1074 4708 1224 4755 certa
1270 4701 1483 4756 ratione
1511 4703 1802 4773 exquisitis
1847 4705 2102 4762 adversa-

526 4791 639 4845 rios
668 4791 1154 4861 reprehendemus,
1182 4806 1306 4845 cutu
1339 4791 1623 4862 hucusque
1658 4792 1935 4863 impietate
1975 4811 2105 4865 pro-

528 4884 823 4938 cesserint.
845 4882 949 4949 Qui
976 4884 1120 4938 cnim
1138 4884 1480 4955 unigenitum
1509 4885 1678 4942 Deum
1705 4903 1922 4944 servum
1941 4898 2104 4946 natu-

527 4991 584 5030 ra
612 4977 832 5040 asserit,
857 4977 1004 5030 hunc
1023 4976 1128 5032 sibi
1145 4991 1471 5032 conservum
1493 4995 1590 5050 per
1617 4996 1741 5050 quae
1756 4981 1826 5035 ait
1845 4983 2101 5040 adstruit:

527 5083 592 5122 ex
629 5083 804 5138 eoque
845 5066 1045 5138 duplex
1093 5069 1408 5127 absurditas
1442 5075 1754 5130 necessario
1797 5074 2102 5145 inferetur;

527 5160 609 5214 vel
641 5160 785 5215 enim
822 5175 1148 5216 conservum
1194 5169 1510 5218 contemnet
1547 5172 1602 5219 et
1642 5166 1808 5220 fidem
1858 5168 2102 5239 negabit,

523 5250 658 5322 jugo
685 5251 1076 5309 dominationis
1105 5252 1311 5310 Christi
1343 5269 1613 5324 excusso;
1639 5258 1724 5312 vel
1753 5273 1971 5314 servum
2009 5279 2104 5316 ve-

528 5343 830 5410 iterabitur,
863 5354 916 5399 et
948 5359 1200 5400 naturam
1237 5347 1322 5402 sui
1372 5346 1514 5417 juris
1543 5356 1598 5404 et
1627 5350 1856 5406 liberam
1883 5366 2100 5410 aversa-

528 5443 640 5498 tus,
670 5437 906 5505 quodam
939 5437 1101 5493 modo
1139 5439 1379 5509 seipsum
1415 5456 1512 5510 pro
1547 5440 1658 5497 Deo
1688 5443 1852 5498 colet.
1879 5443 1934 5500 Si
1959 5445 2104 5500 enim

528 5525 582 5577 in
618 5525 884 5581 servitute
925 5527 1149 5596 quidem
1191 5530 1454 5600 seipsum,
1518 5532 1571 5586 in
1603 5533 1868 5590 servitute
1922 5543 2104 5592 autem

528 5614 678 5669 videt
703 5616 866 5670 etiam
896 5617 950 5672 id
979 5619 1124 5688 quod
1139 5621 1358 5687 colitur,
1383 5622 1437 5677 in
1469 5625 1710 5694 seipsum
1740 5626 1899 5696 plane
1924 5628 2104 5683 intue-

529 5714 640 5770 tttr,
673 5709 764 5775 qui
797 5707 1247 5779 alium.seipsum
1285 5713 1340 5766 in
1370 5729 1436 5769 eo
1457 5715 1603 5784 quod
1640 5716 1904 5772 adorator
1935 5719 2104 5776 videt.

535 5798 824 5855 Enimvero
857 5799 961 5853 alia
992 5802 1172 5855 omnia
1206 5819 1326 5873 qua:
1355 5808 1669 5864 necessario
1697 5809 1752 5864 in
1786 5810 1950 5882 hujus
1974 5812 2104 5885 dog-

2206 4632 2319 4692 τοῖς
2345 4629 2608 4692 ἐναντίοις
2641 4629 2951 4700 ἐποίσομεν,
2983 4630 3110 4684 ὅταν
3141 4631 3300 4701 μέχρι
3339 4630 3532 4684 τούτου
3562 4633 3623 4700 τῇ
3651 4631 3760 4683 ἀσε-

2207 4716 2328 4788 6είᾳ
2357 4716 2710 4789 προέλθωσιν.
2775 4718 2834 4771 '0
2857 4718 2965 4789 γάρ
2989 4718 3172 4772 δοῦλον
3210 4723 3277 4791 τῇ
3306 4719 3468 4790 φύσει
3495 4720 3660 4789 λέγων
3685 4717 3760 4770 τὸν

2209 4809 2472 4880 μονογενῆ
2501 4809 2653 4877 Θεὸν,
2693 4811 2978 4882 ὁμόδουλον
3027 4812 3206 4882 ἐαυτῷ
3233 4812 3421 4866 τοῦτον
3441 4813 3508 4866 δι’
3537 4807 3610 4867 ὧν
3636 4813 3758 4878 λέγει

2206 4902 2624 4967 κατασκευάζει,
2645 4903 2710 4956 ἐκ
2729 4903 2786 4955 δὲ
2807 4902 2998 4956 τούτου
3014 4903 3176 4973 διπλῆ
3197 4906 3230 4973 ή
3258 4905 3459 4958 ἀτοπία
3481 4907 3598 4958 κατ’
3627 4904 3760 4966 ἀνάγ-

2206 5013 2309 5067 κην
2326 4995 2787 5066 συνενεχθήσεται.
2811 4997 2879 5049 Ἦ
2906 4997 3014 5066 γάρ
3035 4999 3435 5069 καταφρονήσει
3456 4998 3548 5050 τοῦ
3561 4996 3757 5068 ὁμοδού-

2206 5087 2299 5140 λου
2330 5089 2422 5141 καὶ
2445 5088 2544 5159 τὴν
2563 5087 2745 5140 πίστιν
2768 5089 3085 5160 ἀρνήσεται,
3106 5089 3197 5142 τὸν
3225 5089 3389 5159 ζυγὸν
3409 5093 3510 5161 τῆς
3534 5089 3624 5142 τού
3649 5091 3758 5159 Χρι·

2208 5178 2334 5231 στοῦ
2353 5179 2666 5241 δεσποτείας
2687 5179 3134 5250 ἀποσεισάμενος
3153 5179 3186 5249 ἢ
3213 5179 3480 5249 ὑποκύψει
3503 5180 3578 5251 τῷ
3591 5179 3753 5248 δούλῳ,

2207 5270 2300 5322 καὶ
2321 5269 2689 5340 ἀποστραφεὶς
2709 5271 2806 5343 τὴν
2827 5271 3138 5344 αὐτοκρατῆ
3161 5289 3219 5325 τε
3244 5273 3335 5325 καί
3368 5272 3657 5327 ἀδέσποτον
3674 5271 3756 5338 τύ·

2208 5378 2311 5426 σιν,
2339 5362 2537 5432 τρόπον
2569 5363 2688 5416 τινὰ
2715 5364 2903 5417 ἑαυτὸν
2937 5365 3056 5418 ἀντὶ
3079 5363 3214 5418 Θεοῦ
3245 5365 3649 5437 σεϐασθήσεται.
3703 5363 3754 5416 Ei

2207 5451 2315 5522 γὰρ
2335 5453 2394 5506 ἐν
2420 5452 2634 5526 δουλείᾳ
2665 5455 2765 5526 μὲν
2794 5456 3003 5521 ἐαυτὸν,
3045 5457 3104 5508 ἐν
3139 5455 3353 5527 δουλείᾳ
3388 5456 3444 5510 δέ
3471 5457 3569 5526 ὁρᾷ
3597 5454 3681 5508 καὶ
3705 5451 3756 5504 τὸ

2208 5543 2477 5615 σέϐασμα,
2497 5547 2630 5617 πρὸς
2657 5549 2848 5602 ἐαυτὸν
2863 5548 3100 5618 ἀτεχνῶς
3128 5548 3337 5618 βλέπει,
3359 5550 3388 5602 6
3409 5548 3562 5602 ἄλλον
3586 5544 3754 5600 ἐαυτὸν

2206 5635 2265 5689 ὲν
2295 5634 2376 5706 τῷ
2398 5637 2700 5708 σεϐάσματι
2732 5639 2966 5709 βλέπων.
3025 5638 3184 5693 Ἀλλὰ
3219 5639 3326 5711 μὴν
3353 5639 3423 5692 τὰ
3446 5639 3575 5692 ἄλλα
3599 5623 3751 5690 πάντα

2206 5727 2305 5781 ὅσα
2333 5729 2454 5780 κατ’
2482 5730 2728 5801 ἀνάγκην
2759 5733 2823 5803 τῇ
2859 5731 3029 5802 κακίᾳ
3055 5729 3227 5803 ταύτῃ
3264 5729 3631 5801 συνθεωρεῖται
3668 5722 3749 5778 τοῦ

2207 5818 2495 5890 δόγματος,
2522 5822 2606 5887 τίς
2633 5822 2700 5877 ἂν
2727 5823 3154 5897 ἐξαριθμήσαιτο
3181 5823 3336 5892 λόγος
3360 5840 3374 5890 ;
3424 5822 3516 5887 Τίς
3534 5822 3633 5890 γὰρ
3663 5818 3751 5873 οὐκ
