4002 6218
248 187 354 240 849

1354 194 1631 251 CONTRA
1670 196 2053 269 EUNOMIUM,
2097 202 2222 260 LIB.
2269 208 2334 262 X.

3397 210 3499 266 850

247 294 388 346 οἶδεν
406 295 494 391 δτι
514 296 551 391 6A
570 294 754 360 δοῦλος
773 299 836 369 τῇ
866 297 1022 367 φύσει
1045 301 1137 355 καὶ
1161 303 1294 373 πρὸς
1314 305 1637 378 δεσποτικὴν
1657 309 1824 376 ἀνάγ-

1932 316 2090 371 matis
2110 320 2465 387 perversitate
2483 328 2821 391 spectantur,
2862 332 2896 387 (ι
2935 324 3179 378 isserme
3205 333 3498 376 enumera-

249 402 352 455 κην
397 387 790 458 ἠσχολημένος,
843 390 964 444 οὐδὲ
1003 391 1097 445 τοῦ
1129 394 1267 448 κατὰ
1306 395 1398 450 τὸν
1433 398 1594 464 φόδον
1629 397 1832 462 πάθους

249 478 408 540 ἐκτὸς
430 477 498 532 ἂν
529 478 650 550 sin;
714 483 1062 547 συνέζευκται
1103 487 1216 558 γάρ
1253 505 1366 553 πως
1415 495 1480 562 τῇ
1534 492 1694 562 φύσει
1732 495 1831 564 τῆς

248 569 494 634 δουλείας
526 571 555 622 6
589 573 773 639 φόῦος.
823 575 934 628 Καὶ
961 575 1148 630 τούτου
1182 578 1390 650 μάρτυς
1414 583 1441 634 6
1480 582 1621 648 θεῖος
1665 585 1830 639 Ἀπό-

232 661 439 748 Ιστολος
486 661 687 726 εἰπὼν,
732 664 814 718 ὃτι
853 667 976 719 Οὐκ
1006 666 1246 723 ἐλάϐετε
1277 672 1511 742 πνεῦμα
1551 673 1830 743 δουλείας

251 751 442 805 πάλιν
467 755 553 818 εἰς
573 755 784 822 φόϐον.
833 756 993 810 Ὥστε
1022 758 1142 811 καθ’
1168 762 1460 834 ὁμοιότητα
1481 765 1588 818 τῶν
1613 767 1822 838 ἀνθρώ-

251 861 370 896 πων
399 844 573 897 καὶτὸ
598 846 740 900 κατά
766 847 858 901 τὸν
886 849 1050 918 φόϐον
1075 850 1244 917 πάθος
1275 855 1726 927 ὲπιθρυλλήσουσι
1747 857 1824 929 τῷ

249 934 526 1006 ὁμοδούλῳ
554 935 692 1007 Θεῷ.

337 1200 478 1252 Ἀλλ’
505 1202 534 1254 6
566 1201 664 1271 μὲν
701 1203 798 1271 τῆς
833 1203 1096 1274 αἱρέσεως
1132 1206 1284 1271 Θεὸς,
1323 1207 1593 1262 τοσοῦτον.
1643 1210 1828 1278 Ἡμεῖς

248 1292 307 1345 δὲ
335 1295 383 1346 οι
412 1291 554 1345 κατά
581 1292 670 1346 τὸν
717 1294 1052 1360 ’Δπόστολον,
1092 1297 1177 1349 ἐπ’
1208 1297 1486 1370 ἐλευθερίᾳ
1531 1301 1680 1370 παρὰ
1698 1302 1829 1372 Χριυ

255 1382 384 1435 ατοῦ
417 1383 709 1454 κληθέντες
740 1385 832 1438 τοῦ
853 1387 950 1454 τῆς
975 1387 1218 1453 δουλείας
1251 1391 1397 1460 ἡμᾶς
1432 1391 1827 1464 ἐλευθερώσαν-

251 1491 373 1536 τος,
430 1475 530 1527 ὅσα
576 1479 790 1547 φρονεῖν
830 1478 978 1548 παρὰ
1023 1478 1132 1532 τῶν
1181 1480 1408 1552 Γραφῶν
1451 1482 1824 1555 ἐδιδάχθημεν,

252 1567 320 1619 δι’
357 1566 556 1635 ὀλίγων
584 1568 902 1639 ἐκθήσομαι.
963 1571 1104 1639 Ἐγὼ
1146 1571 1252 1642 γὰρ
1276 1575 1338 1627 ὲκ
1364 1574 1463 1644 τῆς
1507 1574 1654 1639 θείας
1680 1576 1828 1629 διδα-

256 1657 482 1720 σκαλίας
520 1657 857 1729 ὁρμώμενος,
895 1659 1110 1731 θαρσῶν
1154 1663 1540 1736 ἀποφαίνομαι,
1587 1668 1668 1721 ὅτι
1710 1667 1830 1720 οὐδὲ

256 1748 628 1817 ἡμᾶςδοόλους
644 1751 672 1803 6
690 1750 830 1814 Θείος
851 1751 1094 1820 βούλεται
1110 1754 1284 1823 λόγος,
1302 1760 1830 1832 μετασκευασθείσης

257 1843 388 1910 ἡμῖν
405 1843 540 1913 πρὸς
557 1842 618 1896 τὸ
632 1847 876 1915 κρεῖττον
898 1847 994 1917 τῆς
1019 1847 1250 1916 φύσεως.
1276 1850 1382 1902 Καὶ
1407 1852 1435 1904 6
1459 1851 1632 1904 πάντα
1646 1853 1826 1904 λαϐὼν

255 1935 326 1986 τὰ
355 1935 600 2026 ημέτερα
619 1977 632 1999 ,
668 1939 751 2006 ἐφ’
792 1936 898 2008 ᾧτε
947 1940 1246 1996 ἀντιδοῦναι
1277 1943 1344 1995 τὰ
1373 1941 1500 2008 ῐδια,
1526 1944 1600 2008 ὡς
1619 1945 1717 2010 τὰς
1742 1945 1830 1998 v6-

255 2040 406 2090 σους,
426 2027 628 2080 καὶτὸν
651 2027 898 2094 θάνατον,
927 2031 1020 2083 καὶ
1038 2032 1135 2102 τὴν
1153 2034 1517 2105 κατάραν,καὶ
1528 2039 1632 2111 τὴν
1653 2037 1831 2108 ἁμαρ·-

252 2116 395 2180 τίαν,
428 2117 568 2172 οὕτω
618 2121 710 2173 καὶ
746 2121 844 2191 τὴν
881 2120 1123 2177 δουλείαν
1161 2123 1350 2178 ἔλαϐεν
1374 2141 1389 2158 ο
1437 2128 1533 2197 οὐχ
1562 2128 1637 2191 ὡς
1670 2130 1831 2182 αὐτὸν

257 2209 404 2278 ἔχειν
434 2210 469 2263 ἀ
491 2210 700 2276 ἔλαϐεν,
733 2211 846 2264 ἀλλ’
871 2212 946 2276 ὠς
989 2215 1288 2286 ἐκκαθᾶραι
1314 2216 1421 2270 τῶν
1453 2218 1706 2272 τοιούτων
1733 2220 1832 2292 τὴν

256 2301 440 2371 ρύσιν,
489 2301 951 2371 ὲξαφανισθέντων
1002 2306 1059 2358 ὲν
1099 2309 1164 2378 τῇ
1217 2309 1478 2380 ἀκηράτῳ
1529 2310 1686 2378 φύσει
1723 2313 1832 2368 τῶν

254 2398 560 2468 ἡμετέρων.
631 2397 719 2460 Ὠς
745 2393 837 2451 οὖν
873 2398 972 2451 οὐκ
1001 2398 1151 2452 ἔσται
1179 2399 1322 2452 κατά
1345 2401 1445 2471 τὴν
1477 2401 1832 2474 ἐλπιζομένην

254 2489 404 2559 ζωὴν
427 2490 489 2542 οὐ
515 2489 688 2552 νόσος,
716 2489 777 2542 οὐ
799 2489 1035 2560 κατάρα,
1067 2491 1165 2560 οὐχ
1201 2490 1464 2562 ἁμαρτία,
1498 2492 1557 2544 οὐ
1583 2492 1829 2558 Θάνατος,

253 2581 430 2643 οὕτως
454 2582 534 2644 εἰς
571 2581 874 2650 ἀφανισμὸν
916 2581 1008 2634 καὶ
1038 2582 1071 2651 ἡ
1112 2582 1322 2635 δουλεία
1355 2585 1491 2653 μετά
1523 2584 1727 2638 τούτων
1752 2586 1831 2639 διο

253 2672 555 2725 ελεύσεται.
614 2673 724 2726 Καὶ
753 2673 834 2725 ὅτι
863 2671 1034 2726 ταῦτα
1065 2672 1239 2743 ἀληθῆ
1269 2673 1443 2742 λέγω,
1489 2675 1658 2746 αὐτὴν
1696 2675 1832 2746 πρὸς

257 2763 563 2835 μαρτυρίαν
589 2763 736 2818 καλῶ
756 2764 855 2836 τὴν
887 2764 1161 2837 ἀλήθειαν,
1191 2766 1225 2836 ἦ
1254 2782 1384 2836 φησι
1414 2768 1552 2838 πρὸς
1581 2769 1707 2832 τοὺς
1727 2786 1832 2839 μα-

1927 409 2111 463 verit?
2157 409 2292 476 Quis
2325 413 2470 467 enim
2525 413 2740 483 ignorat
2790 411 2938 480 quod
2973 418 3167 465 natura
3217 424 3411 467 servus
3443 421 3495 467 et

1939 498 2139 555 domini
2171 503 2500 558 necessitate
2548 512 2870 572 occupatus,
2913 516 3094 572 neque
3126 502 3493 572 perturbatio-

1926 592 2012 647 nis
2044 601 2224 648 metus
2256 604 2309 649 et
2341 594 2553 650 timoris
2572 594 2733 649 fuerit
2754 593 2986 662 expers?
3012 592 3178 646 timor
3196 593 3340 647 enim
3359 606 3500 663 que-

1926 681 2050 736 dam
2100 684 2262 739 modo
2304 700 2428 740 cum
2483 693 2682 740 natura
2705 686 2990 740 servitutis
3039 684 3368 754 conjun‘ctus
3412 690 3500 740 est

1927 781 1982 828 et
2001 773 2242 844 jugatus.
2275 774 2449 848 Hujus
2497 778 2572 833 rei
2597 779 2753 833 testis
2773 777 2992 832 divinus
3022 775 3335 845 Apostolus,
3370 787 3494 828 cum

1928 864 2106 920 dixit:
2141 865 2264 920 Non
2288 870 2563 936 accepistis
2591 870 2840 938 spiritum
2887 867 3159 922 servitutis
3197 866 3391 918 iterum
3434 879 3496 919 ιιι

1930 959 2172 1012 timorem
2198 959 2261 1011 ¹⁸.
2315 957 2394 1014 Ita
2421 968 2478 1014 ut
2505 958 2574 1013 ad
2604 957 3023 1013 similitudinem
3057 955 3367 1023 hominum,
3415 963 3497 1009 at-

1923 1065 2029 1119 que
2068 1049 2320 1106 allectum
2374 1051 2590 1106 timoris
2641 1051 2709 1106 de
2767 1063 3032 1109 conservo
3070 1048 3202 1125 .‘Deo
3244 1047 3498 1120 praedica-

1924 1143 2127 1197 verint.

2001 1231 2108 1287 Sed
2139 1231 2410 1289 haereseos
2443 1231 2666 1302 quidem
2697 1231 2857 1293 Deus,
2903 1230 3193 1284 hactenus.
3242 1225 3353 1281 Nos
3403 1239 3496 1277 au-

1930 1330 2040 1377 tem
2098 1323 2400 1378 secundum
2452 1323 2795 1392 Apostolum,
2854 1321 2948 1392 qui
3001 1322 3055 1376 in
3105 1320 3410 1374 libertatem
3465 1330 3497 1369 a

1931 1413 2154 1472 Christo
2183 1431 2372 1470 sumus
2417 1415 2620 1481 vocati,
2652 1415 2744 1485 qui
2790 1429 2891 1470 nos
2945 1413 3258 1468 aservitute
3301 1411 3499 1464 libera-

1861 1543 1899 1597 Β
1932 1506 2009 1560 vit
2037 1507 2101 1573 ”,
2151 1522 2272 1577 quae
2313 1522 2505 1578 sapere
2534 1516 2587 1563 et
2624 1507 2826 1564 sentire
2855 1521 2922 1560 ex
2971 1503 3272 1573 Scripturis
3318 1499 3497 1556 edocti

1930 1613 2141 1662 sumus,
2176 1599 2366 1668 paucis
2393 1612 2680 1668 exponam.
2722 1596 2833 1666 Ege
2865 1595 3011 1650 enim
3036 1608 3101 1649 ex
3149 1591 3330 1646 divina
3367 1589 3498 1642 dee-

1930 1689 2072 1742 trina
2104 1689 2371 1758 impulsus
2409 1688 2693 1743 conlidens
2739 1684 3059 1757 pronuntio,
3124 1680 3271 1752 quod
3321 1693 3501 1749 neque

1930 1794 2028 1833 nos
2051 1777 2270 1832 divinus
2304 1791 2485 1832 sermo
2515 1791 2706 1832 serves
2723 1789 2844 1830 esse
2875 1773 3009 1838 vult,
3037 1785 3161 1826 eum
3193 1776 3380 1824 nostra
3429 1768 3501 1822 sit

1931 1869 1984 1922 in
2028 1868 2223 1922 melius
2277 1873 2527 1936 reparata
2580 1873 2796 1918 natura.
2851 1861 2916 1916 Et
2942 1861 3036 1931 qui
3085 1860 3270 1913 omnia
3311 1863 3499 1917 nostra

1930 1959 2182 2030 sumpsit,
2228 1967 2289 2013 ut
2333 1973 2430 2013 sua
2465 1957 2623 2012 nobis
2672 1954 3006 2015 refunderet,
3040 1957 3098 2004 ut
3161 1949 3403 2010 morbos,
3446 1954 3500 2000 ct

1932 2061 2183 2119 mortem,
2211 2061 2265 2107 et
2295 2049 2758 2110 maledictionem,
2782 2053 2836 2101 et
2873 2049 3178 2115 peccatum,
3198 2039 3278 2095 sic
3307 2045 3360 2092 et
3385 2052 3501 2092 sen-

1930 2144 2154 2199 vitutem
2183 2143 2356 2213 cepit:
2389 2156 2500 2196 non
2529 2139 2678 2208 quod
2711 2138 2830 2208 ipse
2857 2136 3080 2190 haberet
3099 2148 3161 2188 ea
3187 2145 3309 2200 quae
3333 2127 3499 2198 cepit.

1930 2233 2024 2289 sed
2059 2240 2118 2286 ut
2143 2241 2397 2287 naturam
2426 2229 2628 2284 talibus
2670 2226 2937 2297 expiaret,
2988 2221 3253 2278 obsoletis
3295 2226 3350 2274 et
3401 2233 3499 2272 ex-

1929 2327 2152 2397 punctis
2218 2324 2271 2378 in
2331 2329 2531 2376 natura
2582 2315 2978 2387 incorruptibili
3038 2315 3105 2370 iis
3159 2327 3279 2383 qua:
3315 2320 3502 2364 nostra

1930 2425 2078 2474 sunt.
2109 2416 2266 2472 Sicut
2320 2415 2486 2485 igitur
2518 2413 2573 2466 in
2607 2411 2714 2466 vita
2753 2425 2875 2480 qua:
2922 2416 3193 2477 speratur,
3245 2416 3355 2457 non
3401 2399 3505 2456 erit

1931 2507 2177 2570 morbus,
2207 2519 2315 2558 non
2337 2501 2711 2565 maledictum,
2737 2513 2844 2552 non
2864 2503 3166 2567 peccatum,
3188 2507 3297 2546 non
3316 2503 3500 2544 mers:

1931 2600 2011 2655 sic
2040 2598 2108 2654 ad
2139 2596 2493 2652 abolitionem
2523 2607 2648 2647 cum
2677 2591 2762 2647 his
2793 2591 2957 2645 etiam
2982 2586 3217 2643 servitus
3232 2581 3500 2638 deveniet.

1930 2687 2086 2756 Quod
2118 2695 2296 2742 autem
2326 2685 2441 2739 haec
2473 2698 2598 2738 vera
2632 2681 2776 2744 dice,
2810 2680 2986 2749 ipsam
3018 2677 3085 2732 ad
3126 2673 3504 2730 testimonium

1933 2781 2213 2835 veritatem
2243 2792 2398 2842 voco,
2427 2790 2550 2846 qua;
2572 2773 2647 2828 ait
2675 2771 2742 2827 all
2786 2766 3270 2840 diseipulesdam
3300 2782 3402 2820 non
3421 2763 3504 2818 di-

251 2856 427 2926 θητάς
448 2895 464 2919 ,
511 2856 592 2908 ὅτι
624 2847 831 2909 Οὐκέτι
862 2855 1027 2909 καλῶ
1055 2857 1210 2927 ὑμᾶς
1230 2856 1504 2924 δούλους,
1533 2859 1694 2913 ἀλλὰ
1732 2862 1825 2930 φί-

1932 2887 2046 2925 cam
2079 2887 2164 2924 vos
2199 2885 2394 2933 servos,
2422 2866 2514 2922 sed
2542 2866 2739 2918 amicos
2771 2865 2818 2896 ¹⁰
2846 2902 2859 2916 .
2893 2860 2949 2916 Si
2969 2862 3136 2932 igitur
3165 2859 3218 2914 id
3243 2857 3394 2928 quod
3411 2871 3502 2912 se-

249 2951 426 3012 .tovc.
482 2945 542 3000 Ei
572 2943 664 3000 οὖν
693 2948 753 3000 τὸ
791 2947 916 3000 καθ’
940 2949 1088 3018 ἡμᾶς
1124 2947 1274 3002 ἔσται
1303 2949 1432 3001 ποτὲ
1462 2949 1556 3003 τοῦ
1585 2951 1684 3020 τῆς
1708 2951 1830 3005 δουο

250 3039 403 3102 λείας
430 3038 663 3102 ὀνείδους
677 3037 980 3108 ἐλεύθερον,
1011 3037 1128 3099 πῶς
1154 3037 1182 3089 6
1206 3035 1300 3090 τοῦ
1329 3038 1531 3099 παντὸς
1555 3039 1831 3111 Δεσπότης

250 3132 408 3202 παρά
445 3131 542 3200 τῆς
574 3129 956 3201 παραπληξίας
994 3146 1054 3181 τε
1086 3132 1179 3183 καὶ
1220 3130 1414 3200 μανίας
1463 3130 1571 3184 τῶν
1605 3131 1828 3203 ἐξεστη-

249 3222 430 3274 κότων
457 3220 661 3275 τούτων
699 3220 1114 3274 καταδουλοῦται
1137 3239 1151 3286 ;
1193 3220 1258 3276 Οἳ
1288 3222 1428 3275 κατὰ
1450 3222 1512 3274 τὸ
1540 3221 1829 3276 ἀκόλουθον

251 3315 497 3378 πάντως,
540 3313 660 3367 οὐδὲ
691 3311 980 3380 γινώσκειν
1004 3313 1166 3365 αὐτὸν
1194 3312 1262 3366 τά
1293 3312 1387 3365 τοῦ
1415 3313 1626 3386 Πατρὺς
1665 3312 1832 3384 διορί-

247 3406 460 3470 ζονται,
487 3404 576 3458 διά
601 3406 700 3478 τὴν
733 3405 860 3475 περὶ
888 3404 996 3457 τῶν
1029 3403 1229 3458 δούλων
1257 3405 1550 3474 ἀπόφασιν,
1581 3407 1616 3477 ἦ
1644 3423 1828 3474 φησιν,

244 3503 332 3554 ὅτι
367 3500 399 3553 6
431 3498 614 3561 δοῦλος
651 3499 751 3552 οὐκ
779 3493 886 3552 οἶδε
913 3499 966 3551 τί
997 3501 1138 3551 ποιεῖ
1169 3500 1197 3551 6
1245 3497 1431 3569 κύριος
1462 3498 1648 3552 αὐτοῦ.
1691 3499 1832 3552 Ἀλλ’

246 3597 382 3648 ὅταν
415 3591 586 3645 ταῦτα
614 3591 864 3659 λέγωσιν,
891 3591 1274 3644 ἀκουσάτωσαν
1301 3593 1382 3644 ὅτι
1413 3590 1589 3644 πάντα
1619 3592 1674 3643 ὲν
1707 3592 1832 3643 ἐαυ-

246 3685 330 3754 τῷ
358 3683 428 3738 τὰ
453 3681 547 3736 τοῦ
578 3683 787 3753 Πατρὸς
807 3685 836 3735 6
874 3682 1001 3745 Tib;
1032 3681 1163 3752 ἔχει,
1199 3683 1291 3736 καὶ
1325 3683 1498 3735 πάντα
1524 3682 1708 3753 βλέπει
1732 3683 1831 3735 ὅσα

249 3781 281 3830 6
307 3777 462 3845 Πατὴ
472 3792 505 3845 ρ
542 3777 704 3839 ποιεῖ,
731 3775 825 3828 καὶ
855 3774 1004 3827 οὐδὲν
1032 3774 1139 3826 τῶν
1177 3774 1455 3845 πατρικῶν
1486 3773 1702 3843 ἀγαθῶν
1729 3774 1832 3840 ἔξω

248 3869 353 3935 τῆς
409 3866 505 3919 τοῦ
530 3865 864 3935 Μονογενοῦς
915 3867 1030 3918 ἐστι
1056 3864 1323 3933 γνώσεως.
1389 3864 1514 3928 Πῶς
1546 3866 1654 3936 γὰρ
1687 3866 1750 3920 ἄν
1780 3883 1832 3918 τι

251 3963 350 4016 τοῦ
375 3958 588 4029 Πατρὸς
613 3959 688 4028 μὴ
715 3958 848 4028 ἔχοι,
874 3957 993 4010 ὅλον
1027 3957 1164 4027 ἔχων
1192 3959 1250 4010 ἐν
1275 3958 1450 4027 ἑαυτῴ
1476 3958 1568 4012 τὸν
1595 3958 1830 4026 Πατέρα;

251 4049 468 4103 Οὐκοῦν
503 4051 550 4103 εἰ
581 4048 765 4112 δοῦλος
815 4048 1001 4119 μὲνού
1030 4048 1286 4116 γινώσκει
1327 4047 1378 4099 τί
1413 4049 1554 4100 ποιεῖ
1589 4050 1618 4100 6
1647 4047 1836 4101 δεσπό-

251 4160 375 4213 της,
406 4142 435 4194 6
465 4140 524 4194 δὲ
547 4141 722 4194 πάντα
747 4141 804 4194 ἐν
831 4138 1008 4209 ἑαυτῷ
1035 4138 1104 4192 τὰ
1130 4137 1223 4191 τοῦ
1254 4137 1466 4210 Πατρὸς
1501 4137 1634 4208 ἔχει,
1662 4137 1834 4208 νηψά-

1933 2956 2170 3011 cundum
2207 2971 2308 3011 nos
2357 2964 2439 3010 est
2480 2952 2772 3023 aliquando
2821 2966 2852 3005 a
2899 2937 3180 3006 servitutis
3216 2946 3504 3017 opprobrio

1929 3047 2034 3102 erit
2063 3046 2316 3111 liberum,
2351 3043 2624 3115 quomodo
2656 3041 2894 3097 universi
2930 3039 3193 3095 Dominus
3223 3037 3504 3107 a-percul-

1929 3136 2084 3191 sione
2106 3142 2161 3189 et
2190 3133 2406 3188 insania
2437 3133 2631 3187 horum
2670 3131 3003 3186 furiosorum
3039 3136 3094 3183 et
3143 3127 3339 3182 mentis
3403 3123 3501 3179 3m-

1930 3236 2116 3296 petum
2159 3225 2212 3278 in
2254 3224 2574 3279 servitutem
2631 3221 2927 3291 redigitur?
2955 3217 3046 3289 qui
3100 3214 3398 3272 secundum
3449 3212 3505 3268 id

1929 3317 2072 3388 quod
2127 3315 2484 3386 consequitur
2516 3328 2744 3384 prorsus
2797 3311 2972 3380 ipsum
3011 3324 3123 3364 non
3168 3319 3506 3377 cognoscere

1930 3424 2056 3479 qua:
2091 3415 2220 3463 sunt
2276 3406 2458 3462 Patris
2504 3403 2908 3468 determinant;
2969 3408 3191 3472 propter
3229 3397 3381 3453 illam
3437 3395 3508 3452 de

1931 3501 2107 3558 servis
2133 3499 2463 3556 sententiam
2496 3512 2617 3567 qua;
2645 3496 2741 3560 ait,
2765 3493 2912 3564 quod
2942 3507 3136 3548 servus
3165 3489 3340 3544 nescit
3374 3485 3506 3558 quid

1929 3591 2186 3646 dominus
2218 3604 2354 3645 suus
2392 3587 2560 3640 facit:
2601 3584 2695 3640 sed
2729 3598 2855 3639 cum
2883 3581 3000 3636 haec
3022 3580 3235 3643 dicunt,
3282 3576 3508 3632 audiant

1931 3683 2077 3754 quod
2112 3681 2296 3738 omnia
2329 3680 2383 3734 in
2410 3678 2594 3748 seipse
2629 3691 2754 3747 quae
2793 3682 2922 3730 sunt
2949 3672 3152 3734 Patris,
3196 3670 3370 3724 Filius
3411 3669 3509 3723 ha-

1935 3775 2141 3837 bet,'et
2185 3772 2368 3825 omnia
2401 3769 2626 3838 respicit
2675 3781 2798 3836 quae
2845 3762 3007 3818 Pater
3061 3763 3212 3824 facit,
3265 3761 3508 3825 nihilque

1935 3873 2288 3936 paternorum
2314 3860 2582 3914 bonorum
2615 3863 2701 3912 est
2729 3862 2884 3910 extra
2914 3849 3191 3922 Unigeniti
3240 3847 3508 3918 cognitio-

1935 3971 2079 4011 nem.
2125 3949 2412 4020 Quomodo
2448 3950 2596 4006 enim
2656 3944 2865 4018 aliquid
2914 3943 3092 3998 Patris
3144 3956 3255 3996 non
3289 3939 3505 4002 habeat,

1934 4049 2029 4119 qui
2059 4056 2232 4102 totum
2257 4045 2312 4100 in
2338 4043 2520 4113 seipse
2559 4039 2778 4095 Patrem
2804 4035 3008 4092 habet?
3043 4033 3182 4103 Ergo
3223 4033 3270 4088 si
3313 4045 3507 4086 servus

1938 4156 2044 4196 non
2085 4134 2368 4208 cognoscit
2403 4131 2536 4204 quid
2566 4131 2729 4185 faciat
2755 4127 3036 4189 dominus,
3062 4125 3150 4180 hic
3182 4130 3362 4177 autem
3387 4135 3508 4174 em-

253 4211 439 4287 τωσάν
470 4248 601 4284 ποτε
633 4232 685 4284 et
712 4232 777 4300 τῇ
809 4229 946 4301 μέθῃ
975 4229 1301 4299 παράφοοοι,
1325 4229 1421 4282 καὶ
1449 4228 1832 4297 ἀναὸλεψάτω-

1938 4233 2028 4287 nia
2061 4232 2116 4284 in
2151 4229 2332 4298 seipse
2369 4240 2491 4295 quae
2519 4229 2649 4278 sunt
2688 4218 2869 4275 Patris
2919 4216 3124 4273 habet:
3178 4213 3344 4270 sobrii
3395 4211 3508 4268 sint

255 4343 357 4378 σαν
376 4323 477 4377 νῦν
493 4321 621 4388 γοῦν
640 4321 776 4394 πρὸς
789 4321 886 4392 τὴν
907 4320 1182 4392 ἀλήθειαν,
1241 4323 1321 4376 ὅτι
1343 4323 1372 4372 6
1396 4320 1572 4374 πάντα
1589 4319 1726 4390 έχων
1749 4321 1833 4389 ἐφ’

253 4416 455 4475 ἑαυτοῦ
487 4415 830 4486 χαρακτῆρα,
865 4414 960 4468 καὶ
983 4416 1013 4468 6
1040 4413 1134 4467 τοῦ
1162 4412 1362 4476 παντὸς
1407 4413 1725 4483 βασιλεύων,
1760 4415 1834 4485 μὴ

253 4506 522 4575 ὁμότιμον
549 4503 662 4574 ἔχει
693 4502 869 4574 ἐαυτῷ
906 4502 1004 4572 τὴν
1053 4503 1288 4573 μορφήν.
1325 4503 1398 4556 Ἦ
1427 4503 1544 4566 πῶς
1580 4505 1613 4574 ἡ
1643 4503 1835 4575 ἀτιμία

252 4600 355 4670 τῆς
392 4598 654 4668 ἀληθινῆς
679 4595 1050 4664 ἀπαυγάζεται
1079 4595 1238 4662 δόξης
1262 4614 1277 4661 ;
1314 4595 1532 4664 Ἀτιμία
1558 4597 1666 4668 γάρ
1689 4599 1836 4652 ἐστιν

253 4695 285 4761 ἡ
315 4689 558 4744 δουλεία.
613 4688 737 4752 Πῶς
764 4687 821 4741 δὲ
843 4688 872 4740 6
901 4685 992 4740 τοῦ
1027 4685 1289 4756 βασιλέως
1331 4687 1446 4750 υἱὸς
1485 4689 1565 4750 εἰς
1591 4687 1836 4742 δουλείαν

251 4784 520 4852 γεννᾶται
540 4797 555 4846 ;
579 4782 691 4836 Οὐκ
717 4779 832 4832 ἐστι
860 4777 1050 4842 ταῦτα,
1085 4777 1184 4831 οὐκ
1206 4777 1372 4832 ἐστιν.
1439 4777 1577 4831 Ἀλλ’
1610 4779 1685 4842 ὡς
1721 4780 1835 4849 φῶς

251 4880 318 4927 ἐκ
370 4870 572 4939 ᾳωτὸς,
611 4869 706 4922 καὶ⁵
752 4867 865 4939 ζωὴ
903 4867 969 4919 ὲκ
998 4865 1161 4937 ζωῆς,
1203 4866 1262 4933 ἐξ
1302 4866 1559 4938 ἀληθείας
1586 4868 1832 4939 ἀλήθεια,

249 4966 407 5018 οὕτω
434 4963 530 5016 καὶ
558 4963 622 5014 ὲκ
654 4961 857 5031 Κυρίου
898 4957 1118 5030 Κύριος,
1157 4957 1410 5028 βασιλεὺς
1454 4960 1519 5012 ὲκ
1554 4959 1838 5029 βασιλέως,

251 5061 321 5110 ἐκ
369 5053 509 5108 Θεοῦ
542 5053 695 5118 θεὸς,
749 5051 808 5118 ἐξ
853 5051 1146 5105 ἀδεσπότου
1183 5050 1516 5113 ἀδέσποτος⁸
1564 5049 1683 5103 ὅλον
1733 5050 1842 5122 γὰρ

256 5151 405 5218 ἒχων
442 5148 501 5199 ὲν
538 5144 714 5214 ἑαυτῷ
755 5143 847 5197 τὸν
876 5141 1114 5211 Πατέρα,
1151 5142 1202 5194 si
1238 5158 1291 5194 τι
1320 5142 1349 5193 6
1377 5141 1566 5211 Πατὴρ
1623 5141 1737 5210 ἔχει
1785 5144 1844 5196 ἐν

257 5237 467 5308 ιαυτῷ,
517 5237 732 5299 πάντως
776 5235 908 5304 ἔχει,
953 5237 1050 5287 καὶ
1073 5231 1258 5302 ἐπειδὴ
1302 5232 1479 5285 πάντα
1507 5231 1601 5284 τοῦ
1631 5233 1842 5303 Πατρός

256 5333 445 5391 ἐςτιν,
492 5328 592 5380 ὃσα
620 5327 714 5379 καὶ
751 5328 780 5379 6
803 5325 928 5388 Υἱὸς
965 5323 1099 5393 ἔχει,
1139 5321 1348 5392 ἀνάγκη
1383 5323 1529 5375 πᾶσα
1560 5323 1708 5393 παρά
1735 5323 1841 5376 τῶν

259 5419 478 5490 ἐχθρῶν
503 5419 602 5488 τῆς
623 5416 718 5470 τοῦ
748 5416 881 5470 Θεοῦ
914 5416 1092 5486 δόξης,
1127 5414 1285 5485 εἰπερ
1307 5416 1335 5466 6
1360 5413 1484 5476 Υἱὸς
1510 5413 1711 5476 δοῦλος,
1750 5416 1844 5467 καὶ

339 5601 387 5629 ι·
436 5600 593 5652 Belli.
664 5615 779 5661 Vm,
815 5599 896 5652 lii.

976 5599 1016 5627 ”
1050 5597 1168 5652 Gal.
1200 5615 1247 5661 v,
1284 5598 1374 5650 ‘26.
1405 5614 1522 5665 sqq.

1939 4321 2157 4378 tandem
2191 4319 2284 4389 qui
2333 4317 2598 4372 ebrietate
2627 4313 2773 4383 capti
2811 4308 3110 4373 insaniunt,
3157 4315 3212 4363 et
3256 4320 3404 4361 nunc
3445 4305 3500 4360 in

1941 4412 2224 4468 veritatem
2246 4407 2440 4462 oculos
2462 4411 2812 4466 convertant,
2859 4398 3004 4471 quod
3043 4399 3137 4470 qui
3171 4411 3386 4453 omnem
3414 4395 3510 4451 ha-

1939 4505 2031 4560 bet
2065 4503 2121 4557 in
2155 4500 2340 4571 seipse
2365 4498 2767 4560 characterem,
2788 4499 2843 4549 et
2874 4490 2970 4563 qui
3001 4489 3241 4546 universi
3271 4502 3362 4542 rex
3402 4494 3508 4549 est,

1945 4611 2054 4650 non
2100 4594 2309 4647 honore
2352 4603 2538 4660 parem
2587 4586 2753 4641 habet
2787 4584 2841 4638 in
2889 4581 3073 4652 seipse
3121 4579 3384 4645 formam;
3427 4577 3511 4632 vel

1943 4687 2219 4762 quomodo
2243 4683 2539 4756 ignominia
2565 4695 2597 4734 a
2625 4693 2753 4734 vera
2783 4675 2956 4748 gloria
2990 4671 3277 4745 splendere
3300 4668 3513 4742 potest?

1941 4760 2239 4851 Ignominia
2257 4775 2404 4832 enim
2425 4781 2510 4830 est
2541 4770 2800 4828 servitus.
2830 4763 3120 4834 Quomodo
3144 4771 3324 4818 autem
3365 4760 3512 4830 regis

1971 4869 2183 4926 ﬁliusin
2206 4865 2520 4922 servitutem
2558 4857 2842 4932 gignitur?
2878 4852 3004 4911 Haec
3049 4869 3160 4909 non
3205 4861 3353 4917 sunt,
3400 4865 3513 4908 non

1938 4968 2066 5019 sunt
2091 4961 2229 5023 haec,
2252 4958 2346 5014 sed
2374 4965 2432 5010 ut
2457 4957 2549 5010 lux
2578 4953 2646 5009 de
2666 4955 2806 5016 luce,
2837 4953 2947 5005 vita
2974 4949 3040 5004 de
3071 4949 3203 5010 vita,
3235 4955 3290 5002 et
3323 4960 3389 5000 ex
3416 4958 3512 4998 ve-

1939 5053 2100 5107 ritate
2125 5051 2328 5106 veritas
2353 5067 2367 5102 :
2397 5048 2478 5103 sic
2500 5061 2568 5101 ex
2594 5044 2821 5100 Domine
2850 5039 3135 5102 Dominus,
3168 5053 3264 5092 rex
3310 5051 3378 5090 ex
3422 5048 3513 5088 re-

1940 5160 2026 5214 ge,
2056 5159 2121 5199 cx
2149 5141 2260 5196 Deo
2295 5140 2462 5201 Deus,
2499 5154 2567 5194 ex
2609 5137 2780 5191 libere
2815 5133 2980 5194 liber;
3015 5138 3189 5186 totum
3233 5126 3377 5184 enim
3415 5125 3514 5179 hac

1940 5235 2074 5289 bens
2100 5233 2154 5286 in
2185 5231 2368 5300 seipse
2396 5227 2637 5288 Patrem.
2672 5225 2720 5280 si
2750 5221 2879 5294 quid
2912 5222 3073 5276 Pater
3097 5220 3150 5274 in
3204 5217 3387 5286 seipse
3413 5215 3513 5269 ha-

1943 5325 2054 5388 bet,
2083 5338 2312 5394 prorsus
2334 5322 2516 5376 omnia
2543 5319 2725 5373 habet.
2763 5314 3112 5384 thueniam
3160 5309 3344 5364 omnia
3387 5315 3516 5363 sunt

1949 5415 2128 5471 Patris
2157 5429 2495 5482 quaecunque
2527 5410 2690 5464 habet
2734 5405 2926 5470 Filius,
2959 5417 3193 5458 necesse
3210 5409 3294 5458 est
3335 5399 3514 5455 eumi-

1622 5595 1664 5624 '°
1691 5592 1844 5648 Jeau.
1884 5609 1970 5651 xv.
2035 5593 2115 5644 lii.
