4002 6218
519 157 616 217 851

1762 161 1818 210 δ.
1861 154 2186 249 (ἀιιιῐϐριιιι
2230 154 2523 212 NYSSENI

3657 163 3750 218 852

519 289 592 330 no
617 273 686 330 ab
721 271 956 328 inimicis
980 272 1166 346 gloria:
1201 272 1317 335 Dei,
1347 275 1392 328 si
1425 273 1641 343 quidem
1681 271 1854 329 Filius
1904 290 2097 329 servus

2215 273 2290 326 τὸν
2316 273 2533 345 Πατέρα
2567 275 2644 337 εἰς
2672 274 2913 328 δουλείαν
2942 275 3292 343 κατάγεσθαι.
3327 276 3494 330 Οὐδὲν
3524 278 3626 347 γάρ
3648 283 3749 334 ἐστι

518 373 628 430 est,
659 364 826 420 etiam
862 365 1076 420 Patrem
1112 367 1166 420 in
1203 365 1529 420 servitutem
1549 364 1737 436 redigi.
1773 365 1916 419 Nihil
1941 368 2086 421 enim

521 465 606 516 est
638 473 826 513 eorum
860 472 982 526 qua;
1011 457 1067 511 in
1103 455 1264 517 Filio,
1297 465 1637 527 spectantur,
1689 457 1834 528 quod
1867 472 2094 527 prorsus

524 565 632 605 non
655 548 727 604 sit
751 547 950 603 Patris.
985 548 1180 604 Omnia
1216 551 1383 614 enirn,
1425 551 1523 614 ait,
1569 568 1684 605 mea
1724 560 1813 604 tua
1851 563 1993 614 sunt,
2046 560 2095 604 et

525 651 618 696 tua
647 658 762 696 mea
789 643 857 696 ".
890 641 1032 708 Quid
1066 645 1232 714 igitur
1257 645 1450 698 miselli
1486 644 1716 698 dicent?
1758 645 1899 710 Quid
1933 645 2098 715 igitur

523 729 698 800 magis
726 739 1158 787 consentaneum
1183 730 1375 788 Filium
1427 736 1576 804 regia
1615 731 1790 790 Patris
1833 744 2100 805 potestate

526 820 837 883 clariﬁcari.
862 821 956 891 qui
978 822 1150 877 dixit:
1176 821 1369 877 Omnia
1402 832 1493 877 tua
1529 839 1646 878 mea
1670 834 1820 888 sunt,
1843 835 1897 879 et
1929 825 2094 880 clari—

527 914 724 975 ﬁcatus
751 929 871 970 sum
898 915 954 968 in
987 915 1244 985 ipsis,vel
1262 913 1471 970 Patrem
1492 917 1790 985 ignominia
1824 917 1894 971 oh
1925 917 2098 972 servi-

527 1013 700 1060 tutem
733 1003 858 1060 Filii
913 991 1308 1061 contumeliose
1343 1006 1520 1060 allici?
1548 1006 1664 1063 Non
1695 1009 1838 1062 enim
1898 1024 1997 1078 par
2021 1018 2103 1062 est

527 1113 652 1152 eum
692 1098 784 1166 qui
813 1099 995 1152 omnia
1019 1113 1139 1169 qua:
1188 1105 1317 1152 sunt
1377 1097 1494 1152 Filii
1523 1100 1574 1152 in
1638 1100 1816 1170 seipso
1859 1100 2100 1170 comple—

529 1186 718 1248 ctitur,
744 1195 799 1240 et
819 1187 910 1256 qui
942 1188 1059 1257 ipse
1085 1189 1240 1242 estin
1262 1187 1549 1250 Filio.‘non
1575 1191 1736 1244 etiam
1771 1192 1824 1244 in
1845 1192 2105 1246 servitute

529 1277 654 1333 Filii
681 1293 906 1349 prorsus
925 1294 1067 1343 esse,
1087 1288 1251 1350 atque
1275 1281 1330 1334 in
1357 1282 1538 1351 seipso
1553 1283 1867 1337 servitutem
1887 1283 2102 1336 habere.

529 1368 656 1426 Hec
697 1378 830 1426 sunt
859 1371 1118 1442 praeclara
1153 1370 1406 1427 Eunomii
1447 1374 1728 1442 sapientiae
1754 1374 2103 1436 documenta,

529 1476 629 1532 per
651 1477 794 1532 quae,
835 1463 971 1516 dum
1006 1465 1270 1519 servitute
1299 1466 1693 1520 contumeliose
1708 1465 1978 1520 deformat
2003 1465 2107 1519 Do-

531 1553 764 1617 minum,
794 1555 1042 1613 eamdem
1074 1557 1429 1627 ignominiam
1484 1559 1889 1630 ineorruptibili
1919 1559 2107 1630 gloriae

531 1640 713 1698 Patris
740 1643 927 1699 inurit.
1147 1649 1172 1660 ‘

605 1734 712 1791 Sed
739 1751 933 1792 rursus
959 1737 1024 1791 ad
1047 1752 1106 1793 ea
1123 1753 1244 1808 qua:
1263 1738 1318 1792 in
1336 1739 1556 1810 scriptis
1594 1749 1898 1809 sequuntur
1918 1756 2103 1795 recur-

535 1841 743 1884 ramus.
786 1828 927 1894 Quid
963 1829 1100 1884 dicit
1141 1829 1208 1885 de
1247 1829 1536 1902 Unigenito
1575 1831 1920 1888 Erinomius?
1951 1833 2104 1902 Quod

535 1917 642 1974 sibi
673 1933 782 1973 non
810 1919 951 1975 hanc
976 1921 1584 1990 dignitatemvindicat;
1616 1924 1932 1994 dignitatem
1960 1926 2104 1980 enim

534 2009 781 2064 nominat
809 2010 929 2080 ejus
952 2011 1043 2080 qui
1068 2019 1150 2067 est
1177 2013 1610 2082 appellationem.
1651 2013 1695 2069 Ο
1731 2014 2106 2072 admirabilem

535 2102 931 2174 philosophiam
959 2106 972 2158 !
1006 2103 1139 2172 Quis
1164 2121 1400 2176 unquam
1438 2116 1558 2177 post
1585 2109 1864 2164 hominum
1900 2126 2108 2166 memo-

534 2194 698 2260 riam,
750 2195 866 2250 sive
914 2195 1057 2266 apud
1110 2195 1350 2263 Graecos,
1404 2199 1520 2254 sive
1575 2199 1717 2270 apud
1766 2200 2106 2256 barbaricam

535 2285 936 2356 philosophiam
970 2304 984 2342 :
1012 2287 1136 2357 quis
1163 2297 1444 2353 nostrum,
1477 2291 1603 2360 quis
1637 2292 2108 2347 omniumaetatum

538 2377 840 2441 hominum,
867 2392 1064 2432 nomen
1086 2379 1365 2451 dignitatis
1385 2382 1498 2436 enti
1515 2383 1808 2453 imposuit?
1835 2383 2108 2454 Quidquid

537 2467 681 2522 enim
699 2468 1032 2525 exsistensin
1051 2487 1230 2526 rerum
1251 2481 1444 2526 natura
1463 2474 2110 2537 consideratur,comnm-

537 2559 630 2614 nis
672 2560 928 2630 loquendi
959 2564 1300 2617 consuetudo
1359 2579 1482 2620 esse
1513 2565 1647 2618 dicit
1684 2580 1698 2616 :
1755 2581 1782 2618 a
1811 2564 1976 2620 verbo
2011 2582 2110 2618 au-

539 2660 650 2706 tem
672 2667 831 2717 esse,
855 2655 998 2709 entis
1032 2655 1403 2710 denominatio
1433 2657 1658 2710 formata
1687 2667 1791 2712 est.
1835 2659 1936 2712 Sed
1966 2675 2112 2714 nunc

540 2753 684 2796 novo
731 2743 1027 2798 locutionis
1069 2760 1290 2814 genere,
1349 2761 1449 2815 pro
1495 2749 1637 2803 entis
1691 2749 2108 2818 signiﬁcatione,

540 2847 640 2888 vos
677 2833 960 2906 dignitatis
1017 2847 1350 2904 usurpatur:
1383 2837 1517 2891 dicit
1566 2841 1709 2893 enim
1761 2838 1957 2894 Filium
2002 2857 2110 2894 non

539 2921 646 2978 sibi
696 2923 977 2979 vindicare
1022 2925 1367 2996 dignitatem,
1417 2929 1512 2997 qui
1557 2943 1654 2997 per
1698 2927 1909 2984 Patrem
1944 2939 2028 2986 est
2058 2942 2110 2986 et

2194 367 2302 419 τῶν
2330 369 2386 419 ἐν
2409 367 2487 436 τῷ
2519 367 2631 437 Υίῷ
2665 367 3071 438 θεωρουμένων,
3101 367 3129 420 δ
3171 367 3244 438 μὴ
3294 369 3387 420 τοῦ
3417 370 3622 440 Πατρός
3651 375 3748 424 ἐστι

2196 457 2432 519 πάντως.
2475 457 2674 510 Πάντα
2715 476 2734 524 ·,
2752 458 2818 527 ἀρ
2837 498 2851 518 ,
2891 459 3055 527 φησι,
3091 459 3162 512 τὰ
3186 459 3298 527 ἐμὰ
3327 459 3445 520 σὰ,
3472 461 3660 514 καὶτὰ
3683 465 3752 519 σὰ

2195 550 2327 618 ἐμά.
2352 550 2416 601 Τί
2444 546 2537 602 οὖν
2566 550 2780 613 ἐροῦσιν
2810 551 2860 603 οἱ
2888 549 3105 603 δείλαιοι
3129 567 3143 614 ;
3184 551 3247 603 Τί
3277 547 3370 604 οὖν
3407 552 3752 623 εὐλογώτερον

2198 643 2287 694 τὸν
2311 642 2438 694 Υἱδν
2457 645 2520 711 τῇ
2555 641 2798 713 βασιλείᾳ
2824 641 2917 696 τοῦ
2940 642 3149 713 Πατρὸς
3177 642 3558 710 ὲνδοξάζεσθαι
3585 648 3670 698 τὸν
3692 650 3755 700 εί-

2203 732 2392 792 πόντα,
2429 735 2509 786 ὅτι
2536 733 2616 786 Τά
2644 734 2710 787 σά
2741 733 2848 804 ἐμά
2869 754 2880 766 ο
2922 735 3013 787 καὶ
3046 734 3368 804 δεδόξασμαι
3403 735 3461 786 ἐν
3491 736 3668 798 αὐτοῖς
3689 755 3700 766 ·
3726 739 3755 807 ἦ

2201 823 2292 875 τὸν
2321 824 2540 895 Πατέρα
2566 827 2632 894 ᾖ
2657 823 2847 896 ἀτιμία
2866 824 2965 895 τῆς
2989 825 3227 889 δουλείας
3251 826 3343 879 τοῦ
3363 825 3492 880 Υίοῦ
3517 825 3759 896 καθυϐρίο

2204 914 2389 978 ζεσθαι
2412 935 2422 974 ;
2453 916 2526 967 Oti
2551 916 2659 988 γὰρ
2685 919 2797 973 ἐστι
2832 917 2922 970 τὸν
2947 917 3122 970 πάντα
3144 919 3210 970 τὰ
3231 916 3321 971 τοῦ
3352 917 3484 970 Υίοῦ
3514 920 3572 971 ὲν
3605 919 3758 990 ἑαυτῷ

2204 1007 2545 1077 περιέχοντα,
2573 1007 2666 1060 καὶ
2695 1007 2852 1060 αὐτὸν
2881 1009 2936 1060 ὲν
2966 1008 3055 1078 τῷ
3070 1008 3184 1078 Υίῷ
3211 1009 3358 1070 ὅντα,
3397 1009 3473 1079 μὴ
3501 1008 3598 1061 καὶ
3627 1011 3677 1060 εν
3702 1014 3757 1079 τῇ

2203 1100 2415 1170 δουλεία
2442 1099 2533 1152 τοῦ
2570 1099 2698 1153 Υίοῦ
2722 1101 2937 1163 πάντως
2966 1097 3126 1160 εἶναι.
3161 1102 3254 1154 καὶ
3281 1102 3338 1154 ὲν
3373 1101 3522 1172 αὐτῷ
3549 1102 3649 1171 τὴν
3668 1103 3761 1154 δον·

2205 1193 2355 1246 λείαν
2383 1192 2543 1262 ἔχειν.
2573 1192 2754 1246 Ταῦτα
2775 1194 3028 1264 κατορθοῖ
3045 1194 3131 1246 διὰ
3159 1195 3258 1264 τῆς
3280 1195 3471 1260 σοφίας
3496 1195 3759 1263 Εὖνόμιος,

2205 1284 2272 1336 δι’
2299 1277 2374 1337 ὧν
2423 1283 2739 1354 καθυϐρίζει
2788 1287 2852 1355 τῇ
2898 1285 3109 1354 δουλείᾳ⁴
3154 1285 3245 1337 τὸν
3279 1285 3514 1354 Κύριον,
3555 1286 3653 1356 τὴν
3679 1288 3761 1338 αὖ-

2205 1375 2302 1445 τὴν
2333 1376 2560 1446 ἀτιμίαν
2589 1379 2654 1446 τῇ
2696 1377 2956 1447 ἀκηράτῳ
2982 1374 3107 1448 δόξῃ
3149 1376 3242 1429 τοῦ
3271 1377 3483 1447 Πατρὸς
3524 1395 3763 1448 προστρι-

2207 1466 2268 1518 66
2275 1484 2452 1537 μενος.

2281 1727 2423 1780 Ἀλλ’
2460 1728 2930 1800 ὲπαναδράμωμεν
2970 1730 3131 1784 πάλιν
3163 1731 3254 1782 ἐπὶ
3280 1731 3376 1799 τὴν
3411 1730 3518 1782 τῶν
3549 1747 3771 1801 γεγραμ-

2215 1822 2390 1892 μένων
2443 1821 2780 1876 ἀκολουθίαν.
2851 1822 2916 1876 Τί
2960 1822 3106 1890 λέγει
3153 1823 3280 1892 περὶ
3321 1823 3412 1875 τοῦ
3447 1823 3770 1890 ’Μονογενοῦς

2211 1919 2239 1970 ὁ
2271 1915 2560 1984 Εύνόμιος;
2589 1915 2708 1968 Ὀτι
2747 1915 2846 1967 οὐκ
2882 1913 3175 1966 οἰκειοῦται
3216 1914 3415 1984 ταύτην
3459 1914 3558 1984 τὴν
3595 1915 3767 1978 ἀξίαν·

2214 2005 2372 2071 ἀξίαν
2415 2006 2523 2077 γὰρ
2562 2006 2812 2077 ὀνομάζει
2855 2007 2952 2077 τὴν
3021 2007 3114 2059 τοῦ
3182 2007 3332 2069 ὄντος
3392 2007 3770 2077 προσηγορίαν.

2219 2097 2284 2148 Ὠ
2323 2098 2629 2166 παραλόγου
2683 2097 3028 2167 φιλοσοφίαςί
3087 2098 3168 2160 τίς
3208 2099 3314 2150 τῶν
3369 2099 3587 2152 πώποτε
3629 2115 3771 2166 7:70-

2214 2189 2380 2242 νότων
2419 2188 2745 2260 ἀνθρώπων,
2801 2191 2912 2242 εἴτε
2972 2192 3100 2261 παρ’
3129 2191 3414 2259 Ἕλλησιν,
3455 2191 3565 2242 εἴτε
3641 2190 3775 2258 παρὰ

2214 2284 2280 2352 τῇ
2315 2281 2622 2352 βαρϐαρικῇ
2665 2281 2984 2354 φιλοσοφίᾳ·
3042 2283 3123 2346 τίς
3164 2283 3272 2335 τῶν
3316 2283 3434 2336 καθ’
3479 2284 3664 2352 ἡμᾶς,
3704 2285 3776 2346 τίς

2215 2375 2323 2428 τῶν
2350 2377 2406 2428 ἐν
2443 2375 2605 2427 πάντ)⁸
2643 2373 2719 2443 τῷ
2757 2374 2966 2446 χρόνῳ.
3009 2375 3163 2440 ἀξίας
3202 2374 3370 2444 δνομα
3410 2375 3487 2445 τῷ
3523 2375 3638 2429 ῦντι
3678 2376 3776 2428 ἑθε-

2215 2483 2310 2528 το;
2351 2468 2466 2519 Πᾶν
2506 2468 2612 2536 γάρ
2650 2467 2712 2519 τὸ
2749 2469 2806 2519 ὲν
2846 2466 3136 2519 ὑποστάσει
3175 2466 3544 2537 θεωρούμενον
3603 2470 3638 2538 ἡ
3687 2484 3780 2520 κοι-

2217 2559 2280 2630 νὴ
2303 2557 2412 2610 τῶν
2431 2557 2572 2628 λόγῳ
2599 2559 2947 2628 κεχρημένων
2971 2557 3226 2630 συνήθεια
3255 2555 3390 2612 εἶναι
3411 2559 3579 2627 λέγει.
3629 2561 3778 2630 [lupi

2215 2651 2272 2704 δὲ
2315 2649 2376 2704 τὸ
2429 2644 2584 2713 εἶναι,
2632 2651 2666 2718 ἡ
2714 2648 2808 2702 τοῦ
2853 2649 3004 2713 δντος
3045 2650 3328 2720 ἐπωνυμία
3375 2652 3782 2722 παρεσχηματιο

2219 2757 2360 2796 erat.
2425 2741 2583 2795 Ἀλλά
2626 2740 2720 2793 νῦν
2767 2744 3165 2811 καινοτομεῖται
3197 2743 3334 2795 κατά
3361 2743 3458 2813 τῆς
3496 2743 3592 2795 τοῦ
3640 2745 3781 2806 ὄντος

2219 2834 2510 2905 σημασίας,
2540 2834 2688 2903 ήτῆς
2717 2833 2870 2898 ἀξίας
2900 2835 3073 2904 φωνή.
3127 2833 3287 2901 Λέγει
3313 2834 3422 2904 γὰρ
3444 2835 3534 2886 τὸν
3558 2834 3686 2886 Υἱον
3714 2835 3781 2902 μὴ

2217 2925 2544 2979 οἰκειοῦσθαι
2581 2925 2680 2996 τὴν
2701 2925 2794 2977 τοῦ
2819 2925 2972 2988 ὄντος
2997 2924 3170 2991 ἀξίαν,
3202 2924 3294 2978 τόν
3329 2926 3418 2978 διὰ
3445 2925 3538 2978 τὸν
3572 2926 3782 2994 Πατέρα

539 3012 709 3079 vivit;
761 3013 857 3084 qui
898 2985 1466 3088 neq‘uechripturam
1515 2985 1678 3076 habet
1725 3021 1791 3077 ad
1845 3027 2110 3081 sermonis

2218 3014 2346 3068 ὄντα
2378 3015 2472 3068 καὶ
2505 2985 2698 3079 ζῶντα.
2727 3012 2850 3068 οὔτε
2889 2985 3110 3086 Γραφην
3154 3015 3291 3086 ἔχων
3330 3014 3424 3068 τοῦ
3465 3016 3620 3083 λόγου
3663 2985 3785 3086 προ-

542 3106 907 3176 patrocinium
948 3115 1002 3163 et
1037 3107 1434 3175 defensionem,
1491 3127 1669 3183 neque
1728 3131 1825 3185 per
1879 3117 2115 3187 aliquam

543 3198 992 3268 consequentiam
1033 3200 1100 3254 ad
1149 3200 1292 3256 hanc
1319 3205 1615 3258 amentiam
1648 3222 1957 3262 sermonem
1988 3224 2115 3277 pro-

541 3288 721 3356 duxit,
749 3290 843 3345 sed
878 3291 1044 3345 veluti
1081 3291 1422 3348 llatulentum
1454 3297 1774 3351 alimentum
1812 3299 2118 3355 visceribus

541 3381 819 3451 ingerens,
857 3382 1186 3453 indigestum
1234 3399 1334 3439 nec
1363 3386 1578 3445 ratione
1621 3391 1941 3446 conclusum
1972 3393 2120 3445 velut

543 3473 832 3543 quemdam
853 3483 1053 3529 tetrum
1072 3475 1284 3541 flatum,
1310 3478 1702 3548 blasphemiam
1723 3492 1951 3538 eructat.
1975 3483 2117 3549 Non,

543 3564 739 3632 inquit,
771 3565 933 3620 talem
966 3565 1288 3638 dignitatern
1335 3571 1438 3624 sibi
1485 3571 2122 3630 attribuitzconcedatur

544 3656 672 3725 ipsi,
718 3671 818 3712 ens
868 3657 1190 3725 dignitatem
1237 3661 1532 3715 nominari.
1577 3662 1718 3726 Quid
1768 3665 1974 3735 igitur?
2025 3668 2120 3736 qui

543 3757 647 3811 est,
680 3763 803 3804 esse
837 3765 950 3804 non
973 3749 1077 3805 sibi
1105 3753 1384 3822 proprium
1416 3752 1890 3824 l'acit?Quoniam,
1916 3757 2118 3828 inquit,

546 3853 644 3908 per
681 3837 896 3895 Patrem
954 3851 1058 3896 est.
1112 3841 1256 3914 Ergo
1323 3859 1431 3897 non
1477 3860 1602 3900 esse
1633 3847 1773 3902 dicis
1831 3865 1978 3911 eum,
2027 3849 2120 3918 qui

543 3944 669 3987 esse
701 3931 810 3986 sibi
848 3947 956 3986 non
993 3933 1278 3990 vindicat?
1329 3935 1466 3990 Nam
1501 3954 1608 3993 non
1654 3955 1776 3994 csse
1814 3942 2118 4010 proprium,

543 4029 600 4078 et
636 4023 872 4078 alienum
905 4039 1031 4080 esse
1081 4025 1225 4081 idem
1268 4027 1540 4097 signiﬁcat
1581 4048 1593 4084 :
1626 4039 1680 4085 et
1713 4031 2001 4088 mnifesto
2043 4033 2121 4088 si-

545 4116 930 4188 gnilieatorum
955 4120 1236 4172 contraria
1260 4119 1590 4176 diﬁ‘erentia.
1633 4124 1788 4189 Quod
1821 4125 1967 4180 enim
2008 4140 2125 4195 pro-

545 4209 724 4279 prium
767 4223 874 4263 non
920 4217 1026 4274 est,
1069 4211 1346 4277 alienant;
1395 4223 1451 4268 et
1497 4215 1642 4284 quod
1698 4217 1958 4280 alienum,
2012 4233 2121 4272 non

2221 3107 2558 3177 στήσασθαι,
2623 3105 2745 3160 οὔτε
2791 3106 2879 3160 διά
2928 3124 3069 3169 τινος
3124 3106 3444 3168 ἀκολουθίας
3505 3107 3639 3176 πρὶς
3693 3107 3783 3176 τὴν

2218 3198 2402 3253 ἄνοιαν
2424 3198 2629 3268 ταύτην
2657 3197 3021 3269 προσαγαγὼν
3060 3199 3150 3252 τὸν
3194 3198 3383 3267 λόγον·
3420 3199 3530 3250 ἀλλ’
3565 3196 3639 3261 ὣς
3671 3215 3783 3250 τινα

2221 3287 2442 3358 φυσώδη
2474 3289 2680 3360 τροφὴν
2710 3291 2820 3352 τοῖς
2868 3289 3192 3359 σπλάγχνοις
3232 3289 3537 3359 ἐνθέμενος,
3586 3290 3782 3341 ἀκατά-

2222 3381 2413 3434 σκευόν
2440 3398 2498 3433 τε
2525 3383 2618 3435 καὶ
2649 3380 3054 3448 ἀσυλλόγιστον,
3084 3375 3193 3434 οἷόν
3214 3397 3268 3433 τι
3294 3381 3510 3451 πνεῦμα
3534 3381 3777 3439 δυσῶδες,

2219 3473 2318 3544 τὴν
2362 3473 2708 3544 βλασφημίαν
2756 3473 3060 3544 ἐρεύγεται.
3127 3475 3241 3526 Οὐκ
3277 3472 3586 3534 οἰκειοῦται,
3631 3491 3694 3541 φη
3715 3473 3782 3534 si,

2219 3565 2422 3635 ταύτην
2449 3565 2547 3636 τὴν
2577 3564 2762 3630 ἀξίανο
2784 3565 3013 3618 δεδόσθω
3045 3565 3106 3618 τὸ
3129 3564 3187 3618 ὃν
3229 3565 3386 3629 ἀξίαν
3425 3563 3784 3632 κατονομάζε-

2224 3656 2366 3711 σθαι.
2401 3657 2465 3710 Τί
2495 3653 2624 3722 οὖν;
2689 3658 2747 3710 Ὀ
2787 3655 2862 3710 ὢν
2891 3658 2991 3710 ούκ
3040 3656 3334 3710 οἰκειοῦται
3362 3657 3422 3709 τὸ
3455 3653 3586 3709 εἶναι
3608 3654 3780 3717 ;Ὃ-τι.

2223 3751 2379 3819 φησὶ,
2412 3750 2501 3804 διὰ
2523 3750 2615 3802 τὸν
2642 3748 2858 3820 Πατέρα
2892 3748 3056 3802 ἐστίν.
3111 3747 3319 3802 Οὐκοῦν
3350 3747 3423 3818 μὴ
3447 3743 3576 3800 εἶναι
3606 3745 3780 3811 λέγεις

2221 3841 2313 3895 τὸν
2360 3836 2495 3894 εἷναι
2543 3839 2616 3910 μὴ
2649 3837 3059 3908 οίκειούμενον;
3103 3837 3178 3890 Τὸ
3206 3838 3312 3908 γάρ
3362 3838 3438 3906 μὴ
3465 3833 3777 3888 οἰκειοῦσθαι

2223 3934 2301 4005 τῷ
2333 3932 2738 4004 ἀλλοτριοῦσθαι
2790 3931 2952 3984 ταύτὸ
2992 3929 3282 4000 σημαίνει,
3330 3930 3422 3982 καὶ
3471 3927 3771 3999 πρόδηλοςή

2221 4027 2331 4080 τῶν
2361 4025 2772 4096 σημαινομένων
2805 4022 3209 4092 ἀντιδιαίρεσις.
3269 4019 3341 4074 Τό
3369 4038 3425 4074 τε
3461 4022 3563 4090 γὰρ
3593 4020 3774 4072 οἰκεῖον

2224 4119 2325 4172 οὐκ
2351 4119 2651 4188 ἀλλότριον,
2706 4118 2799 4170 καὶ
2835 4116 2894 4170 τὸ
2921 4115 3199 4185 ἀλλότριον
3225 4116 3325 4168 οὐκ
3356 4117 3568 4166 οἰκεῖον.
3608 4112 3658 4164 Ὀ
3681 4105 3771 4162 οὖν

2228 4213 2302 4283 μὴ
2337 4210 2702 4281 οἰκειούμενος
2747 4209 2807 4262 τὸ
2855 4203 2993 4262 εἶναι
3032 4207 3386 4279 ἠλλοτρίωται
3436 4207 3637 4266 πάντως
3679 4201 3769 4253 τοῦ

544 4306 626 4352 est
671 4301 952 4370 proprium
987 4321 1000 4356 :
1033 4303 1124 4372 qui
1171 4304 1336 4373 igitur
1379 4320 1490 4360 non
1532 4307 1638 4362 sibi
1673 4309 1956 4378 proprium
1998 4325 2110 4367 esse

2224 4300 2384 4359 εἶναι.
2448 4305 2507 4358 Ὁ
2535 4303 2592 4356 δὲ
2629 4301 2722 4356 τοῦ
2770 4297 2908 4364 εἶναι
2941 4302 3234 4372 ἀλλότριος,
3288 4301 3346 4351 ἐν
3393 4299 3472 4370 τῷ
3515 4294 3640 4350 εἶναι
3678 4295 3770 4346 οὐκ

546 4391 762 4457 asserit,
806 4393 1072 4449 aiienatus
1114 4403 1200 4450 est
1249 4409 1476 4466 prorsus
1511 4399 1580 4453 ab
1608 4415 1674 4454 eo
1718 4401 1862 4470 quod
1915 4402 2118 4455 dicitur

547 4495 683 4538 esse.
739 4484 841 4550 Qui
887 4493 1073 4541 autem
1099 4487 1167 4541 ab
1198 4502 1266 4542 eo
1299 4490 1452 4558 quod
1485 4499 1590 4552 est.
1627 4493 1840 4548 alienus
1867 4503 1971 4557 est,
2007 4511 2116 4549 non

543 4582 628 4629 est
677 4575 732 4630 in
785 4589 928 4632 esse.
963 4576 1072 4634 Sed
1110 4579 1274 4648 hujus
1332 4581 1688 4640 absurditatis
1733 4587 2115 4642 necessitatem

545 4665 778 4723 subinde
817 4667 1026 4724 addidit
1069 4683 1198 4724 cum
1229 4671 1402 4735 dixit,
1434 4671 1570 4726 Cum
1601 4675 1760 4743 hujus
1787 4677 2116 4731 dominatrix

543 4761 772 4815 essentia
800 4761 869 4815 ad
908 4763 1133 4831 seipsam
1175 4766 1400 4819 traxerit
1440 4768 1574 4822 entia
1623 4769 1866 4823 notitiam
1894 4787 1913 4823 :
1959 4770 2125 4839 hujus

546 4860 728 4907 autem
769 4855 1098 4909 inconcinna
1146 4858 1366 4928 quidem
1395 4859 1608 4914 locutio
1651 4861 1872 4916 silentio
1903 4871 2125 4932 praeter-

545 4955 721 5008 eatur,
761 4946 858 5000 sed
897 4947 1042 5016 quod
1093 4948 1146 5002 in
1189 4949 1305 5004 suis
1335 4949 1494 5004 dictis
1531 4953 1830 5014 contendit.
1893 4955 1944 5008 id
1996 4969 2124 5011 vero

544 5039 882 5110 esquiratur.
954 5039 1188 5107 Quinam
1239 5051 1322 5098 est
1369 5045 1587 5100 tandem
1641 5061 1822 5101 sermo
1865 5049 1957 5118 qui
2020 5049 2118 5104 de-

546 5139 813 5186 monstret
867 5129 1044 5188 Patris
1081 5135 1377 5190 essentiam
1443 5136 1736 5208 Unigenito
1801 5138 2120 5194 dominari?

548 5219 760 5277 Rursus
810 5239 875 5279 ex
927 5225 1095 5279 nimia
1152 5227 1455 5296 repletione
1495 5230 1656 5285 nobis
1710 5232 2118 5297 cructat:Quis

547 5314 877 5383 erattgelista
935 5316 1102 5386 hujus
1145 5322 1415 5377 sermonis
1466 5331 1551 5377 est
1591 5323 1818 5377 auctor?
1857 5323 1988 5389 Qum
2033 5324 2118 5376 in-

547 5409 730 5459 cursio
776 5405 1104 5462 dialectica?
1151 5426 1272 5480 qua:
1315 5415 1740 5484 propositiones.
1779 5429 1913 5485 qua:
1985 5430 2110 5486 pro-

627 5579 668 5610 ²¹
705 5577 864 5638 Joan.
900 5599 1028 5646 xvu,
1063 5581 1148 5636 l0.

2224 4399 2389 4452 ἐστιν.
2439 4396 2601 4450 Ἀλλά
2642 4397 2739 4465 τὴν
2777 4395 3023 4466 ἀνάγκην
3053 4395 3152 4465 τῆς
3197 4393 3422 4456 ἀτοπίας
3470 4390 3654 4458 ταύτης
3676 4389 3764 4438 £1:-

2223 4491 2432 4563 ήγαγεν
2450 4487 2638 4549 εἰπὼν.
2670 4486 2786 4553 Τῆς
2813 4487 2908 4541 καὶ
2930 4487 3144 4540 τούτου
3163 4486 3562 4552 acupis-vatione
3581 4479 3766 4540 οὐσίας

2223 4590 2375 4653 πρὸς
2405 4579 2630 4656 ἑαυτὴν
2660 4579 2964 4646 ἑλκούσης
3006 4576 3120 4645 τὴν
3168 4576 3270 4629 τοῦ
3319 4577 3493 4638 ὄντος
3533 4577 3759 4628 ἔννοιαν.

2224 4674 2426 4728 Τούτου
2456 4673 2514 4726 δὲ
2541 4672 2601 4726 τὸ
2631 4671 2730 4741 μὲν
2761 4669 2898 4722 κατὰ
2928 4669 3026 4740 τὴν
3058 4668 3368 4738 σύμφρασιν
3405 4665 3739 4734 ἀσυνάρτητον

2224 4764 2552 4821 σιωπάσθωο
2602 4763 2662 4814 τὸ
2692 4761 2748 4814 δὲ
2773 4759 3204 4829 σπουδαζόμενον
3237 4760 3298 4810 ὲν
3343 4758 3456 4819 τοῖς
3485 4752 3761 4822 λεγομένοις

2222 4856 2578 4922 ἐξεταζέσθω.
2628 4853 2785 4915 Τίνος
2822 4851 3198 4914 ἀποδείξαντος
3228 4849 3385 4916 λόγου
3416 4847 3478 4900 τὸ
3525 4841 3759 4914 κυριεύειν

2221 4950 2316 5004 τοῦ
2359 4946 2695 5014 Μονογενθῦς
2721 4944 2820 5013 τὴν
2853 4942 2949 4995 τοῦ
2996 4943 3208 5013 Πατρος
3250 4939 3435 4993 οὐσίαν
3457 4939 3505 5003 ;⁹
3526 4935 3678 4991 Πάλιν
3708 4931 3759 4981 ὲκ

2222 5046 2319 5105 τῆς
2345 5039 2636 5110 πληθώρας
2654 5038 2785 5106 ἡμῖν
2809 5033 3259 5104 προσερεύγεται·
3285 5032 3381 5095 Τίς
3408 5022 3758 5096 εὐαγγελιστὴς

2221 5135 2409 5191 τούτου
2444 5132 2680 5201 προέστη
2711 5129 2804 5181 τοῦ
2849 5127 3048 5194 Myos;
3095 5127 3190 5187 Τίς
3223 5125 3405 5193 ἔφοδος
3444 5115 3747 5181 διαλεκτικὴς

2223 5229 2381 5282 Ποῖαι
2411 5224 2733 5296 προτάσειςς
2789 5221 2944 5282 Τίνες
2968 5217 3303 5273 κατασκευαὶ
3336 5217 3399 5270 τὺ
3448 5207 3750 5284 κυριεύεςθαι

2222 5319 2312 5372 τὸν
2336 5317 2594 5388 μονογενῆ
2624 5314 2754 5367 Θεὸν
2786 5312 2874 5367 διά
2911 5328 3054 5374 τινος
3097 5309 3418 5372 ἀκολουθίας
3463 5299 3747 5397 ἀπέδειξαν]

2236 5409 2396 5465 Ἀλλὰ
2424 5408 2559 5479 πρὸς
2585 5406 2782 5477 ἑαυτὴν
2803 5404 2972 5467 ἕλκει,
2999 5404 3184 5472 φησὶν,
3227 5403 3260 5472 ὴ
3292 5398 3388 5454 τοῦ
3425 5395 3548 5452 ficii
3570 5395 3750 5460 κυριευ-
