4002 6218
268 168 374 226 867

1393 169 1673 228 CONTRA
1713 163 2105 228 EUNOMIUM,
2145 166 2275 224 LIB.
2317 167 2410 224 XI.

3449 170 3554 228 858

267 284 445 358 ὄχλον.
474 286 540 339 Τί
585 287 693 358 γὰρ
733 286 798 342 ἄν
824 287 984 342 πλέον
1028 287 1278 360 εὑρεθείη
1311 290 1440 358 παρ’
1473 287 1628 358 ἡμῶν
1652 286 1731 348 είς
1758 282 1857 356 τὴν

1970 283 2421 354 reprehensiones
2470 285 2804 349 inducenda,
2864 283 3069 340 frustra
3119 285 3398 342 sustinere
3430 295 3552 342 tur-

264 377 367 450 τῆς
413 381 706 444 κακονοίας
761 381 1055 448 ἀπόδειξιν,
1096 375 1207 435 οἶόν
1237 382 1355 434 ἐστι
1407 380 1469 433 τὸ
1514 382 1578 433 ἐκ
1606 378 1699 432 τοῦ
1730 393 1862 448 προ-

265 470 448 540 χείρου
476 473 607 542 παρ’
641 471 820 525 αὐτῶν
859 474 917 526 ἐν
963 475 1077 537 τοῖς
1103 471 1510 543 γεγραμμένοις
1558 469 1862 524 ἐπιδεικνύ-

268 577 470 632 μενον;
509 561 686 615 Μόνον
744 562 892 628 ἀξιον
946 564 1046 634 τῆς
1081 564 1178 617 τοῦ
1233 565 1440 631 ἀγαθοῦ
1489 560 1862 635 προσηγορίας

266 653 402 726 φησὶ
429 653 520 707 τὸν
541 655 766 726 Πατέρα
785 673 798 686 ·
833 656 982 727 μόνῳ
1020 657 1219 728 ἐκείνῳ
1247 657 1345 727 τὴν
1369 655 1628 726 τοιαύτην
1654 657 1863 708 ἐπωνυ-

271 747 397 820 μίαν
443 746 780 828 ὀφείλεσθαι,
817 748 893 811 ὡς
940 747 1036 800 καὶ⁵
1072 747 1168 801 τοῦ
1213 748 1345 803 Υἱοῦ
1387 745 1771 816 συντιθεμένου
1801 743 1861 797 τὸ

219 904 228 916 ο
268 841 736 912 μόνῳπροσήκειν
762 839 956 911 ἐκείνῳ
968 840 1065 912 τὴν
1080 840 1412 912 ἀγαθότητα.
1440 838 1860 908 ’Δπολελόγηται

265 933 406 1004 ὑπὲρ
436 933 592 1003 ἡμῶν
621 934 650 986 6
678 934 984 1005 κατήγορος
1011 947 1027 964 ’
1071 934 1214 1004 τάχα
1255 933 1365 1004 γάρ
1396 950 1480 996 τις
1515 929 1860 1003 ἐπηρεαστὴς

265 1026 324 1077 ἐν
342 1027 454 1088 τοῖς
486 1025 716 1078 κατόπιν
744 1026 1073 1097 ἐνομιζόμην
1089 1028 1200 1088 τοῖς
1217 1025 1658 1096 ἐντυγχάνουσιν,
1694 1024 1750 1074 ἐν
1777 1016 1859 1084 οἷς

264 1113 617 1167 ἀπεδείκνυον
634 1114 914 1186 ἀλλότριον
941 1118 1040 1186 τῆς
1066 1116 1339 1187 πατρικῆς
1372 1114 1710 1184 ἀγαθότητος
1734 1113 1859 1175 τοὺς

263 1207 670 1277 χριστομάχους
697 1209 1127 1274 κατασκευάζειν
1169 1208 1260 1262 τὸν
1301 1207 1524 1280 Κύριον.
1571 1206 1730 1260 Ἀλλά
1763 1205 1860 1260 νῦν

263 1294 420 1368 οἶμαι
451 1298 541 1352 διὰ
564 1299 665 1370 τῆς
707 1298 816 1352 τῶν
860 1300 1120 1354 ἐναντίων
1151 1299 1444 1371 ὁμολογίας
1483 1299 1859 1368 ἀποδεδεῖχθαι

263 1390 326 1444 τὸ
363 1391 440 1463 μὴ
467 1391 880 1461 συκοφαντικῶς
923 1396 957 1464 η
967 1395 1072 1463 μᾶς
1118 1393 1180 1446 τὺ
1203 1393 1441 1446 τοιοῦτον
1468 1391 1720 1462 ἔγκλημα
1747 1394 1859 1454 τοῖς

264 1483 482 1555 ἐχθροῖς
500 1484 804 1555 ἐπιφέρειν.
853 1485 910 1538 '0
945 1486 1056 1556 γὰρ
1081 1485 1225 1556 μόνῳ
1253 1485 1330 1556 τῷ
1355 1483 1531 1555 Πατρὶ
1561 1486 1679 1537 κατ’
1703 1482 1859 1550 ἀξίαν

262 1571 579 1642 ὀφείλεσθαι
600 1572 695 1626 τοῦ
714 1571 918 1642 ἀγαθοῦ
939 1574 1039 1644 τήν
1061 1573 1375 1644 ἐπωνυμίαν
1401 1573 1592 1641 λέγων,
1618 1572 1858 1642 κάκείνῳ

1968 374 2115 430 bam.
2157 375 2300 442 Quid
2343 377 2488 433 enim
2535 378 2772 447 amplius
2813 392 2843 431 a
2892 377 3052 433 nobis
3107 377 3336 431 inveniri
3379 377 3554 448 possit

1965 467 2033 522 ad
2080 469 2479 524 malevolentia:
2518 469 3066 531 demonstrationem,
3111 485 3278 539 quam
3310 469 3455 540 quod
3495 471 3551 524 in

1962 569 2220 628 promptu
2252 559 2321 613 ab
2355 559 2494 628 ipsis
2531 560 2585 613 in
2631 560 2852 629 scriptis
2883 561 3212 625 ostenditur,
3249 562 3426 616 solum
3458 578 3556 633 ap-

1961 651 2257 722 pellatione
2283 651 2411 706 boni
2461 652 2686 722 dignum
2719 651 2932 707 Patrem
2958 635 3131 709 esse?
3161 652 3241 707 llli
3284 655 3412 719 soli,
3449 656 3551 718 ait,

1962 743 2128 798 talem
2173 743 2596 813 appellationem
2650 743 2860 806 deberi,
2908 754 2963 799 ut
3013 744 3154 800 Filio
3200 748 3366 802 etiam
3418 747 3554 802 asti-

1962 834 2183 904 pulante
2231 834 2306 889 illi
2345 834 2446 888 soli
2498 835 2714 889 bonitas
2750 843 3044 904 competat.
3087 837 3192 891 Pro
3217 838 3374 893 nobis
3409 854 3550 893 cau-

1962 941 2080 982 sam
2130 926 2243 996 egit
2309 934 2632 994 accusator;
2685 926 2942 982 fortassis
2996 928 3142 982 enim
3210 931 3554 1001 schphanta

1967 1018 2191 1088 quidam
2239 1026 2293 1074 et
2325 1019 2696 1074 calumniator
2739 1019 3042 1076 lectoribus
3087 1021 3444 1077 existimabar
3495 1025 3553 1079 in

1965 1110 2050 1163 his
2098 1125 2219 1179 quae
2252 1109 2406 1180 prius
2454 1125 2482 1163 a
2513 1125 2599 1164 me
2625 1109 2830 1180 scripta
2855 1118 3006 1175 sunt,
3049 1111 3326 1182 inquibus
3348 1112 3554 1169 Christi

1962 1210 2373 1272 oppugnatores
2425 1201 2716 1257 Dominum
2747 1203 2984 1257 alienum
3028 1211 3082 1258 et
3125 1213 3398 1257 semotum
3431 1219 3554 1259 esse

1961 1308 1990 1346 a
2020 1302 2246 1363 paterna
2289 1295 2536 1349 bonitate
2563 1302 2901 1364 przestruere
2934 1294 3400 1351 demonstrabam.
3445 1295 3552 1350 Sed

1966 1399 2116 1439 nunc
2159 1387 2359 1455 Opinor
2395 1401 2493 1456 per
2523 1385 2964 1442 adversariorum
3005 1387 3414 1443 confessionem
3459 1388 3556 1442 de-

1963 1485 2332 1532 monstratum
2361 1493 2504 1539 esse,
2543 1493 2650 1531 non
2685 1477 2957 1534 malitiose
2990 1487 3044 1531 et
3072 1479 3414 1534 calumniose
3451 1494 3554 1534 nos

1963 1567 2070 1621 tale
2112 1568 2321 1622 crimen
2364 1567 2606 1622 inimicis
2653 1567 2876 1623 inferre.
2926 1567 3028 1635 Qui
3075 1569 3220 1624 enim
3273 1571 3374 1624 soli
3407 1569 3553 1625 Patri

266 1663 416 1734 μόνῳ
443 1663 742 1734 προσήκειν
759 1661 928 1717 είπὼν
949 1662 1048 1734 τὴν
1067 1661 1322 1734 τοιαύτην
1347 1663 1553 1735 φωνὴν,
1575 1661 1673 1732 τὴν
1707 1679 1863 1733 περι-

1970 1673 2064 1727 pro
2121 1659 2392 1730 dignitate
2424 1660 2576 1714 'boni
2625 1661 3047 1730 appellationem
3095 1662 3282 1717 deberi
3333 1664 3552 1726 asserit,

263 1753 608 1826 εσταλμένην
636 1755 695 1806 ἐν
723 1757 837 1817 τοῖς
887 1755 1192 1825 προάγουσι
1235 1754 1498 1825 πονηρίαν
1549 1754 1644 1807 νῦν
1667 1755 1862 1808 ἀνακε-

263 1846 608 1917 καλυμμένῳ
659 1845 974 1915 δημοσιεύει
1027 1845 1104 1917 τῷ
1145 1846 1309 1917 λόγῳ.
1369 1847 1532 1918 Μόνῳ
1599 1847 1733 1917 φησὶ
1785 1847 1862 1917 τῷ

263 1937 446 2008 Πατρὶ
469 1937 773 2008 προσήκειν
831 1935 925 1990 τοῦ
965 1936 1171 2006 ἀγαθοῦ
1211 1938 1309 2008 τὴν
1343 1938 1679 2008 ἐπωνυμίαν.
1716 1934 1865 2010 τΔρα

266 2029 413 2100 μετά
439 2029 536 2099 τῆς
559 2029 889 2100 ἐγκειμένης
905 2031 969 2100 τῇ
989 2031 1140 2101 φωνῇ
1165 2029 1460 2100 σημασίας,
1488 2029 1521 2100 ἦ
1545 2029 1862 2100 διεζευγμέ-

259 2138 368 2192 νην
410 2123 511 2192 τῆς
537 2122 744 2185 οἰκείας
789 2121 1083 2193 ἐμφάσεως
1107 2140 1124 2188 ς
1159 2123 1220 2176 Ei
1255 2123 1352 2193 μὲν
1375 2119 1468 2176 οὖν
1495 2123 1555 2175 τὸ
1579 2123 1747 2194 ὄνομα
1768 2122 1862 2175 τοῦ

261 2213 481 2282 ἀγαθοῦ
513 2215 675 2286 μόνον
712 2213 998 2285 ἀνατίθησι
1057 2213 1135 2285 τῷ
1178 2215 1357 2286 Πατρὶ
1387 2215 1508 2269 κατ’
1560 2214 1859 2287 ἐξαίρετον,

261 2308 502 2375 ἐλεεινὸς
521 2309 588 2364 ἂν
611 2306 695 2378 εἴη
742 2307 843 2378 τῆς
877 2307 1122 2375 ἀλογίας,
1155 2308 1398 2378 ῥήματος
1419 2307 1666 2361 διακένου
1695 2308 1865 2378 ψόφον

259 2400 348 2470 τῷ
361 2401 538 2471 Πατρὶ
554 2397 932 2470 χαριζόμενος.
960 2400 1020 2452 Εἰ
1044 2399 1100 2452 δὲ
1135 2398 1195 2452 τὸ
1214 2398 1390 2470 νόημα
1417 2399 1477 2452 τὸ
1495 2399 1582 2453 διὰ
1609 2399 1702 2452 τοῦ
1725 2402 1865 2469 ἀγα-

259 2490 370 2545 θοῦ
410 2491 832 2562 σημαινόμενον,
871 2486 1019 2563 μόνῳ
1039 2492 1336 2563 προσήκειν
1351 2489 1523 2545 οἴεται
1545 2491 1622 2562 τῷ
1637 2491 1754 2561 Θεῷ
1772 2491 1866 2544 καὶ

261 2582 473 2652 Πατρὶ,
500 2581 784 2652 βδελυκτδς
815 2582 882 2636 ἂν
900 2584 982 2654 εἴη
1003 2584 1105 2654 τῆς
1129 2583 1524 2649 ἀσεϐείας,τῶν
1548 2583 1866 2654 Μανιχαίων

259 2672 372 2744 τὴν
394 2673 551 2726 νόσον
579 2672 673 2726 ἐπὶ
713 2672 821 2726 τῶν
845 2672 990 2726 ἰδίων
1009 2671 1295 2742 δογμάτων
1323 2671 1736 2744 ἀνανεούμενος.
1779 2673 1867 2737 Ὠς

261 2765 382 2838 γὰρ
407 2766 569 2834 ὑγεία
583 2765 677 2818 καὶ
705 2765 880 2830 νόσος,
904 2763 1080 2828 οὓτως
1110 2766 1203 2819 καὶ
1217 2765 1491 2836 ἀγαθότης
1509 2765 1602 2818 καὶ
1632 2765 1867 2837 πονηρία

259 2860 394 2922 ταῖς
424 2857 668 2929 ἀλλήλων
713 2859 1024 2930 ἀναιρέσεσι
1080 2859 1551 2931 παρυφίστανταιθ
1583 2858 1722 2912 ὥστε
1768 2859 1868 2931 τὴν

261 2949 364 3003 τοῦ
402 2949 524 3013 ἐνὸς
567 2949 856 3016 ἀπουσίαν,
896 2949 1131 3021 ὓπαρξιν
1158 2949 1251 3004 τοῦ
1291 2950 1478 3022 ἐτέρου
1505 2950 1770 3019 γίνεσθαι.
1804 2951 1867 3004 Ei

259 3037 365 3096 οὖν
400 3041 551 3111 μόνῳ
572 3039 650 3112 τῷ
693 3041 869 3111 Πατρὶ
905 3041 1205 3114 προσήκειν
1235 3040 1382 3110 λέγει
1405 3041 1504 3112 τὴν
1532 3040 1865 3111 ἀγαθότητα,

262 3131 558 3187 ἀποκλείει
589 3131 792 3204 ταύτης
818 3133 924 3186 πᾶν
949 3133 977 3185 ὃ
1001 3150 1053 3186 τι
1071 3133 1335 3204 πάρεστιν
1361 3133 1418 3185 ἐν
1439 3134 1552 3196 τοῖς
1573 3127 1690 3185 οὖσι
1718 3131 1869 3202 παρά

260 3225 364 3278 τὸν
392 3223 618 3296 Πατέρα
653 3223 965 3294 νοούμενον,
997 3223 1136 3277 ὥστε
1160 3225 1274 3288 τοῖς
1310 3225 1444 3278 πᾶσι
1477 3225 1570 3278 καὶ
1593 3224 1682 3277 τὸν
1707 3240 1868 3295 μονοη

263 3317 409 3388 γενῆ
463 3316 600 3370 Θεὸν
633 3314 726 3370 τοῦ
778 3315 986 3386 ἀγαθοῦ
1035 3316 1512 3388 συναπείργεσθαι.
1559 3318 1648 3382 Ὧς
1696 3316 1806 3389 γὰρ
1841 3318 1870 3370 6

268 3409 443 3476 μόνον
467 3407 787 3475 γελαστικὸν
807 3402 950 3461 εἶναι
969 3398 1144 3476 λέγων
1160 3408 1250 3461 τὸν
1282 3407 1590 3481 ἄνθρωπον,
1614 3407 1674 3462 τὺ
1705 3409 1869 3479 μηδὲν

263 3497 382 3551 τῶν
417 3497 626 3553 λοιπῶν
654 3498 809 3564 ζώων
841 3499 1217 3570 τῆςίδιότητος
1241 3498 1444 3570 ταύτης
1476 3500 1724 3571 μετέχειν
1755 3517 1874 3554 συν-

265 3589 623 3656 ενεδείξατοο
675 3589 850 3654 οῦτως
881 3593 910 3645 6
954 3594 1012 3644 ἐν
1069 3591 1215 3663 μόνῳ
1246 3591 1325 3664 τῷ
1367 3593 1543 3665 Πατρὶ
1571 3593 1632 3646 τὸ
1668 3591 1872 3661 ἀγαθὸν

266 3677 420 3738 εἶναι
468 3682 914 3754 ἀποφηνάμενος,
965 3683 1189 3756 χωρίζει
1213 3683 1284 3737 τὰ
1309 3685 1485 3739 πάντα
1514 3685 1616 3756 τῆς
1644 3684 1787 3738 κατά
1812 3685 1872 3738 τὸ

266 3773 488 3843 ἀγαθὸν
525 3773 807 3846 ἰδιότητος.
853 3776 918 3828 Ei
964 3769 1058 3830 οὖν
1104 3775 1265 3847 μόνος
1292 3777 1320 3830 ό
1346 3775 1538 3848 Πατήρ
1567 3779 1689 3830 κατ’
1713 3777 1872 3843 ἀξίαν

266 3867 638 3939 ὀφειλομένην
677 3867 794 3939 ἔχει
827 3867 920 3922 τοῦ
964 3867 1172 3938 ἀγαθοῦ
1202 3867 1302 3939 τὴν
1325 3867 1662 3939 ἐπωνυμίαν,
1691 3867 1873 3933 καθώς

267 3980 450 4036 φησιν
482 3963 513 4016 ὁ
539 3963 822 4034 Εὑνόμιος,
857 3962 1031 4016 οὐδενὶ
1061 3961 1171 4017 τῶν
1203 3961 1380 4016 ἀλλων
1406 3965 1439 4034 ἡ
1465 3961 1688 4033 τοιαύτη
1719 3963 1873 4034 φωνὴ

269 4056 489 4130 κυρίως
517 4054 1022 4128 ἐφαρμοσθήσεται.
1070 4056 1228 4111 Πᾶσα
1263 4056 1321 4110 δὲ
1363 4055 1682 4128 προαίρεσις
1706 4058 1874 4128 ὁρμη-

266 4148 430 4218 τικὴ,
463 4147 595 4218 ήτοι
624 4145 768 4200 κατά
787 4145 849 4200 τὸ
869 4145 1073 4216 ἀγαθὸν
1095 4149 1398 4220 ἐνεργεῖται
1422 4147 1656 4211 πάντως,
1686 4147 1875 4220 ἢπρὸς

265 4241 337 4295 τὸ
396 4238 775 4310 ἀντικείμενον
819 4239 1066 4311 φέρεται.
1123 4240 1200 4294 Τὸ
1245 4239 1354 4312 γὰρ
1400 4239 1536 4312 πρὸς
1587 4239 1873 4311 οὐθέτερον

1963 1761 2018 1804 et
2060 1752 2222 1805 talem
2266 1767 2457 1806 vocem
2505 1751 2580 1805 illi
2625 1753 2726 1805 soli
2771 1756 3066 1808 convenire
3093 1756 3186 1824 qui
3223 1755 3383 1819 dixit,
3419 1769 3554 1810 con-

1966 1849 2194 1896 tractam
2215 1842 2267 1895 in
2292 1841 2734 1911 praecedentibus
2757 1843 3165 1913 improbitatem
3195 1862 3339 1900 nunc
3364 1855 3554 1917 aperto

1965 1942 2020 1988 et
2063 1937 2309 1988 revelato
2357 1948 2609 1990 sermone
2663 1934 2928 2005 publicat.
2987 1935 3100 1990 Soli
3159 1938 3340 2008 inquit
3400 1937 3552 1992 Patri

1965 2029 2258 2084 convenire
2302 2029 2430 2082 boni
2474 2029 3002 2085 denominationem.
3053 2029 3246 2085 Utrum
3300 2047 3425 2087 cum
3462 2033 3552 2088 in-

1966 2123 2069 2178 sita
2110 2123 2233 2178 voci
2265 2121 2697 2192 signiﬁcatione,
2737 2136 2805 2176 an
2841 2138 2977 2178 vero
3009 2123 3340 2192 disjunctam
3377 2139 3405 2178 a
3432 2141 3556 2195 pro-

1967 2215 2087 2286 prio
2121 2213 2477 2284 significato?
2506 2213 2563 2267 Si
2605 2213 2777 2284 igitur
2811 2215 2990 2270 solum
3013 2214 3140 2270 boui
3172 2232 3368 2270 nomen
3401 2215 3551 2272 Patri

1967 2307 2218 2362 attribuit
2265 2322 2364 2377 per
2417 2307 2826 2372 excellentiam,
2879 2307 3214 2364 miserabilis
3269 2308 3434 2364 fuerit
3483 2310 3556 2364 ob

1967 2398 2321 2465 dementiam,
2345 2398 2528 2453 inanis
2550 2398 2699 2453 verbi
2726 2399 3014 2469 strepitum
3049 2399 3196 2454 Patri
3215 2402 3552 2471 gratiﬁcans.

1967 2491 2122 2558 Quod
2166 2493 2210 2546 si
2249 2492 2528 2546 notionem
2574 2505 2698 2560 qua:
2748 2490 2874 2545 boni
2925 2492 3148 2546 nomine
3191 2493 3552 2563 significatur,

1968 2580 2072 2634 soli
2119 2577 2227 2633 Deo
2265 2589 2320 2634 et
2373 2578 2523 2633 Patri
2569 2579 2865 2635 convenire
2905 2589 3080 2652 putat,
3117 2583 3471 2639 exsecrabilis
3499 2592 3556 2638 et

1969 2673 2374 2728 abominandus
2433 2673 2598 2729 fuerit
2644 2674 2943 2744 impietatis
2995 2691 3182 2739 causa,
3218 2683 3277 2730 ut
3312 2677 3404 2745 qui
3438 2677 3553 2730 Μαί

1969 2766 2309 2820 nichzeorum
2346 2766 2598 2820 morbum
2641 2765 2696 2820 in
2753 2766 2870 2822 suis
2909 2766 3150 2822 decretis
3194 2777 3421 2823 renovet
3497 2777 3556 2822 ut

1968 2857 2366 2912 enim~sanitas
2399 2865 2452 2912 et
2485 2858 2744 2921 morbus,
2778 2858 2859 2912 sic
2902 2858 3118 2913 bonitas
3145 2867 3198 2912 et
3231 2850 3556 2929 improlﬂtas

1970 2950 2181 3005 mutuis
2208 2951 2623 3008 sublationibus
2650 2951 2970 3008 subsistunt
2999 2942 3126 3009 {ita
3163 2962 3222 3006 ut
3258 2954 3421 3008 unius
3455 2955 3555 3006 ah-

1973 3043 2187 3110 sentia,
2225 3043 2454 3097 alterius
2485 3044 2814 3099 exsistentia
2851 3043 2963 3098 fiat.
3003 3043 3144 3115 Ergo
3177 3046 3222 3100 si
3262 3042 3411 3098 Patri
3451 3045 3556 3100 soli

1971 3133 2275 3188 bonitatem
2340 3142 2594 3188 autumat
2644 3134 2982 3200 convenire,
3035 3135 3105 3188 ab
3161 3134 3263 3187 hac
3314 3136 3558 3189 excludit

1972 3226 2241 3296 quidquid
2275 3227 2328 3280 in
2360 3241 2545 3280 rerum
2579 3235 2776 3280 natura
2808 3227 3155 3298 intelligitur,
3191 3236 3424 3298 excepto
3454 3227 3556 3281 Pa-

1973 3327 2077 3373 tre.
2125 3316 2202 3372 fta
2240 3326 2299 3372 ut
2337 3333 2463 3374 cum
2500 3319 2760 3375 omnibus
2803 3319 2970 3374 etiam
3001 3321 3320 3390 unigenitus
3353 3321 3496 3376 Deus
3526 3336 3557 3374 a

1973 3411 2122 3467 bono
2156 3410 2524 3467 excludatur:
2560 3420 2621 3466 ut
2649 3412 2795 3468 enim
2837 3412 2935 3482 qui
2974 3412 3110 3468 dicit
3152 3413 3330 3468 solum
3381 3414 3557 3468 homi-

1972 3519 2096 3559 nem
2130 3505 2265 3559 risui
2310 3512 2498 3574 aptum
2541 3518 2667 3560 esse
2704 3512 2904 3558 natura
2927 3545 2941 3566 .
2973 3505 3185 3559 nullum
3217 3505 3554 3575 reliquorum

1974 3596 2293 3650 animalium
2325 3595 2494 3665 hujus
2529 3596 2885 3666 proprietatis
2919 3597 3197 3666 particeps
3233 3611 3357 3651 esse
3387 3596 3556 3652 simul

1972 3687 2419 3744 demonstravit:
2457 3688 2539 3741 sic
2573 3687 2666 3756 qui
2717 3686 2770 3740 in
2814 3685 2975 3742 Patre
3009 3687 3130 3741 solo
3176 3685 3380 3740 bonum
3433 3702 3558 3742 esse

1974 3777 2391 3849 pronuntiavit,
2419 3777 2602 3832 omnia
2638 3785 2861 3847 separat
2890 3793 2918 3830 a
2949 3777 3284 3848 proprietate
3315 3777 3467 3832 boni.
3499 3777 3556 3833 Si

1975 3869 2145 3941 igitur
2173 3867 2326 3924 solus
2350 3866 2515 3922 Pater
2543 3882 2644 3938 pro
2669 3868 2939 3938 dignitate
2965 3868 3204 3923 debitam
3234 3869 3398 3924 habet
3431 3869 3566 3936 bonil

1975 3961 2408 4016 nominationem
2430 4000 2444 4023 ,
2478 3960 2625 4016 sicut
2653 3960 2732 4015 ait
2761 3958 3067 4014 Eunomius
3087 3998 3103 4022 ,
3138 3957 3276 4013 nulli
3320 3957 3566 4012 aliorum'

1973 4067 2079 4108 vox
2107 4053 2232 4108 talis
2264 4052 2483 4124 proprie
2509 4052 2899 4123 applicabitur.
2927 4049 3121 4106 Omnis
3147 4059 3329 4106 autem
3361 4052 3560 4108 electio

1974 4159 2098 4216 quae
2133 4154 2285 4200 motu
2316 4144 2636 4198 voluntario
2667 4142 2864 4208 fertur,
2899 4145 2984 4199 vel
3015 4143 3317 4199 secundum
3352 4125 3560 4199 bonum

1975 4250 2204 4307 prorsus
2248 4243 2532 4304 operatur,
2576 4233 2663 4288 vel
2706 4233 2773 4288 ad
2806 4233 3146 4288 contrarium
3184 4233 3379 4290 fertur.
3422 4232 3559 4288 Nam

267 4325 606 4398 ἐπιρρεπῶς
644 4327 810 4398 ἔχειν,
845 4327 881 4399 ἢ
921 4328 1030 4382 τῶν
1071 4327 1295 4400 ἀψύχων
1327 4330 1481 4392 ἴδιον,
1519 4328 1554 4400 ἢ
1586 4330 1695 4382 τῶν
1722 4330 1867 4383 ἀναια-

1979 4328 2046 4380 ad
2097 4335 2354 4382 neutrum
2404 4325 2781 4396 propendere,
2830 4325 2914 4380 vel
2964 4342 3154 4381 eorum
3200 4343 3321 4396 quae
3371 4336 3561 4382 carent

268 4421 505 4492 σθήτων
534 4419 700 4474 ἐστίν.
731 4422 794 4474 Ei
824 4421 1008 4477 τοίνυν
1037 4421 1198 4493 μόνος
1231 4425 1260 4476 6
1297 4423 1488 4495 Πατὴρ
1512 4421 1734 4492 ἀγαθὸς,
1774 4423 1876 4476 οὐκ

266 4513 578 4584 ἐπίκτητον
610 4512 772 4584 ἔχων,
806 4512 921 4566 ἀλλ’
947 4515 1005 4567 ἐν
1025 4515 1092 4585 τῇ
1131 4513 1292 4584 φύσει
1315 4514 1413 4584 τὴν
1441 4514 1773 4584 ἀγαθότητα.
1812 4513 1874 4567 οὐ

266 4607 534 4660 κοινωνεί
553 4604 610 4658 δὲ
630 4603 711 4676 τῷ
730 4605 903 4677 Πατρὶ
927 4606 1026 4678 τῆς
1042 4607 1258 4677 φύσεως
1284 4609 1313 4662 6
1340 4607 1492 4674 Υἱὸς,
1519 4607 1701 4671 καθὼς
1729 4610 1761 4677 ὴ
1792 4607 1877 4660 αἴ-

272 4714 441 4768 ρεσις
476 4697 753 4767 βούλεται’
789 4701 818 4752 6
841 4701 942 4769 τῆς
985 4697 1200 4770 ἀγαθῆς
1231 4699 1419 4764 οὐσίας
1456 4699 1741 4771 ἀμέτοχος,
1781 4699 1876 4753 καὶ

265 4789 385 4859 τῆς
413 4787 510 4841 τοῦ
539 4787 745 4856 ἀγαθοῦ
788 4788 1006 4853 πάντως
1040 4791 1356 4860 ἐπωνυμίας
1396 4789 1873 4861 συνηλλοτρίωται.

281 4881 356 4934 ’0
384 4879 442 4933 δὲ
475 4880 612 4951 μήτε
637 4881 735 4951 τῆς
773 4880 988 4950 φύσεως
1023 4881 1118 4935 τοῦ
1156 4881 1387 4950 ἀγαθοῦ,
1432 4883 1569 4953 μήτε
1597 4881 1694 4952 τῆς
1733 4882 1876 4936 ἐπω·

263 4971 490 5042 νυμίας
551 4972 816 5041 μετέχων,
859 4971 961 5024 οὐκ
1008 4972 1284 5039 ἀγνοεῖται
1321 4972 1540 5034 πάντως
1565 4971 1713 5034 ὅστις
1736 4970 1870 5036 ἐστὶ,

266 5063 393 5117 κᾶν
423 5061 536 5130 ἐγὼ
597 5048 872 5134 φείσωμαι
925 5061 1018 5117 τοῦ
1044 5063 1364 5135 βλασφήμου
1393 5063 1675 5133 ὀνόματος.
1708 5063 1877 5116 Παντὶ

263 5157 400 5227 γΞιρ
418 5154 581 5225 δῆλόν
610 5157 757 5210 ἐστιν
790 5157 872 5210 ὄτι
913 5156 976 5211 τὸ
1003 5157 1242 5228 πονηρόν
1275 5174 1336 5209 τε
1376 5154 1470 5210 καὶ
1503 5155 1876 5225 ἀντικείμενον

263 5252 368 5312 εἰς
414 5249 517 5318 τὴν
556 5247 652 5302 τοῦ
683 5248 815 5303 Υίοῦ
854 5249 1061 5303 ἐννοιαν
1114 5247 1487 5320 ὑποϐληθῆναι
1525 5245 1822 5316 φιλονεικεῖ
1849 5247 1878 5299 ό

263 5340 573 5410 Εὖνόμιος.
624 5340 682 5395 '0
715 5341 825 5412 γὰρ
870 5340 946 5412 μὴ
975 5340 1197 5410 ἀγαθὸς,
1232 5342 1368 5414 πρὸς
1402 5342 1552 5394 ποῖον
1583 5339 1755 5409 ὄνομα
1796 5339 1876 5391 oi-

261 5434 457 5497 κείως
477 5433 614 5504 ἔχει,
665 5434 827 5488 παντὶ
877 5435 1110 5508 φανερὸν
1163 5434 1241 5506 τῷ
1283 5434 1519 5498 διανοίας
1571 5431 1872 5504 μετέχοντι.

279 5531 393 5588 Ὡς
423 5526 535 5599 γὰρ
592 5529 621 5580 6
671 5527 746 5598 μὴ
796 5528 1061 5599 ἀνδρεῖος,
1088 5527 1284 5593 δειλὸς,
1319 5527 1414 5580 καὶ
1452 5527 1482 5580 6
1513 5525 1587 5598 μὴ
1643 5525 1872 5592 δίκαιος,

257 5623 500 5686 εδικος.
549 5622 642 5675 καὶ
690 5623 718 5676 6
756 5621 829 5694 μή
884 5622 1040 5693 σοςςδς
1072 5621 1259 5694 ἄφρων
1304 5621 1676 5685 ἐστίν-οὓτως
1712 5621 1805 5676 καὶ
1846 5622 1874 5675 ὀ

1978 4419 2159 4474 anima
2189 4421 2474 4489 proprium
2504 4423 2618 4481 est,
2647 4417 2735 4473 vel
2767 4433 2960 4473 eorum
2993 4433 3114 4489 quae
3143 4435 3309 4474 sensu
3341 4421 3562 4488 privan-

1977 4519 2087 4567 tur.
2118 4511 2178 4567 Si
2205 4512 2374 4582 igitur
2401 4511 2556 4566 solus
2589 4508 2754 4566 Pater
2779 4510 2960 4567 bonus
2979 4550 2994 4574 ,
3028 4525 3137 4566 non
3166 4510 3520 4566 adventitiam
3543 4553 3559 4576 ,

1977 4605 2072 4661 sed
2107 4612 2304 4658 natura
2349 4603 2573 4659 insitam
2625 4603 2837 4659 habens
2882 4602 3214 4666 bonitatem,
3245 4618 3356 4658 non
3407 4618 3563 4656 eom-

1977 4711 2200 4752 munem
2230 4704 2415 4752 autem
2448 4711 2574 4751 cum
2611 4694 2773 4751 Patre
2801 4694 3015 4750 obtinet
3050 4704 3302 4748 naturam
3347 4692 3560 4759 Filius,

1977 4790 2124 4847 sicut
2157 4791 2274 4844 vult
2311 4789 2539 4846 haaresis
2566 4807 2581 4846 :
2615 4789 2710 4860 qui
2747 4789 2904 4843 bonae
2937 4786 3190 4844 essentia:
3223 4795 3307 4842 est
3335 4801 3562 4851 exsors,

1975 4893 2031 4939 et
2066 4898 2094 4938 a
2146 4883 2273 4938 boni
2316 4883 2484 4938 etiam
2528 4883 2913 4937 nominatione
2953 4896 3184 4952 prorsus
3210 4891 3296 4938 est
3326 4881 3560 4935 alienus.

1975 4973 2078 5041 Qui
2122 4985 2302 5031 autem
2330 4989 2510 5046 neque
2533 4975 2666 5030 boni
2695 4987 2906 5031 naturae
2929 5015 2944 5040 ,
2977 4991 3157 5046 neque
3181 4975 3565 5046 appellationis

1976 5078 2062 5125 est
2093 5069 2394 5140 particeps,
2424 5083 2532 5124 non
2562 5069 2814 5139 profecto
2842 5069 3129 5140 ignoratur
3155 5068 3411 5138 quisnam
3440 5075 3526 5120 est
3545 5106 3562 5132 ,

1975 5161 2193 5218 etiamsi
2222 5176 2324 5232 ego
2354 5161 2620 5216 maledico
2643 5170 2696 5216 et
2718 5161 2884 5231 impio
2909 5161 3112 5214 nomini
3145 5174 3386 5228 parcam.
3432 5158 3566 5212 Cui-

1974 5253 2061 5309 vis
2103 5253 2250 5308 enim
2299 5253 2656 5308 manifestum
2694 5261 2812 5317 est,
2850 5251 3000 5322 quod
3045 5250 3353 5322 improbum
3403 5249 3567 5322 quid-

1977 5344 2102 5400 dam
2144 5351 2199 5400 et
2246 5346 2588 5398 contrarium
2634 5345 2689 5398 in
2737 5343 2862 5398 Filii
2901 5344 3184 5398 notionem
3235 5343 3568 5399 submittere

1978 5436 2216 5508 maligne
2245 5437 2530 5491 contendit
2564 5436 2891 5493 Eunomius.
2925 5436 3028 5504 Qui
3063 5437 3209 5492 enim
3244 5451 3352 5492 non
3385 5435 3568 5492 bonus

1976 5535 2064 5584 est
2083 5568 2098 5593 ,
2130 5543 2240 5599 quo
2273 5529 2498 5584 nomine
2526 5529 2597 5584 sit
2624 5531 2846 5600 proprie
2871 5529 3253 5602 appellandus,
3273 5529 3450 5585 cuivis
3477 5543 3567 5583 ra-

1979 5620 2148 5678 tionis
2195 5619 2486 5679 discursus
2532 5621 2791 5696 participi
2841 5623 3195 5697 pcrspicuum
3244 5631 3350 5680 cst.
3407 5620 3565 5678 Sicut
