4002 6218
491 234 597 290 863

1725 226 1782 282 S.
1820 224 2143 281 GBEGORII
2183 224 2471 280 NYSSENI

3635 224 3727 280 861

491 367 614 407 esse
649 347 838 412 Deum,
865 347 1138 418 quomodo
1174 346 1222 400 is
1251 345 1347 416 qui
1386 344 1498 400 Deo
1533 346 1832 402 bonitatem
1865 363 2064 404 conve-

2168 348 2319 418 ήκειν
2367 347 2466 418 τὴν
2496 345 2810 418 ἀγαθότητα
2835 347 3034 417 λέγων,
3073 347 3170 419 τῆς
3198 344 3513 416 ἐπωνυμίας
3541 343 3726 414 ταύτης

493 443 612 496 nire
655 441 810 504 dicit,
871 441 940 494 ab
990 439 1092 493 hac
1143 438 1506 512 appellatione
1552 437 1675 493 Filii
1725 439 2063 494 divinitatem

491 534 724 588 alienam
773 546 896 586 esse
935 530 1318 585 demonstrat?
1363 531 1664 600 prwsertim
1702 545 1826 585 cum
1877 530 2065 586 Domi-

492 641 599 680 nus
633 625 734 680 sibi
773 624 977 678 bonum
1017 621 1301 686 attribuat,
1354 622 1408 676 in
1454 622 1711 692 parabola
1751 637 1940 676 eorum
1972 621 2066 693 qui

493 715 744 770 mercede
774 712 1030 768 conducti
1066 720 1195 767 sunt
1237 713 1289 766 in
1320 713 1555 767 vineam.
1599 710 1736 768 Cum
1768 713 1914 768 enim
1954 713 2067 767 illic

491 807 585 875 qui
620 805 775 875 prius
808 802 1065 858 conducti
1109 801 1294 858 labore
1343 802 1544 857 defessi
1598 811 1774 866 erant,
1819 803 2069 874 indigna-

491 905 685 952 rentur
719 897 791 952 ob
829 895 1098 951 mercedis
1137 895 1542 964 aequalitatem,
1593 893 1963 962 mulctamque
2014 901 2070 950 et

493 987 752 1042 damnum
781 986 1064 1056 proprium
1105 984 1438 1055 iudicarent,
1473 1000 1586 1039 rem
1635 999 1664 1038 a
1695 986 1906 1041 caeteris
1936 1000 2067 1055 0pc-

493 1079 656 1133 rariis
695 1092 954 1147 prospere
1003 1084 1236 1147 gestam,
1273 1091 1462 1130 eorum
1493 1077 1586 1146 qui
1633 1091 1776 1146 aegre
1819 1077 2067 1133 ferebant

494 1169 588 1222 uni
629 1169 764 1223 dixit
787 1167 972 1237 justus
1004 1167 1168 1236 judex
1195 1182 1208 1218 :
1241 1167 1442 1228 Amice,
1485 1184 1586 1220 non
1619 1167 1758 1235 {acia
1782 1168 1879 1221 tibi
1922 1169 2068 1237 inju-

495 1261 652 1322 riam,
704 1275 873 1311 nonne
916 1257 1135 1310 denario
1173 1257 1363 1309 diurno
1421 1265 1588 1310 tecum
1643 1259 1895 1314 conveni?
1943 1257 2071 1312 Ecce

496 1352 654 1405 habes
693 1350 830 1419 quod
885 1359 1031 1402 tuum
1074 1358 1151 1402 est
1190 1365 1207 1402 :
1242 1347 1356 1403 volo
1411 1357 1584 1401 autem
1630 1357 1680 1402 et
1723 1349 1842 1402 huic
1882 1349 2069 1402 ultimo

498 1453 699 1496 tantum
736 1441 865 1495 dare
908 1453 1164 1510 quantum
1218 1440 1331 1492 tibi.
1384 1439 1571 1493 Annon
1632 1439 1793 1494 habeo
1837 1449 2071 1508 potesta.

498 1545 596 1587 tem
627 1535 680 1586 in
711 1533 837 1586 meis
878 1531 1106 1602 faciendi
1137 1530 1273 1600 quod
1305 1531 1463 1586 volo?
1491 1529 1571 1582 An
1602 1519 1782 1583 oculus
1828 1540 1948 1584 tuus
1982 1547 2070 1584 ne-

494 1641 652 1696 quam
692 1633 792 1684 est.
853 1624 980 1692 quia
1024 1639 1116 1691 ego
1160 1621 1322 1674 bonus
1367 1622 1567 1675 sum“?
1614 1619 1806 1674 Nullus
1841 1636 2068 1690 prorsus

494 1689 562 1771 de
602 1717 705 1770 hoc
728 1689 1017 1769 ambitiose
1046 1689 1360 1778 contendet,
1388 1711 1535 1782 quod
1564 1727 1626 1767 ea
1671 1727 1792 1782 qua:
1816 1689 1914 1781 pro
1956 1727 2068 1766 me-
2103 1689 2140 1743 Β

496 1806 620 1861 litis
651 1813 706 1860 et
743 1805 1012 1875 dignitate
1063 1804 1120 1857 fit
1166 1803 1507 1869 distributio,
1557 1803 1837 1873 proprium
1867 1803 2068 1872 judiris

495 1913 697 1952 munus
721 1905 837 1963 est;
886 1895 1228 1966 unigenitum
1254 1902 1437 1950 autem
1469 1893 1637 1950 Deum
1669 1894 1910 1963 judicem
1949 1910 2070 1950 esse

494 2003 687 2044 omnes
715 1987 994 2058 Evangelii
1025 1986 1277 2057 discipuli
1309 1985 1731 2055 adstipulan'ur.
1768 1984 1950 2050 Pater,
1980 1987 2068 2040 in-

495 2085 636 2151 quit,
666 2099 766 2135 non
791 2082 997 2152 judicat
1027 2096 1356 2150 quemquam,
1399 2081 1491 2132 sed
1516 2096 1666 2134 omne
1690 2078 1950 2146 judicium
1976 2079 2068 2131 tie-

493 2173 572 2227 dit
632 2173 842 2227 Filio”.
899 2173 1004 2228 Sed
1067 2188 1175 2225 non
1238 2171 1503 2225 resistunt
1557 2171 1779 2238 scriptis
1823 2189 1835 2223 :
1879 2169 2070 2223 dicunt

493 2267 638 2320 enim
683 2267 843 2320 unius
883 2265 1242 2334 adiectionem
1275 2263 1493 2333 prOprie
1545 2264 1611 2317 ad
1645 2261 1858 2316 Patrem
1895 2264 2070 2332 respi-

497 2373 639 2413 cere.
676 2356 872 2411 Nullus
894 2357 1060 2422 enim,
1086 2356 1181 2421 ait,
1216 2356 1402 2421 bonus,
1433 2356 1535 2410 nisi
1563 2372 1695 2408 unus
1731 2355 1866 2410 Deus
1891 2357 1952 2410 '°.
1986 2356 2068 2410 An

497 2449 661 2517 igitur
695 2448 760 2502 ad
798 2447 882 2502 sui
933 2447 1294 2517 patrocinium
1346 2448 1663 2516 languescet
1712 2448 1957 2502 veritas?
1987 2447 2068 2502 An

499 2537 686 2592 multis
731 2538 864 2593 locis
907 2537 1131 2591 minimo
1163 2537 1380 2607 negotio
1415 2537 1554 2591 hanc
1592 2535 1839 2594 fallacem
1885 2547 1936 2594 et
1988 2554 2074 2593 ca-

499 2630 734 2699 ptiosam
791 2630 1264 2686 ratiocinationem
1329 2631 1534 2686 erroris
1601 2631 1724 2684 licet
1786 2631 2073 2687 refellere?

497 2721 598 2787 Qui
627 2722 771 2776 enim
808 2725 921 2776 haec
948 2722 1015 2776 de
1048 2721 1208 2777 Patre
1234 2721 1392 2787 dixit,
1428 2735 1481 2776 et
1517 2722 1607 2775 illa
1635 2722 1702 2776 ad
1734 2720 1948 2777 Patrem
1988 2724 2073 2777 di-

496 2812 593 2878 cit,
625 2812 771 2882 quod
801 2812 996 2868 Omnia
1033 2829 1147 2867 mea
1175 2823 1268 2866 tua
1301 2822 1445 2876 sunt,
1478 2820 1532 2867 et
1556 2814 1613 2865 in
1645 2813 1774 2881 ipsis
1799 2813 2073 2883 gloriﬁca-

498 2913 584 2956 tus
618 2920 733 2956 sum
759 2904 822 2957 ".
862 2903 918 2957 Si
955 2910 1134 2956 autem
1171 2903 1351 2956 omnia
1395 2919 1517 2974 qua:
1548 2912 1676 2959 sunt
1716 2902 1894 2970 Patris
1940 2906 2072 2960 dicit

2166 439 2452 511 ἀλλοτρίαν
2496 439 2844 494 ἀποδείκνυσι
2882 438 2976 494 τοῦ
3029 439 3158 493 Υίοῦ
3199 439 3296 508 τὴν
3341 437 3601 507 θεότητα;
3631 437 3728 488 Καὶ

2165 531 2344 585 ταῦτα
2371 532 2536 585 αὐτοῦ
2563 531 2657 585 τοῦ
2683 531 2891 602 Κυρίου
2921 531 2982 585 τὸ
3012 531 3212 600 ἀγαθὸν
3247 529 3426 601 ἐαυτῷ
3459 544 3730 600 προσμαρ-

2167 621 2458 691 τυροῦντος
2503 622 2562 674 ἐν
2605 623 2672 692 τῇ
2710 620 2818 674 τῶν
2872 620 3302 692 μεμισθωμένων
3332 622 3412 682 εἰς
3447 619 3538 671 τὸν
3565 620 3731 683 ἀμπεο

2167 710 2314 764 λῶνα
2345 711 2647 782 παραϐολῇ.
2666 712 2814 764 Ἐκεῖ
2839 710 2946 783 γὰρ
2977 710 3082 764 τῶν
3115 710 3581 782 προκεκμηκότων
3613 709 3732 762 δυσ-

2169 801 2610 872 ανασχετούντων
2655 805 2719 874 τῇ
2769 803 2881 856 τῶν
2914 802 3281 874 μισθωμάτων
3322 799 3613 871 ίσομοιρία,
3652 801 3732 853 καὶ

2168 891 2368 963 ζημίαν
2404 893 2693 963 κρινόντων
2742 894 2875 948 ίδίαν
2914 894 3022 948 τῶν
3050 891 3378 946 τελευταίων
3407 892 3506 962 τὴν
3537 893 3733 961 εὐπρα-

2168 982 2316 1051 γίαν,
2347 982 2481 1052 φησὶ
2527 982 2662 1052 πρός
2689 999 2810 1036 τινα
2855 982 2964 1036 τῶν
3008 981 3444 1051 χαλεπαινόντων
3483 982 3512 1033 6
3539 980 3734 1043 δίκαιος

2168 1079 2382 1148 κριτὴς,
2409 1073 2512 1136 ὅτι,
2549 1072 2789 1141 'Etar'pe,
2824 1075 2936 1127 οὐκ
2970 1071 3154 1127 ἀδικῶ
3186 1071 3442 1140 σε.οὺχὶ
3460 1070 3734 1137 δηναρίου

2161 1159 2574 1232 ῖγυνεςὼνησά
2601 1179 2697 1218 σοι
2724 1163 2839 1232 τὴν
2865 1164 3126 1234 ἡμέραν;
3166 1162 3310 1216 Ἰδοὺ
3334 1162 3491 1231 ἔχεις
3511 1161 3576 1214 τὸ
3594 1163 3732 1214 σόν·

2167 1253 2320 1308 θέλω
2345 1253 2413 1306 δὲ
2448 1255 2543 1308 καὶ
2587 1254 2666 1319 τῷ
2708 1253 2942 1323 ἐσχάτῳ
2993 1255 3360 1324 χαρίσασθαι
3399 1253 3602 1320 ὥσπερ
3645 1253 3733 1305 καί

2167 1345 2288 1398 σοί.
2312 1345 2516 1400 Μόνον
2535 1347 2646 1400 οὐκ
2672 1345 2787 1413 ἔχω
2807 1345 3098 1410 ἐξουσίαν
3119 1347 3188 1399 ἐν
3214 1346 3338 1412 τοῖς
3367 1345 3530 1414 ἐμοῖς
3547 1343 3737 1397 ποιεῖν

2169 1435 2200 1490 ὃ
2234 1436 2424 1504 θέ.1ω;
2471 1439 2538 1491 Ἡ
2570 1440 2602 1491 ὁ
2644 1438 2952 1506 ὀφθαλμός
2985 1452 3101 1491 σου
3139 1437 3405 1504 πονηρὸς
3430 1475 3445 1498 ,
3496 1435 3584 1489 ὅτι
3629 1433 3734 1504 ἐγὼ

2167 1528 2392 1598 ἀγαθός
2435 1531 2590 1598 sim;
2636 1528 2862 1592 Πάντως
2907 1528 2965 1581 δὲ
2998 1528 3174 1591 οὐδεὶς
3210 1528 3340 1599 περὶ
3370 1527 3556 1581 τούτου
3592 1525 3734 1594 φιλο-

2169 1622 2426 1690 νεικήσει,
2456 1621 2536 1672 ὃτι
2561 1623 2594 1691 ἡ
2623 1620 2716 1673 τοῦ
2747 1619 2867 1673 κατ’
2901 1619 3060 1685 ἀξίαν
3082 1620 3330 1690 διανομὴ,
3363 1619 3488 1672 [διον
3509 1617 3601 1670 τοῦ
3624 1635 3738 1688 κριν

2169 1711 2261 1766 τοῦ
2296 1711 2455 1782 ἔργον
2495 1711 2647 1773 ἐστὶ,
2679 1710 2872 1782 κριτὴν
2902 1710 2960 1763 δὲ
3004 1710 3096 1762 τὸν
3132 1710 3390 1780 μονογενῆ
3432 1709 3561 1762 Θεὸν
3601 1704 3738 1762 εἶναι

2171 1803 2370 1864 πάντες
2399 1803 2450 1854 oi
2486 1801 2727 1872 μαθηταὶ
2773 1800 2865 1854 τοῦ
2898 1799 3230 1867 Εὐαγγελίου
3279 1797 3630 1852 συντίθενται.
3685 1798 3736 1849 '0

2169 1896 2281 1965 γὰρ
2308 1892 2534 1961 Πατὴρ,
2567 1893 2720 1964 φησὶ,
2755 1893 2942 1961 κρίνει
2965 1891 3204 1953 οὐδένα,
3227 1891 3387 1946 ἀλλὰ
3404 1883 3518 1956 τὴν
3543 1889 3740 1958 κρίσιν

2170 1985 2378 2040 πᾶσαν
2413 1982 2632 2038 δέδωκε
2671 1983 2752 2049 τῷ
2796 1984 2924 2050 Υίῷ.
2975 1983 3116 2036 Ἀλλ’
3159 1983 3218 2036 οὐ
3250 1982 3601 2036 καθίστανται
3632 1981 3740 2034 τῶν

2169 2075 2590 2148 γεγραμμένων.
2649 2075 2786 2129 Φασὶ
2837 2074 2946 2146 γὰρ
2989 2076 3088 2146 τὴν
3135 2074 3230 2128 τοῦ
3284 2074 3402 2138 ἑνὸς
3451 2074 3740 2145 πρόσθεσιν

2172 2167 2377 2238 κυρίως
2404 2167 2483 2230 είς
2515 2165 2604 2219 τὸν
2633 2165 2855 2237 Πατέρα
2879 2165 3116 2236 βλέπειν.
3156 2165 3364 2232 Οὐδείς
3397 2169 3530 2240 γὰρ.
3554 2166 3742 2236 φησιν,

2170 2258 2413 2328 ἀγαθὸς,
2441 2260 2493 2310 εί
2528 2256 2608 2326 μὴ
2638 2253 2726 2322 εἷς
2754 2260 2788 2312 ὁ
2830 2259 2992 2324 Θεός.
3017 2254 3142 2330 Ἆρ’
3176 2253 3268 2312 οὖν
3314 2258 3562 2327 ἀτονήσει
3608 2257 3738 2328 πρὸς

2173 2348 2498 2419 συνηγορίαν
2537 2348 2739 2418 ἑαυτῆς
2765 2350 2798 2418 ἡ
2831 2347 3094 2424 ἀλήθειας
3143 2350 3213 2401 Ἦ
3238 2347 3566 2416 πολλαχόθεν
3599 2348 3742 2401 ἐστιν

2173 2442 2230 2492 ἐν
2255 2438 2507 2510 εὐσχολίᾳ
2537 2438 2704 2509 πολλῇ
2736 2440 2829 2492 καί¹
2855 2438 3042 2492 τοῦτον
3079 2439 3354 2508 ἐξελέγξαι
3383 2440 3477 2492 τὸν
3503 2441 3738 2508 παραλοο

2173 2531 2367 2601 γισμὸν
2404 2532 2500 2601 τῆς
2530 2532 2777 2603 ἀπάτηςς
2820 2530 2877 2584 ’0
2916 2531 3024 2602 γὰρ
3058 2529 3230 2584 ταῦτα
3253 2531 3379 2602 περὶ
3412 2530 3505 2582 τοῦ
3534 2530 3741 2601 [lambe

2171 2624 2360 2684 εἰπὼν.
2396 2624 2621 2677 κάκεῖνα
2653 2625 2788 2694 πρὸς
2816 2623 2907 2676 τὸν
2950 2622 3167 2693 Πατέρα
3202 2632 3404 2692 φησὶν,
3432 2623 3512 2675 ὅτι
3543 2623 3742 2675 Πάντα

2175 2714 2244 2768 τὰ
2278 2713 2386 2782 ἐμὰ
2429 2713 2512 2768 σά
2541 2714 2674 2768 ἐστι
2699 2731 2716 2746 θ
2745 2715 2838 2768 καὶ
2866 2714 3234 2783 Δεδόξασμαι
3259 2715 3328 2766 ὲν
3347 2715 3569 2781 αὐτοῖς.
3605 2716 3665 2768 Εἰ
3685 2715 3739 2768 δὲ

2173 2807 2351 2860 πάντα
2390 2805 2458 2860 τὰ
2502 2805 2594 2859 τοῦ
2638 2807 2850 2878 Πατρὸς
2876 2805 2970 2860 τοῦ
3007 2807 3136 2860 Υιοῦ
3182 2825 3344 2878 φησιν
3383 2802 3556 2870 εἶναι,
3600 2807 3656 2859 ἓν
3684 2807 3740 2860 δὲ

2171 2897 2280 2952 τῶν
2308 2899 2366 2950 ὲν
2402 2897 2482 2969 τῷ
2510 2899 2684 2970 Πατρὶ
2714 2897 3103 2970 θεωρουμένων
3127 2901 3158 2969 ἡ
3187 2898 3476 2969 ἀγαθότης,
3502 2899 3534 2969 ἢ
3570 2898 3743 2953 πάντα

499 2993 626 3048 Filii
661 3010 803 3058 esse,
845 3009 1012 3048 unum
1057 3003 1234 3048 autem
1275 3009 1463 3048 eorum
1495 3009 1616 3064 quae
1663 2994 1717 3048 in
1754 2993 1910 3050 Patre
1947 3011 2072 3064 Spe-

2171 2988 2271 3042 οὑκ
2298 2988 2430 3058 ἔχει,
2475 2989 2632 3060 εἴπερ
2662 2989 2820 3043 τοῦτο
2866 2991 2967 3043 οὐκ
3012 2989 3152 3060 ἔχει,
3190 2990 3284 3042 καὶ
3324 2989 3609 3059 ψεύδεσθαι
3638 2993 3742 3062 φή-

505 3094 720 3140 ctantur
751 3096 834 3141 est
869 3086 1104 3148 bonitas,
1137 3085 1222 3140 vel
1265 3087 1447 3140 omnia
1498 3101 1608 3140 non
1644 3087 1828 3148 habet,
1873 3088 1918 3141 si
1954 3089 2072 3159 qui-

498 3176 621 3230 dem
663 3178 767 3231 hoc
817 3192 924 3231 non
975 3177 1156 3241 habet,
1187 3186 1241 3232 et
1273 3179 1491 3232 mentiri
1529 3179 1716 3234 dicent
1749 3179 2069 3244 veritatem;

500 3268 582 3322 vel
613 3268 658 3322 si
690 3267 846 3324 nefas
882 3277 965 3322 est
995 3269 1276 3322 veritatem
1314 3269 1484 3338 ipsam
1527 3271 1797 3340 suspicari
1829 3271 1882 3324 in
1914 3286 2072 3326 men-

499 3362 717 3415 dacium
758 3362 908 3426 ferri,
941 3363 1033 3431 qtti
1065 3362 1246 3414 omnia
1291 3377 1411 3432 quae
1441 3374 1568 3418 sunt
1601 3362 1778 3418 Patris
1817 3379 1913 3418 sua
1948 3378 2073 3420 esse

499 3454 650 3517 dicit,
708 3468 882 3521 neque
924 3461 1077 3507 extra
1132 3454 1423 3508 bonitatem
1469 3470 1592 3511 esse
1631 3455 1871 3512 confessi
1917 3465 2068 3512 sunt.

500 3542 602 3609 Qui
629 3544 771 3598 enim
805 3544 1021 3599 Patrem
1058 3545 1110 3598 in
1153 3546 1448 3614 semetipso
1489 3546 1670 3610 habet,
1714 3556 1766 3601 et
1794 3561 1915 3616 quae
1945 3555 2074 3602 sunt

500 3633 678 3689 Patris
707 3635 1023 3705 complexus
1062 3644 1145 3691 est
1191 3637 1396 3701 omnia,
1430 3651 1555 3690 cum
1588 3636 1846 3692 omnibus
1880 3637 2075 3693 videli-

501 3733 587 3781 cet
617 3725 913 3780 bonitatem
945 3726 1110 3780 etiam
1151 3726 1312 3780 habet
1343 3745 1355 3780 :
1397 3727 1574 3781 bonus
1615 3727 1780 3797 igitur
1805 3727 1998 3784 Filius.

573 3814 676 3869 Sed
727 3814 929 3880 nullus,
975 3813 1176 3885 inquit,
1215 3814 1380 3868 bonus
1422 3816 1525 3869 nisi
1562 3833 1698 3870 unus
1747 3815 1923 3872 Deus.
1963 3817 2076 3872 Hoc

501 3906 570 3962 ob
615 3905 945 3961 adversariis
1004 3905 1319 3976 profertur,
1374 3918 1550 3976 neque
1601 3909 1717 3976 ipse
1764 3923 2072 3963 sermonem

500 3994 712 4062 rejicio,
749 4009 858 4048 non
890 4002 1072 4048 tamen
1099 4001 1384 4064 propterea
1420 3992 1541 4048 Filii
1588 3994 1883 4048 bonitatem
1916 4010 2070 4066 nego.

502 4084 604 4149 Qui
637 4086 782 4138 enim
811 4084 1102 4139 Dominum
1136 4085 1304 4141 Deum
1339 4101 1462 4140 esse
1492 4086 1807 4152 'contitetur,
1838 4093 1891 4140 et
1928 4085 2075 4157 quod

505 4178 707 4232 Ionum
733 4187 840 4238 est.
877 4179 926 4233 ei
957 4179 1181 4233 omnino
1210 4178 1314 4233 hac
1349 4179 1692 4235 confessione
1711 4179 1979 4233 attribuit.
2016 4177 2074 4233 Si

503 4270 649 4324 enim
716 4270 934 4325 bonitas
982 4270 1202 4340 propria
1253 4277 1340 4326 est
1384 4268 1518 4337 Dei,
1570 4277 1626 4325 et
1673 4269 1939 4326 Dominus
1991 4279 2076 4327 est

2174 3096 2328 3133 σουσι
2359 3081 2458 3152 τὴν
2488 3079 2779 3152 ἀλήθειαν*
2815 3081 2847 3152 ἢ
2896 3081 3055 3152 εῐπερ
3087 3079 3345 3150 ἀθέμιτον
3395 3081 3740 3150 καθυπονοεί·

2171 3171 2296 3224 σθαι
2323 3172 2422 3243 τὴν
2441 3171 2610 3236 ὅντως
2638 3171 2893 3243 ἀλήθειαν
2923 3171 3000 3235 ὡς
3027 3174 3106 3234 είς
3125 3171 3320 3240 ψεῦδος
3347 3173 3742 3243 ἐκφερομένην,

2168 3269 2196 3320 6
2230 3265 2408 3319 πάντα
2436 3265 2502 3318 τά
2530 3265 2624 3319 τοῦ
2656 3266 2870 3335 Πατρὸς
2895 3264 3091 3318 ἑαυτοῦ
3117 3265 3309 3333 λέγων,
3337 3266 3458 3319 οὐδὲ
3482 3268 3580 3334 τῆς
3606 3268 3738 3333 ἀγα-

2170 3357 2390 3428 θότητος
2420 3357 2575 3421 ἐκτὸς
2596 3351 2734 3412 εἶναι
2756 3356 3225 3428 συνωμολόγησεν.
3268 3357 3328 3412 '0
3352 3359 3460 3430 γάρ
3482 3360 3538 3410 ὲν
3564 3357 3740 3422 ἑαυτῷ

2166 3440 2257 3492 τὸν
2287 3439 2505 3511 Πατέρα
2531 3438 2692 3510 ἔχων,
2723 3441 2818 3495 καὶ
2846 3440 2915 3494 τὰ
2937 3441 3028 3496 τοῦ
3061 3439 3274 3510 Πατρδς
3299 3436 3742 3510 ἐμπεριειληφύς.

2170 3532 2343 3585 πάντα
2369 3570 2384 3594 ,
2419 3531 2555 3601 μετά
2597 3530 2815 3585 πάντων
2857 3530 3096 3600 δηλονότι
3141 3530 3235 3584 καὶ
3283 3531 3382 3601 τὴν
3429 3525 3728 3596 ἁγαθότητα

2166 3619 2307 3690 ἔχει·
2349 3619 2545 3673 οὐκοῦν
2579 3616 2782 3690 ἀγαθὸς
2807 3621 2835 3673 6
2868 3619 3017 3682 Υἱός.

2249 3799 2385 3852 Ἀλλ’
2432 3797 2653 3864 οὐδεὶς,
2687 3796 2852 3868 φησιν
2880 3835 2894 3859 ,
2939 3795 3176 3864 ἀγαθὸς,
3203 3795 3255 3847 si
3281 3790 3376 3862 μὴ
3390 3785 3479 3858 εἷς
3510 3794 3540 3845 ό
3565 3791 3722 3854 Θεός.

2163 3891 2334 3948 Τοῦτο
2377 3892 2526 3963 παρὰ
2557 3891 2662 3946 τῶν
2707 3889 2966 3943 ἐναντίων
2999 3887 3332 3959 προφέρεται
3352 3927 3367 3947 ,
3415 3885 3533 3939 οὐδὲ
3570 3882 3721 3944 αὐτὸς

2164 3982 2454 4036 ἀποϐάλλω
2478 3981 2567 4037 τὸν
2598 3983 2774 4050 λόγον.
2806 3981 2880 4035 Οὐ
2916 3978 3022 4050 μὴν
3054 3979 3319 4050 ἀρνοῦμαι
3347 3976 3438 4030 διὰ
3467 3974 3614 4028 τοῦτο
3632 3971 3716 4024 τοῦ

2164 4073 2294 4127 Υἱοῦ
2322 4075 2420 4145 τὴν
2451 4073 2779 4143 ἀγαθότητα.
2819 4071 2877 4124 Ὀ
2904 4070 2961 4123 δὲ
2998 4068 3271 4140 ὁμολογῶν
3310 4067 3443 4120 Θεὸν
3482 4061 3611 4118 εἶναι
3633 4061 3717 4114 τὸν

2163 4167 2386 4237 Κύριον,
2415 4167 2508 4220 καὶ
2537 4164 2742 4235 ἀγαθὸν
2776 4163 2926 4235 αὐτῷ
2954 4165 3166 4225 πάντως
3202 4161 3290 4214 διὰ
3315 4159 3416 4230 τῆς
3446 4154 3718 4229 ὁμολογίας

2163 4261 2366 4330 ταύτης
2393 4257 2896 4330 συνεμαρτύρησεν.
2929 4254 2992 4308 Ei
3027 4254 3134 4324 γὰρ
3157 4254 3286 4306 ἴδιον
3316 4251 3452 4305 Θεοῦ
3483 4252 3518 4321 ἡ
3545 4245 3717 4318 ἀγαθόν

505 4360 668 4426 Deus,
707 4362 885 4416 bonus
934 4363 1119 4432 itaque
1149 4377 1246 4432 per
1278 4363 1393 4416 lucc
1423 4377 1547 4432 quae
1592 4362 1773 4432 posita
1817 4370 1948 4416 sunt
1986 4361 2072 4417 Fi-

2168 4371 2292 4424 της,
2326 4353 2458 4417 Θεὸς
2479 4352 2535 4405 δὲ
2567 4353 2595 4405 6
2618 4349 2843 4423 Κύριος,
2875 4348 3077 4418 ἀγαθὸς
3104 4346 3210 4418 ἄρα
3233 4345 3320 4399 διὰ
3345 4345 3456 4398 τῶν
3474 4341 3722 4437 τεθέντων

504 4454 610 4508 lius
640 4454 968 4509 ostenditur.
1012 4429 1268 4520 Sed,—ait,
1309 4429 1476 4509 unius
1507 4429 1675 4508 dictio
1702 4451 1900 4508 Filium
1941 4453 2070 4508 boni

2168 4445 2194 4496 6
2222 4443 2346 4506 Υἱὸς
2395 4441 2758 4511 ἀναπέφηνεν.
2809 4438 2996 4503 Ἀλλὰ,
3032 4436 3184 4509 φησι,
3229 4434 3323 4488 τοῦ
3354 4434 3474 4498 ἐνὸς
3519 4435 3552 4504 ἡ
3590 4429 3720 4520 λέξις

504 4547 889 4602 communione
937 4547 1196 4611 secernit,
1233 4548 1330 4602 sed
1373 4556 1460 4603 est
1503 4547 1663 4603 facile
1693 4546 2074 4602 demonstrare

504 4633 648 4702 quod
682 4650 860 4704 neque
898 4635 1004 4689 hoc
1031 4650 1060 4688 a
1088 4634 1227 4688 Filio
1256 4633 1470 4690 Patrem
1493 4633 1744 4706 dissipat.
1775 4634 1984 4689 Etenim
2019 4633 2072 4688 in

505 4727 762 4781 onmibus
800 4727 924 4782 aliis
960 4726 1105 4796 qttod
1150 4742 1321 4782 unum
1365 4735 1468 4794 est,
1502 4725 1868 4795 incopulatam
1910 4726 2074 4780 habet

507 4816 1000 4887 signiﬁcationem;
1032 4819 1084 4871 in
1114 4817 1271 4872 Patre
1302 4833 1425 4873 vero
1453 4826 1508 4872 et
1540 4816 1699 4884 Filio,
1728 4817 1872 4888 quod
1901 4833 2072 4872 unum

504 4917 589 4962 est
623 4924 732 4962 non
768 4910 822 4962 in
852 4907 1148 4973 solitudine
1172 4910 1286 4964 sive
1307 4910 1688 4979 singularitate
1716 4909 2069 4979 conspicitur.

505 5005 619 5071 Ego
641 5001 809 5066 enim,
837 5001 1034 5070 inquit,
1065 5010 1124 5054 et
1145 5001 1306 5055 Pater
1333 5017 1496 5054 unum
1518 5017 1697 5054 sumus
1721 5001 1788 5054 ".
1821 4998 1877 5054 Si
1909 4999 2070 5070 igitur

505 5109 650 5148 unus
677 5091 896 5164 quidem
919 5093 1132 5160 bonus;
1169 5093 1354 5148 unitas
1379 5101 1558 5147 autem
1581 5091 1824 5163 quaedam
1848 5092 1904 5146 in
1937 5089 2076 5146 Filio

505 5195 559 5240 et
588 5183 747 5241 Patre
776 5185 1130 5256 intelligitur;
1157 5199 1286 5255 ergo
1315 5184 1579 5241 Dominus
1605 5185 1698 5254 qui
1733 5183 1828 5238 uni
1861 5183 2078 5238 bonita-

506 5287 616 5331 tem
648 5278 916 5342 attribuit,
955 5285 1010 5333 et
1036 5277 1142 5332 sibi
1172 5278 1274 5347 ipsi
1305 5293 1402 5348 per
1441 5277 1604 5332 unius
1640 5273 2076 5347 cognominatio-

509 5382 631 5422 nem
685 5369 983 5442 assignavit
1031 5377 1218 5440 utpote
1273 5369 1367 5439 qui
1414 5369 1486 5424 sit
1545 5385 1686 5423 unus
1737 5383 1860 5422 cum
1895 5365 2074 5430 Patre,

508 5475 684 5530 neque
706 5478 737 5516 a
759 5461 938 5521 Patris
965 5463 1176 5518 unitate
1205 5463 1506 5520 secundum
1531 5469 1783 5517 naturam
1807 5459 2074 5516 divulsus.

580 5641 602 5672 ⁸
645 5639 830 5694 Μηιιίι.
862 5642 1039 5704 χκ,1ἒ’›
1067 5658 1184 5711 sqq.
1299 5643 1321 5672 ’
1358 5641 1508 5697 Jozn.
1535 5657 1583 5703 ν,
1607 5638 1694 5693 29..

1815 5638 1854 5670 '°
1891 5633 2083 5690 Matth.
2115 5647 2227 5694 χιιι,
2278 5631 2358 5687 l7.

2164 4534 2449 4604 ἀποκρίνει
2477 4533 2568 4586 τὸν
2591 4533 2719 4586 Υἰὸν
2747 4531 2845 4602 τῆς
2877 4529 2971 4584 τοῦ
3003 4526 3208 4598 ἀγαθοῦ
3238 4526 3542 4590 κοινωνίας.
3576 4519 3713 4576 Ἀλλὰ

2167 4621 2345 4694 ῥᾴδιον
2391 4621 2560 4688 δεῖξαι
2607 4621 2690 4673 ὅτι
2733 4620 2853 4673 οὐδὲ
2890 4619 2952 4672 τὸ
2998 4618 3056 4673 ἓν
3095 4617 3254 4671 τοῦτο
3286 4614 3594 4688 διαχωρίζει
3634 4608 3715 4665 τοῦ

2166 4711 2299 4766 Υἱοῦ
2319 4713 2411 4765 τὸν
2439 4713 2676 4783 Πατέρα.
2706 4713 2828 4765 Ἐπὶ
2861 4710 2963 4782 μὲν.
2991 4709 3099 4780 γὰρ
3121 4709 3228 4762 τῶν
3258 4707 3431 4762 ἄλλων
3458 4706 3714 4762 ἁπάντων.

2164 4805 2224 4859 τὸ
2252 4805 2311 4857 ἓν
2362 4805 2726 4859 ἀσυνδῦαστον
2771 4803 2882 4873 ἔχει
2907 4801 3004 4873 τὴν
3043 4801 3334 4873 σημασίαν.
3380 4800 3507 4854 Ἐπὶ
3551 4799 3603 4851 δὲ
3636 4791 3713 4847 τοῦ

2166 4896 2378 4968 Πατρός
2412 4913 2470 4950 τε
2499 4897 2592 4950 καὶ
2623 4895 2714 4949 τοῦ
2739 4895 2889 4960 Υίοῦ,
2925 4896 2984 4947 τὸ
3013 4892 3078 4946 ἓν
3099 4894 3199 4947 οὐκ
3230 4895 3288 4945 ὲν
3319 4890 3568 4961 μονότητι
3603 4885 3714 4940 καθ-

2169 4989 2381 5058 οριῖ.ται⁸
2424 4986 2564 5056 Ἐγὼ
2605 4987 2736 5058 γὰρ.
2774 4985 2930 5056 φησὶ,
2979 4985 3080 5038 καὶ
3125 4987 3157 5039 d
3184 4982 3386 5051 Πατὴρ
3423 4982 3494 5036 ἐν
3531 4982 3708 5049 ἐσμεν.

2166 5082 2229 5134 Εἰ
2269 5077 2363 5134 οὖν
2393 5073 2472 5143 εἷς
2521 5079 2618 5150 μὲν
2657 5081 2684 5132 6
2721 5078 2950 5146 ἀγαθὸς,
2989 5078 3175 5145 ἑνότης
3206 5075 3264 5130 δέ
3297 5091 3380 5138 τις
3419 5075 3477 5128 ὲν
3511 5072 3586 5142 τῷ
3616 5065 3716 5135 fit}

2167 5173 2260 5226 καὶ
2283 5171 2360 5242 τῷ
2393 5171 2568 5242 Πατρὶ
2589 5171 2900 5243 θεωρεῖται·
2933 5169 3042 5240 ἄρα
3063 5171 3093 5224 6
3123 5168 3325 5240 Κύριος
3354 5168 3434 5220 ἐνὶ
3457 5163 3708 5237 μαρτυρήα

2169 5279 2269 5324 σας
2302 5262 2401 5333 τὴν
2451 5261 2796 5335 ἀγαθότητα,
2838 5261 2933 5316 καὶ
2979 5258 3156 5331 ἑαυτῷ
3204 5258 3294 5313 διὰ
3335 5257 3429 5312 τοῦ
3476 5256 3586 5317 ἑνὸς
3625 5249 3709 5320 τὴν

2167 5357 2484 5428 ἐπωνυμίαν
2503 5356 2704 5428 ταύτην
2736 5354 3225 5429 προσεμαρτύρησε
3245 5393 3259 5416 ,
3286 5351 3363 5423 τῷ
3391 5352 3448 5405 ἒν
3469 5352 3572 5405 ὄντι
3591 5345 3702 5417 πρὸς

2176 5455 2258 5509 τὸν
2285 5452 2524 5525 Πατέρα,
2552 5454 2645 5508 καὶ
2665 5454 2764 5508 οὐκ
2793 5454 3109 5526 ἀπορῤηγνυ
3118 5450 3264 5524 μένῳ
3285 5452 3385 5522 τῆς
3413 5448 3544 5504 κατά
3569 5446 3703 5516 φύσιν

2456 5649 2494 5677 ¹¹
2535 5646 2686 5701 Joan.
2721 5660 2848 5711 xvii,
2889 5643 2972 5700 ili.
3066 5645 3105 5676 "
3143 5642 3296 5698 .ioan.
3340 5663 3391 5710 χ,
3429 5647 3513 5700 50.
