4002 6218
332 312 433 370 865

1450 307 1728 364 CONTRA
1759 308 2148 375 EUNOMlC-M,
2186 314 2310 368 Llll.
2349 316 2432 370 Kl.

3472 315 3575 369 866

331 437 596 504 ἑνότητός.
656 433 792 485 Ἀλλ’
823 433 968 494 ῑπως
1000 431 1063 486 ἂν
1084 431 1172 484 διὰ
1202 431 1418 484 πάντων
1449 430 1668 502 ἔκδηλον
1695 431 1902 500 γένοιτο

2007 433 2114 488 Sed
2149 447 2202 489 ut
2230 454 2325 507 per
2354 439 2537 493 omnia
2571 437 2733 510 hujus
2761 437 2941 509 gravis
2965 436 3256 507 scriptoris
3284 436 3578 492 iueruditio

326 528 416 583 τοῦ
445 525 645 596 σεμνοῦ
675 526 1010 597 λογογράφου
1038 524 1098 578 τὸ
1118 524 1416 595 φιλαμαθὲς
1435 524 1526 577 καὶ
1553 524 1894 589 ἀπαίδευτον,

328 620 496 690 αὐτὴν
531 619 958 691 κατανοήσωμεν
996 617 1088 670 ἐπὶ
1123 615 1319 683 λέξεως
1357 616 1465 669 τῶν
1501 615 1898 687 γεγραμμένων

327 712 422 783 τὴν
456 707 729 774 σύνταξιν.
760 708 874 762 Οὐκ
912 707 1240 771 οἰκειοῦται,
1278 707 1442 777 φησὶ,
1478 707 1575 778 τὴν
1623 707 1900 776 milium;

327 805 480 878 ἀξίαν
510 804 698 880 όκὶξίός
721 820 735 834 ·
777 801 934 868 ἀξίαν
973 801 1274 872 ὀνομάζων,
1319 800 1450 854 αὐτὸ
1477 799 1538 853 τὸ
1577 797 1737 854 εἶναι.
1773 799 1898 862 Πῶς

327 881 430 950 οἶδε
459 879 665 966 κυρίως
689 895 802 957 τοῖς
833 892 1151 964 πράγμασιν
1187 890 1516 961 ἐφαρμόζειν
1544 889 1612 942 τὰ
1640 889 1857 960 ῥήματα
1881 889 1894 942 l

328 988 417 1047 καὶ
450 987 638 1057 ἐπειδὴ
668 985 756 1040 διά
787 985 878 1038 τὸν
908 983 1125 1055 Πατέρα
1153 983 1319 1049 ἐστὶν,
1355 980 1764 1054 ἀλλοτριοῦσθαι
1801 980 1898 1034 a6-

326 1080 414 1134 τὸν
451 1077 647 1132 ἐαυτοῦ
689 1077 858 1145 λέγει.
905 1076 996 1140 Ὠς
1029 1076 1124 1129 καὶ⁵
1164 1075 1266 1146 τῆς
1298 1073 1490 1128 τούτου
1537 1071 1896 1144 κυριευούσης

326 1171 511 1234 οὐσίας
539 1168 674 1241 πρὸς
703 1167 898 1239 ἑαυτὴν
932 1165 1197 1237 ἑλκούσης
1237 1165 1334 1238 τὴν
1362 1165 1456 1218 τοῦ
1493 1164 1644 1227 ὄντος
1666 1163 1894 1216 ἔννοιαν.

329 1257 497 1311 Τοῦτο
536 1257 592 1310 δέ
630 1255 874 1310 τοιοῦτόν
905 1259 1074 1320 ἐστιν,
1109 1256 1185 1319 ὡς
1218 1254 1284 1308 ἂν
1326 1253 1380 1307 εἴ
1420 1271 1503 1318 τις
1543 1253 1711 1321 λέγοι,
1756 1253 1838 1305 ὃτι
1869 1253 1898 1305 6

329 1341 730 1414 ἀργυρώνητος,
769 1341 904 1395 καθό
938 1343 1076 1404 ἐστι,
1116 1341 1260 1395 κατά
1289 1341 1384 1413 τὴν
1414 1342 1548 1396 ῖδίαν
1575 1341 1893 1404 ὑπόστασιν,

326 1435 423 1487 οὐκ
449 1435 652 1497 ἐκεῖνος
679 1434 825 1487 ἐστὶν
851 1473 865 1499 ,
893 1434 1006 1487 ἀλλ’
1033 1436 1062 1486 6
1079 1433 1402 1506 ἐωνημένος,
1436 1434 1536 1504 τῆς
1561 1433 1682 1486 κατ’
1710 1430 1897 1485 οὐσίαν

325 1523 517 1580 ἑαυτοῦ
561 1525 909 1589 ὑποστάσεως
953 1527 1033 1589 είς
1059 1525 1160 1596 τὴν
1188 1523 1281 1578 τοῦ
1315 1523 1702 1596 κυριεύσαντος
1735 1521 1896 1590 φύσιν

323 1615 740 1688 ἀναληφθείσης.
765 1615 954 1670 Ταῦτα
968 1617 1036 1670 τὰ
1053 1616 1232 1686 ὑψηλά
1249 1615 1341 1669 τοῦ
1359 1614 1608 1684 θεολόγου
1626 1614 1893 1684 νοήματα,

319 1711 352 1778 η
380 1707 435 1762 δὲ
460 1707 569 1761 τῶν
612 1708 1022 1781 προειρημένων
1047 1707 1317 1772 ἀπόδειξις
1357 1709 1476 1774 οἵας
1508 1706 1693 1770 αὐτοῦ,
1729 1703 1884 1774 φησὶ,

321 1775 413 1852 τοῦ
443 1775 1130 1868 Μονογενοῦςνάποδιδόντος
1151 1799 1230 1870 τῷ
1257 1799 1452 1871 Πατρὶ,
1475 1798 1572 1869 τὴν
1596 1797 1742 1867 μόνῳ
1766 1796 1885 1848 κατ’
1918 1775 1963 1830 Β

321 1892 478 1957 ἀξίαν
535 1891 890 1963 ὀφειλομένην
939 1890 1278 1961 ἐπωνυμίαν.
1341 1890 1450 1943 Καὶ
1497 1887 1668 1942 ταῦτα
1720 1885 1890 1939 εἰπὼν

322 1982 515 2050 ἐπάγει
542 1981 604 2035 τὸ
635 1981 792 2052 μόνον
815 1977 953 2034 εἶναι
979 1979 1183 2048 ἀγαθὸν
1214 1979 1454 2050 Πατέρα.
1486 1976 1596 2030 Ποῦ
1630 1974 1808 2029 τοίνυν
1833 1973 1890 2026 ἐν

321 2073 527 2137 τούτοις
571 2075 815 2144 ἀρνεῖται
857 2074 886 2125 6
911 2072 1039 2134 Υίὺς
1073 2071 1173 2142 τὴν
1211 2070 1528 2140 ἐπωνυμίαν
1573 2067 1666 2120 τοῦ
1701 2065 1888 2128 ὄντος;

319 2165 456 2234 ὅπερ
488 2161 890 2227 κατασκευάζει
933 2160 1196 2232 Εὑνόμιος
1219 2200 1234 2224 ,
1264 2159 1434 2214 ταῦτα
1464 2156 1773 2228 προστιθεὶς
1801 2155 1893 2205 ἐπὶ

319 2255 545 2320 λέξεως*
568 2253 630 2308 ὀ
654 2253 763 2323 γὰρ
801 2251 916 2321 τὴν
945 2252 1051 2306 τοῦ
1091 2251 1317 2320 ἀγαθοῦ
1357 2251 1698 2318 πρόσρησιν
1729 2248 1894 2316 μόνῳ

2001 537 2054 585 et
2093 531 2310 585 inscitia
2349 532 2640 588 manifeste
2670 539 2872 602 pateat,
2901 530 3229 600 scriptorum
3262 530 3328 583 ad
3351 530 3575 586 verbum

2002 623 2258 692 syntaxin
2287 624 2700 680 consideremus
2733 643 2746 678 ι
2775 623 2970 689 Filius,
3001 623 3196 692 inquit,
3226 623 3346 692 ejus
3379 625 3470 693 qui
3494 631 3580 680 est

1998 710 2316 782 dignitatem
2355 728 2463 768 non
2496 713 2597 768 sibi
2631 711 2893 779 vindicat,
2920 712 3237 783 dignitatem
3288 715 3578 768 nominans

1999 801 2182 872 ipsum
2227 817 2372 860 esse.
2420 803 2704 870 Quomodo
2752 805 2903 858 novit
2951 805 3166 872 proprie
3211 805 3369 859 verba
3414 807 3578 861 rebus

1999 894 2460 950 accommodare!
2498 895 2563 948 Et
2601 894 2860 964 quoniam
2902 908 2998 963 per
3024 891 3244 948 Patrem
3273 904 3375 960 est,
3417 897 3572 950 illum

1999 983 2070 1038 ab
2105 985 2224 1053 ipso
2254 985 2552 1038 alienatum
2595 999 2716 1038 esse
2751 982 2906 1048 dicit,
2933 982 3064 1052 quia
3109 983 3368 1038 nimirum
3416 985 3579 1054 hujus

1999 1074 2332 1129 dominatrix
2363 1075 2605 1130 essentia
2637 1076 2704 1128 ad
2734 1075 2972 1144 seipsam
3006 1075 3187 1128 trahat
3225 1077 3368 1131 entis
3402 1077 3576 1131 notio-

1999 1183 2121 1221 nem
2158 1187 2170 1221 :
2201 1168 2304 1222 hoc
2331 1176 2510 1222 autem
2541 1168 2647 1222 tale
2665 1174 2751 1222 est
2781 1181 2844 1220 ac
2868 1167 2912 1222 si
2951 1168 3076 1236 quis
3107 1168 3276 1234 dicat,
3311 1170 3453 1238 quod
3488 1182 3580 1223 ar-

1999 1266 2162 1327 gento
2190 1266 2431 1327 emptus,
2460 1272 2568 1327 qua
2601 1264 2706 1320 est,
2739 1257 3040 1311 secundum
3083 1273 3236 1312 suam
3267 1259 3577 1314 subsisten-

1999 1348 2128 1402 tiam
2174 1364 2282 1402 non
2317 1349 2407 1402 ille
2440 1355 2545 1412 est,
2578 1347 2674 1402 sed
2704 1346 2797 1417 qui
2832 1355 3050 1417 emptus
3073 1360 3176 1411 est,
3220 1349 3575 1404 subsistentia

1999 1440 2298 1494 secundum
2344 1440 2431 1494 sui
2479 1439 2774 1496 essentiam
2819 1439 2885 1494 ad
2932 1440 3268 1495 dominantis
3323 1453 3576 1496 naturam

1999 1541 2298 1601 assumpta;
2335 1533 2416 1586 ha:
2447 1533 2716 1587 suntaltae
2736 1531 2899 1600 hujus
2921 1532 3156 1602 theologi
3177 1534 3450 1598 notiones,
3480 1533 3577 1590 sed

1999 1629 2124 1676 ante
2156 1621 2427 1676 dictorum
2462 1621 2862 1675 demonstratio
2893 1621 3114 1691 qualis?
3143 1622 3280 1676 Cum
3317 1623 3455 1692 ipse,
3490 1625 3578 1677 in-

1999 1717 2139 1785 quit,
2165 1715 2490 1785 Unigenitus
2517 1715 2704 1769 reddat
2725 1713 2871 1768 Patri
2898 1715 2997 1770 soli
3024 1715 3323 1770 secundum
3341 1715 3577 1786 dignita.

1995 1817 2099 1860 tem
2149 1807 2388 1861 debitam
2441 1807 3012 1876 cognominationem:
3065 1814 3116 1861 et
3179 1807 3293 1861 haec
3355 1811 3572 1866 locutus

1993 1899 2297 1968 subjunxit,
2332 1900 2508 1953 solum
2540 1901 2738 1954 bonum
2769 1913 2892 1954 esse
2925 1898 3162 1964 Patrem,
3194 1901 3285 1954 ubi
3311 1900 3480 1970 igitur
3513 1903 3568 1958 in

1991 1991 2078 2046 his
2117 1990 2286 2046 Filius
2323 1991 2425 2046 sibi
2463 1990 2694 2061 denegat
2729 1990 2872 2045 entis
2918 1990 3379 2060 appellationem?
3415 1994 3562 2062 quod

1993 2082 2210 2152 quidem
2244 2082 2441 2136 astruit
2463 2081 2763 2135 Eunomius
2793 2080 2907 2135 haec
2935 2079 3197 2149 adjiciens
3219 2081 3284 2134 ad
3308 2083 3566 2138 verbum:

1996 2174 2101 2239 Qui
2130 2177 2266 2228 enim
2313 2175 2434 2228 boni
2481 2174 2886 2243 appellationem
2922 2173 3022 2226 soli
3054 2173 3322 2226 convenire
3356 2173 3574 2238 docuit,

1995 2266 2076 2320 illi
2108 2284 2219 2321 suo:
2264 2267 2532 2336 omnisque
2585 2265 2836 2319 bonitatis
2871 2264 3076 2317 auctori
3118 2273 3166 2316 et
3209 2265 3420 2317 omnino
3462 2266 3568 2318 enli

321 2346 653 2416 προσήκειν
666 2343 911 2411 διδάξας
925 2344 1135 2410 ἐκείνῳ
1154 2341 1232 2408 τῷ
1247 2343 1342 2396 καὶ
1362 2340 1470 2410 τῆς
1486 2339 1778 2410 σφετέρας
1798 2338 1894 2392 καὶ

2002 2356 2207 2426 etquod
2241 2357 2303 2426 ﬁt
2327 2359 2515 2410 bonum
2539 2395 2554 2420 ,
2601 2356 2655 2408 in
2699 2354 2851 2408 illum
2890 2355 3086 2424 refert,
3133 2355 3220 2408 vix
3246 2372 3425 2410 eorum
3457 2372 3574 2426 qua:

323 2439 528 2505 πάσης
552 2436 916 2507 ἀγαθότητος
943 2436 1126 2500 αἰτίῳ,
1151 2433 1246 2488 καὶ
1268 2433 1526 2488 πάντοτε
1545 2432 1690 2496 ὄντι,
1712 2430 1806 2484 καὶ
1830 2431 1894 2483 τὸ

2002 2451 2167 2518 ﬁunt,
2208 2458 2518 2518 potestatem
2566 2456 2616 2501 et
2682 2448 2817 2500 entis
2867 2461 3054 2499 nomen
3107 2447 3210 2500 sibi
3270 2447 3570 2514 applicavit.

323 2530 638 2600 γινόμενον
663 2527 886 2597 ἀγαθὸν
906 2527 997 2580 ἐπ’
1020 2525 1252 2580 ἐκεῖνον
1272 2525 1486 2596 φέρωνο
1519 2522 1717 2594 σχολή
1741 2525 1792 2592 τ’
1817 2522 1896 2578 ἂν

2006 2538 2144 2605 Quid
2196 2540 2359 2594 habet
2403 2553 2690 2594 commune
2738 2552 2862 2592 eum
2909 2535 3072 2591 dictis
3115 2536 3394 2605 potestas?
3429 2534 3577 2602 Quo.

321 2621 443 2674 τῶν
471 2636 614 2673 ποτε
643 2619 972 2688 γινομένων
992 2617 1329 2685 ᾠκειώσατο
1354 2616 1467 2684 τὴν
1488 2615 1776 2680 ἐξουσίαν
1797 2613 1896 2667 καὶ

2002 2630 2166 2684 modo
2192 2645 2318 2684 cum
2355 2630 2456 2683 hac
2484 2637 2539 2684 et
2566 2629 2634 2683 ab
2667 2629 2807 2684 entis
2835 2628 3205 2682 nominatione
3235 2625 3406 2682 Filius
3437 2627 3572 2682 alie-

320 2713 439 2780 τὴν
453 2711 556 2766 τοῦ
574 2711 746 2776 ὄντος
762 2709 1192 2779 ἐπωνυμίανῙΓί
1207 2709 1453 2762 κοινωνεῖ
1465 2710 1575 2770 τοῖς
1589 2710 1634 2759 εί
1644 2724 1708 2778 ρη
1717 2706 1896 2775 μένοις

2002 2734 2162 2776 natus
2190 2721 2315 2776 est?
2346 2719 2450 2774 Sed
2489 2719 2618 2790 quid
2645 2721 2826 2789 potius
2860 2719 2914 2773 iu
2945 2719 3030 2773 his
3060 2717 3326 2788 agendum
3381 2719 3450 2772 sit
3482 2733 3576 2773 ηε·-

319 2808 354 2878 ή
380 2804 598 2872 ἐξουσία
617 2822 630 2870 ;
650 2803 774 2865 Πῶς
795 2803 850 2856 δὲ
876 2801 1011 2872 μετὰ
1031 2801 1232 2865 ταύτης
1249 2800 1343 2854 καὶ
1358 2800 1458 2870 τῆς
1477 2798 1571 2851 τοῦ
1587 2799 1738 2860 ὄντος
1753 2799 1897 2849 ἐπωο

2003 2817 2145 2880 scio,
2179 2831 2248 2869 an
2280 2813 2504 2868 ridenda
2537 2813 2866 2875 sitinscitia,
2890 2827 2958 2866 an
2991 2811 3295 2866 miseranda
3319 2810 3570 2880 perditio.

321 2897 523 2967 νυμίας
565 2897 594 2949 6
638 2894 764 2957 Υἱὸς
799 2893 1183 2964 ὴλλοτρίωταις
1241 2891 1377 2944 Ἀλλ’
1407 2891 1506 2943 οὐκ
1554 2886 1667 2942 οἶδα
1699 2888 1752 2942 τί
1791 2887 1896 2960 χρὴ

2004 2907 2212 2961 Etenim
2249 2905 2368 2974 ejus
2395 2905 2562 2958 dictio
2598 2919 2704 2956 non
2736 2909 3016 2972 assumpta
3054 2910 3110 2954 ut
3147 2903 3200 2954 in
3246 2916 3346 2955 usu
3377 2908 3572 2953 natura

322 2989 486 3040 πλέον
515 2987 572 3039 ἐν
596 2984 804 3047 τούτοις
825 2987 998 3037 ποιεῖν
1019 3002 1032 3015 ο
1059 2983 1222 3054 γελᾷν
1249 2983 1347 3054 τὴν
1370 2981 1632 3052 ἀμαθίαν,
1665 2981 1696 3051 ἢ
1729 2979 1898 3034 ἐλεεῖν

2003 2996 2142 3050 solet
2172 2993 2427 3062 usurpari
2473 2991 2616 3062 apud
2662 3007 2758 3046 eos
2803 2992 2897 3060 qui
2942 2991 3190 3044 oratione
3238 2990 3316 3043 uti
3367 2991 3570 3056 sciunt,

321 3081 424 3150 τὴν
449 3077 745 3131 ἀπώλειαν.
796 3076 870 3129 Ἦ
914 3093 970 3129 τε
1009 3075 1117 3144 γὰρ
1149 3075 1246 3144 τῆς
1282 3074 1546 3144 σφετέρας
1580 3073 1726 3139 λέξις
1749 3112 1763 3132 .
1799 3072 1898 3141 οὐχ

2006 3086 2160 3139 valde
2204 3083 2445 3154 peritum’
2478 3098 2599 3137 esse
2638 3089 2874 3137 testatur
2907 3081 2960 3134 in
2996 3096 3060 3137 eo
3103 3080 3404 3136 rhetorices
3438 3081 3572 3134 arti-

321 3168 495 3231 οὕτως
524 3167 852 3236 ἐκληφθεῖσα
872 3166 945 3228 ὡς
975 3165 1182 3234 πέφυκέ
1208 3183 1264 3217 τε
1298 3165 1391 3217 καὶ
1411 3163 1598 3218 εἴωθεν
1620 3166 1677 3217 ἐν
1708 3164 1901 3234 χρήσει

2006 3175 2132 3231 licio
2158 3190 2270 3246 quo
2294 3174 2514 3228 nomina
2535 3174 2640 3228 alia
2668 3190 2764 3244 pro
2796 3173 2920 3228 aliis
2949 3184 3244 3244 ponuntur,
3271 3188 3436 3242 quam
3458 3175 3573 3244 glo-

321 3259 571 3328 γίνεσθαι
606 3257 757 3330 παρὰ
785 3261 896 3322 τοῖς
939 3258 1104 3310 εἰδόσι
1144 3256 1447 3327 κεχρῆσθαι
1483 3256 1626 3327 λόγῳ
1649 3296 1664 3320 ,
1704 3256 1902 3328 πολλὴν

321 3349 474 3421 αύτῷ
501 3351 771 3422 μαρτυρεῖ
796 3349 894 3419 τῆς
939 3347 1402 3416 ἀντονομαστικῆς
1428 3347 1771 3417 τεχνολογίας
1803 3348 1903 3418 τὴν

323 3444 658 3513 ἐπιστήμην,
689 3443 758 3512 ἢν
788 3442 879 3494 καὶ
914 3440 983 3493 τὰ
1019 3439 1280 3511 παιδάρια
1321 3437 1466 3510 παρὰ
1489 3441 1602 3502 τοῖς
1639 3455 1902 3508 γραμμα-

321 3535 534 3596 τισταῖς
559 3531 796 3602 ἀμογητὶ
813 3530 1159 3601 διεξέρχεται.
1186 3530 1293 3582 Καὶ
1308 3529 1368 3582 τὸ
1392 3527 1783 3601 παρενεχθῆναι
1809 3527 1901 3581 τοῦ

324 3625 692 3695 προκειμένου
727 3623 950 3692 γελοίως
980 3622 1141 3675 αὐτὸν
1171 3622 1304 3690 πρὸς
1332 3622 1399 3675 τά
1435 3621 1595 3694 μηδὲν
1621 3623 1905 3674 ἐπικοινω-

324 3718 525 3770 νοῦντα
553 3715 631 3785 τῷ
671 3715 815 3786 λόγῳ
855 3715 948 3768 καὶ
982 3713 1061 3784 τῷ
1092 3716 1329 3784 σχήματι
1361 3709 1808 3783 συμπεραστικῷ,
1841 3710 1902 3764 τὸ

328 3810 402 3880 μὴ
433 3811 711 3861 κοινωνεῖν
739 3807 829 3860 τὸν
858 3806 986 3860 Υίόν
1013 3806 1112 3876 τῆς
1135 3805 1449 3875 ἐπωνυμίας
1473 3803 1565 3857 τοῦ
1588 3803 1758 3867 ὄντος,
1783 3803 1904 3866 ταῖς

326 3900 639 3963 ἀλλοκότοις
674 3899 1115 3972 ἐφαρμοζόμενον
1163 3898 1526 3959 κατασκευαῖς
1553 3912 1566 3926 ·
1604 3897 1697 3949 καὶ
1725 3895 1902 3948 πάντα

323 3997 395 4050 τὰ
422 3992 649 4048 τοιαῦτα
665 3991 917 4063 καθάπερ
937 3990 1246 4060 ἐξεπίτηδες
1268 3989 1360 4042 ἐπὶ
1380 3989 1572 4057 γέλωτι
1599 3988 1900 4056 σύγκειται.

326 4087 497 4139 Ὥστε
538 4101 594 4137 τι
641 4083 735 4138 καὶ
787 4083 980 4137 παθεῖν
1011 4082 1171 4152 τυχὸν
1203 4081 1330 4144 τοὺς
1365 4080 1762 4151 ἀμελεστέρους
1810 4080 1903 4131 καὶ

323 4177 653 4247 ἐπιγελάσαι
685 4175 760 4246 τῷ
783 4177 1140 4248 ἀσυναρτήτῳ
1165 4175 1272 4228 τῶν
1310 4173 1500 4240 λόγων.
1555 4171 1715 4225 Ἀλλά
1741 4171 1800 4223 τὸ
1827 4171 1902 4241 μὴ

320 4265 469 4324 εἶναι
497 4268 590 4322 τὸν
632 4267 764 4322 Θεὸν
808 4267 1001 4336 Λόγον,
1036 4266 1069 4335 ἢ
1115 4265 1316 4333 ἀγαθὸν
1358 4265 1573 4328 πάντως
1606 4264 1680 4334 μὴ
1721 4256 1859 4315 εἶναι
1883 4277 1900 4294 ο

320 4361 507 4415 ταῦτα
536 4359 645 4429 γὰρ
686 4356 1082 4423 κατασκευάζει
1117 4358 1182 4411 δι’
1238 4352 1313 4411 ὧν
1359 4358 1460 4428 τήν
1506 4373 1566 4409 τε
1605 4355 1699 4408 τοῦ
1752 4355 1903 4418 ὄντος

2003 3267 2198 3321 riolam
2227 3265 2438 3336 parvuli
2471 3264 2612 3336 apud
2644 3264 3052 3334 grammatistas
3085 3264 3205 3318 sine
3242 3265 3427 3317 labore
3485 3280 3572 3317 se-

2003 3369 2242 3415 ctantur.
2273 3357 2336 3412 Et
2359 3357 2502 3428 quod
2531 3357 2646 3427 ipse
2663 3371 2692 3410 a
2716 3358 2992 3427 proposito
3015 3357 3244 3411 ridicule
3274 3356 3574 3412 transfera-

2004 3463 2092 3506 tur
2120 3450 2186 3504 ad
2215 3465 2276 3504 ea
2323 3463 2442 3518 quae
2484 3448 2689 3502 nullam
2725 3447 2925 3502 habent
2962 3449 3402 3502 communionem
3445 3463 3571 3503 cum

2003 3543 2209 3597 ratione
2235 3547 2290 3596 et
2333 3542 2506 3609 ligura
2541 3555 2647 3609 qua
2696 3539 2950 3594 concludi
2980 3539 3221 3604 deberet,
3275 3537 3417 3593 Filio
3460 3556 3568 3594 non

2001 3650 2124 3692 esse
2152 3650 2495 3688 communem
2523 3633 2666 3688 entis
2688 3631 3126 3702 appellationem,
3152 3633 3295 3700 quod
3315 3634 3572 3688 absurdis

2003 3735 2056 3782 et
2103 3725 2435 3796 portentosis
2462 3724 2658 3778 nititur
2687 3722 3100 3777 accommodare
3131 3723 3568 3791 probationibus.

2004 3817 2129 3873 llaec
2154 3830 2207 3875 et
2237 3819 2504 3889 ejusmodi
2539 3835 2659 3889 qua:
2689 3819 2855 3873 veluti
2893 3818 2960 3874 de
2994 3818 3269 3873 industria
3297 3819 3363 3873 ad
3395 3820 3568 3875 risum

2001 3911 2349 3966 excitandum
2409 3911 2642 3967 conllata
2688 3918 2838 3966 sunt.
2895 3909 2969 3963 Ita
3014 3919 3072 3963 ut
3122 3910 3238 3965 lieri
3287 3911 3460 3980 possit
3511 3920 3572 3968 ut

2003 4001 2166 4056 etiam
2209 4000 2546 4072 stupidiores
2575 4000 2718 4070 .quid
2751 3998 3128 4068 perpetiantur
3167 4005 3220 4054 et
3262 3998 3477 4054 rideant
3501 4001 3572 4056 ob

2002 4095 2488 4151 inconcinnitatem
2520 4096 2640 4166 ejus
2693 4112 3033 4153 sermonum.
3083 4095 3572 4154 Verumenimvero

2003 4185 2150 4256 quod
2176 4186 2318 4242 Deus
2341 4187 2576 4241 Verbum
2617 4203 2725 4242 non
2770 4189 2862 4252 sit,
2897 4188 2981 4243 vel
3023 4188 3168 4258 quod
3202 4190 3426 4244 omnino
3459 4204 3569 4244 non

2002 4277 2077 4333 sit
2106 4277 2306 4342 bonus,
2339 4277 2452 4331 haec
2473 4277 2616 4332 enim
2647 4279 2922 4348 praestruit
2947 4294 3043 4350 per
3071 4296 3192 4350 quae
3212 4289 3267 4336 et
3299 4280 3444 4336 cntis
3472 4295 3571 4334 no-

2005 4368 2360 4423 minationem
2404 4378 2457 4422 et
2493 4368 2618 4424 boui
2651 4370 3068 4440 appellationem
3113 4370 3247 4425 dicit
3291 4387 3399 4426 non
3429 4370 3570 4426 Filio

322 4451 650 4520 ἐπωνυμίαν
672 4450 766 4504 κα)⁵
793 4451 892 4520 τὴν
915 4448 1006 4503 τοῦ
1030 4448 1249 4518 ἀγαθοῦ⁸
1269 4449 1344 4521 μὴ
1373 4447 1701 4502 οἰκειοῦσθαι
1732 4446 1898 4514 λέγει.

2007 4473 2168 4528 posse
2203 4459 2419 4528 proprie
2450 4461 2772 4526 convenire;
2803 4467 2856 4514 ct
2897 4460 3043 4530 quod
3073 4461 3350 4530 prastruit
3377 4475 3566 4515 eorum

324 4544 446 4598 Kal.
477 4543 536 4596 τὸ
563 4540 990 4604 κατασκευάζειν
1038 4541 1133 4611 τὴν
1179 4541 1286 4594 τῶν
1330 4541 1626 4612 γινομένων
1658 4539 1902 4605 ἐξουσίαν

327 4634 410 4706 μὴ
437 4635 732 4704 προσήκειν
764 4633 929 4704 αὐτῷ,
951 4630 1122 4686 ταῦτα
1141 4632 1389 4704 δακρύων
1422 4633 1547 4698 ἀξια
1576 4632 1670 4686 καὶ
1701 4631 1902 4702 θρηνη-

321 4725 489 4796 τικῆς
523 4724 829 4788 συναυλίας.

404 4815 539 4869 υύδὲ
584 4816 692 4888 γὰρ
733 4815 876 4869 κατά
921 4833 1040 4869 τινα
1077 4815 1324 4886 προπετῆ
1363 4817 1458 4868 καὶ
1503 4817 1904 4887 ἀπερίσκεπτον

323 4907 512 4977 ὁρμὴν
539 4905 687 4969 ἆπαξ
714 4921 816 4959 που
847 4905 906 4958 τὸ
938 4903 1175 4957 τοιοῦτον
1204 4904 1727 4976 παραφθεγξάμενος
1745 4947 1760 4971 ,
1789 4900 1907 4958 εἶτα

326 4995 723 5068 ἐπανορθοῦται
738 4998 850 5060 τοῖς
869 4995 1065 5067 ἐφεξῆς
1091 4996 1152 5049 τὸ
1184 4995 1577 5067 πλημμέλημα,
1607 4997 1909 5066 ἀλλ’ὲμφι-

327 5090 564 5158 λοχωρεῖ
581 5091 646 5159 τῇ
670 5089 857 5159 κακίᾳ,
885 5092 997 5152 τοῖς
1033 5087 1303 5158 δευτέροις
1335 5087 1646 5157 φιλονεικῶν
1671 5087 1909 5158 ὑπερϐα-

326 5181 523 5235 λέσθαι
543 5182 610 5234 τὰ
632 5181 914 5251 φθάσαντα
933 5199 945 5212 ·
964 5181 1108 5250 λέγει
1132 5179 1235 5252 γὰρ
1253 5180 1471 5252 προῖὼν,
1504 5179 1799 5234 Τοσοῦτον
1813 5181 1910 5234 αὺ-

327 5274 442 5328 τὸν
469 5271 622 5328 εἶναι
635 5276 792 5329 κάτω
815 5275 926 5345 τῆς
942 5275 1102 5341 θείας
1116 5275 1373 5344 φύσεως,
1388 5273 1537 5327 ὅσον
1557 5273 1658 5327 ἀπ’
1674 5273 1932 5328 ἐκείνου·

330 5366 487 5434 πρὸς
519 5366 585 5420 τὸ
621 5367 1039 5434 ταπεινότερον
1059 5367 1097 5434 ἠ
1122 5363 1239 5418 τῶν
1275 5363 1545 5434 ἀγγέλων
1578 5363 1911 5432 ἀποϐέϐηκε

331 5459 555 5527 φύσιςο
589 5458 648 5510 ού
670 5457 878 5522 τούτοις
903 5457 1131 5528 γράφων
1153 5457 1264 5518 τοῖς
1293 5458 1548 5525 ῥήμασιν,
1583 5455 1718 5508 ἀλλὰ
1751 5473 1909 5508 κατα-

334 5550 622 5614 σκευάζων
656 5552 722 5604 δι’
753 5544 826 5604 ὧν
853 5550 1000 5621 λέγει
1030 5549 1128 5619 τὴν
1158 5547 1410 5617 τοιαύτην
1446 5547 1700 5602 διάνοιαν.
1749 5547 1906 5612 Ἐξε-

335 5657 424 5694 στι
453 5641 513 5694 δέ
547 5644 727 5712 κρῖναι
754 5640 844 5694 τὸν
869 5640 1025 5710 λόγον
1054 5642 1164 5702 τοῖς
1193 5639 1624 5708 ἐντυγχάνουσιν,
1657 5638 1768 5709 ἔχει
1801 5638 1910 5710 γὰρ

330 5733 482 5789 οὕτω
512 5732 580 5786 τὰ
605 5733 992 5806 γεγραμμένα’
1024 5733 1124 5797 Ὃς
1154 5729 1234 5796 τῷ
1253 5730 1369 5800 μὲν
1397 5730 1649 5799 ἅγγελος
1684 5729 1911 5800 ὠνομά-

2007 4565 2128 4620 qua:
2188 4549 2321 4604 llunt
2367 4557 2692 4620 potestatem
2742 4566 2850 4606 non
2901 4551 3002 4621 ipsi
3063 4561 3403 4622 competere:
3456 4553 3571 4606 hac

2006 4642 2264 4712 lacrymis
2297 4643 2458 4713 digna
2500 4651 2553 4697 et
2583 4641 2750 4698 ﬂebili
2783 4643 3136 4698 contibiciuio
3166 4644 3280 4698 sive
3313 4643 3570 4700 lamenta.

2079 4815 2262 4886 Neque
2296 4815 2438 4872 enim
2469 4816 2732 4886 praecipiti
2766 4816 3002 4886 quodam
3048 4823 3213 4886 atque
3255 4817 3568 4871 inconside-

2007 4919 2126 4960 rato
2159 4909 2383 4977 impetu,
2419 4906 2587 4960 semel
2614 4905 2812 4960 alicubi
2856 4906 2964 4960 tale
3001 4906 3258 4976 quiddam
3291 4922 3571 4976 perperam

2010 5000 2244 5064 locutus,
2277 4999 2330 5052 in
2374 4998 2732 5068 sequentibus
2776 4997 2975 5053 deinde
3006 5005 3249 5052 erratum
3287 4997 3572 5061 emendat;

2011 5088 2106 5144 sed
2157 5090 2213 5143 in
2254 5091 2517 5158 pravitate
2565 5087 2922 5152 immoratur,
2981 5102 3045 5142 ac
3106 5087 3360 5142 secundis
3401 5087 3576 5142 ambi-

2010 5181 2149 5234 tiose
2184 5179 2466 5234 contendit
2515 5178 2698 5248 priora
2740 5193 3040 5248 superare:
3072 5178 3206 5232 dicit
3244 5177 3390 5232 enim
3444 5192 3574 5248 pro-

2008 5270 2479 5340 gredienstsum
2511 5279 2657 5323 tanto
2696 5285 2809 5324 esse
2840 5269 3021 5323 divina
3047 5276 3240 5320 natura
3276 5268 3575 5336 inferiorem

2007 5372 2204 5431 quanto
2238 5362 2302 5414 ab
2332 5363 2426 5416 illo
2475 5361 2543 5416 ad
2592 5362 2846 5415 humilius
2911 5361 3216 5430 angelorum
3259 5370 3452 5414 natura
3488 5361 3579 5416 dc—

2007 5454 2239 5520 scendit;
2269 5455 2413 5524 quod
2439 5455 2656 5524 quidem
2683 5469 2792 5508 non
2817 5452 3007 5507 iisdem
3038 5453 3214 5508 verbis
3247 5453 3458 5516 scribit,
3487 5455 3579 5509 sed

2015 5562 2108 5618 per
2131 5563 2193 5602 ea
2225 5563 2346 5618 quae
2384 5547 2514 5602 dicit
2540 5545 2701 5601 talem
2744 5545 3069 5601 sententiam
3095 5546 3325 5614 astruit;
3362 5546 3582 5600 lectori-

2017 5640 2120 5694 bus
2154 5648 2332 5694 autem
2384 5654 2691 5696 sermonem
2744 5639 2873 5694 licet
2911 5637 3216 5708 dijudicare
3257 5655 3272 5692 :
3313 5639 3396 5693 sic
3435 5637 3579 5691 enim

2019 5732 2223 5802 scripta
2252 5731 2416 5810 verba
2442 5731 2646 5788 habent
2678 5749 2691 5785 :
2725 5729 2831 5799 Qui
2861 5746 2926 5786 ea:
2963 5748 3021 5787 eo
3062 5733 3198 5802 quod
3241 5727 3456 5798 angelus
3492 5743 3586 5779 no-
