4002 6218
277 411 386 469 869

1403 402 1682 462 CONTRA
1708 397 2096 463 EUNOMIUM,
2136 396 2262 453 LIB.
2310 398 2395 453 ΧΙ.

3446 399 3549 453 870

277 527 593 598 γενόμενος’
626 526 848 579 κάκεῖνο
870 524 926 578 δὲ
956 525 1039 589 τίς
1069 526 1253 595 ἀγνοεῖ
1279 527 1388 583 τῶν
1417 526 1657 586 πάντων,
1685 526 1765 577 ὅτι
1791 521 1869 592 τῷ

1986 532 2153 587 psunt
2187 516 2424 572 Verbum
2458 523 2574 582 est,
2605 516 2699 573 sed
2745 518 2973 573 alterius
3020 517 3257 587 alicujus
3294 515 3456 572 Verhi
3491 513 3550 570 lit

276 619 393 672 δντι
413 616 477 672 τὸ
510 616 585 689 μὴ
608 616 669 670 ὃν
694 618 1106 688 ἀντιδιαιρεϊται
1145 620 1305 691 μόνον
1328 637 1342 686 ;
1377 621 1539 674 Ὥστε
1566 619 1596 671 ὁ
1622 619 1713 670 τὸν
1741 614 1868 668 Υίδν

280 710 713 775 ἀντιδιαστείλας
751 709 830 780 τῷ
859 708 1006 772 ὄντι,
1048 711 1237 781 σαφῶς
1291 710 1604 776 ’ἰουδαΐζει,
1642 708 1743 778 τὴν
1773 704 1867 759 τοῦ

278 802 620 872 Μονογενοῦς
648 802 942 857 ὑπόστασιν
963 802 1317 857 ὐποκλέπτων
1345 803 1439 857 τοῦ
1455 803 1742 872 δόγματος.
1774 801 1869 853 Ὃν

278 897 392 967 γὰρ
413 895 519 963 ἔξω
539 896 642 966 τῆς
665 894 762 949 τοῦ
782 895 934 959 δντος
958 894 1272 966 ἐπωνυμίας
1299 895 1467 964 λέγει,
1495 895 1592 947 καὶ
1610 890 1704 945 τοῦ
1732 885 1871 943 εἶναι

280 988 504 1051 παντως
532 984 833 1059 ἐξῃρῆσθαι
858 986 1278 1051 κατασκευάζει.
1314 987 1389 1039 Ού
1418 986 1525 1057 γὰρ
1555 983 1620 1054 δὴ
1648 982 1710 1036 τὸ
1731 976 1871 1035 εἶναι

279 1079 459 1142 διδοὺς
505 1078 642 1150 πρὸς
683 1077 777 1131 τὸν
827 1076 920 1131 τοῦ
967 1078 1212 1149 ῥήματος
1262 1072 1395 1149 ἦχον
1440 1074 1867 1145 διενεχθησεται.

294 1173 456 1227 Ἀλλὰ
478 1173 573 1227 καὶ
592 1173 657 1243 τῇ
682 1171 873 1243 Γραφῇ
897 1170 1184 1243 κρατύνειν
1205 1171 1475 1241 ὲπιχειρεῖ
1494 1167 1593 1240 τὴν
1618 1165 1869 1229 ἀτοπίαν,

280 1266 377 1320 uel.
421 1263 787 1337 προϐάλλεται
837 1261 930 1317 τὸν
976 1260 1184 1318 Μωσέα
1235 1261 1534 1333 συνήγορον
1581 1257 1723 1312 κατὰ
1769 1255 1872 1327 τῆς

280 1357 559 1429 ἀληθείας.

363 1610 453 1674 Ὦς
497 1610 606 1683 γὰρ
637 1610 847 1665 ἐκεῖθεν
875 1610 1008 1682 ἡμῖν
1048 1610 1433 1680 διαλεγόμενος
1472 1609 1600 1672 τοὺς
1637 1606 1873 1670 οἰκείους

284 1704 490 1775 μύθους
540 1703 663 1758 κατ’
712 1702 964 1768 ἐξουσίαν
1007 1701 1228 1769 διέξεισι
1274 1701 1481 1770 λέγων,
1524 1701 1606 1753 ὃτι
1648 1700 1711 1752 '0
1756 1699 1874 1768 μὲν

1976 608 2233 672 Verbum,
2265 608 2514 664 minister
2544 616 2599 663 et
2630 610 2877 678 angelus,
2899 609 2951 663 id
2982 617 3087 673 est,
3121 609 3378 674 nuntius,
3405 607 3552 663 illius

1971 698 2169 754 luctus.
2207 697 2345 753 Illud
2368 709 2548 754 autem
2572 700 2697 769 quis
2729 702 2973 755 omnium
3009 699 3224 771 ignorat
3248 699 3395 770 quod
3439 698 3553 754 euti

1971 790 2149 847 solum
2184 792 2486 862 opponitur
2507 807 2616 846 non
2646 791 2781 846 ens?
2827 791 3007 859 Quare
3036 793 3129 863 qui
3160 790 3356 847 Filium
3392 791 3461 846 ab
3486 806 3553 846 eo

1972 883 2065 952 qui
2094 889 2200 945 est,
2235 880 2547 952 distinguit,
2588 878 2881 936 manifeste
2946 880 3226 951 judaizat,
3276 876 3555 947 Unigeniti

1974 989 2265 1045 personam
2294 990 2325 1028 a
2374 972 2626 1045 dogmate
2659 972 2992 1043 subripiens.
3026 970 3200 1038 Quem
3229 970 3375 1027 enim
3402 979 3557 1024 extra

1976 1066 2121 1122 entis
2161 1066 2589 1121 nominationem
2611 1064 2767 1132 dicit,
2789 1080 2853 1119 ex
2884 1078 3067 1119 rerum
3086 1072 3281 1118 natura
3310 1060 3556 1117 funditus

1975 1165 2287 1227 exemptum
2322 1173 2447 1214 esse
2492 1158 2710 1213 astruit.
2772 1155 2890 1211 Non
2916 1154 3060 1211 enim
3086 1156 3177 1227 qui
3202 1155 3295 1211 dat
3322 1169 3468 1217 esse,
3488 1152 3558 1208 de

1979 1248 2130 1305 nudo
2158 1250 2409 1305 vocabuli
2444 1266 2580 1307 sono
2611 1250 2864 1321 litigabit.
2894 1247 3379 1306 Verumenimvero
3411 1244 3560 1301 Scri-

1979 1348 2155 1411 ptura:
2182 1341 2500 1398 testimonio
2529 1342 2927 1398 absurditatetn
2959 1340 3291 1394 continuare
3313 1337 3559 1403 molitur,

1974 1446 2041 1489 ac
2071 1432 2275 1490 Mosem
2306 1432 2565 1506 proponit
2585 1443 2775 1490 contra
2808 1434 3093 1490 veritatem
3128 1440 3446 1503 patronum.

2051 1610 2122 1665 Ut
2169 1609 2316 1666 enim
2356 1610 2468 1666 illic
2497 1611 2775 1667 disserens
2805 1624 2936 1666 suas
2995 1608 3208 1664 fabulas
3260 1620 3358 1675 pro
3392 1604 3560 1660 animi

1976 1701 2205 1757 arbitrio
2260 1702 2418 1758 nobis
2476 1712 2719 1766 enarrat,
2757 1703 2886 1756 dum
2944 1701 3108 1764 dicit,
3147 1698 3294 1770 quod
3342 1696 3443 1752 Ille
3470 1697 3562 1769 qui

280 1792 683 1851 ἀποστέλλων
707 1793 971 1863 Μωσῆν,
1007 1793 1192 1859 αὐτὸς
1217 1789 1299 1864 ἦν
1328 1795 1361 1847 ό
1387 1789 1507 1854 ὢν,
1539 1792 1614 1846 δι’
1652 1786 1728 1847 οὗ
1770 1790 1868 1844 καί

1986 1792 2178 1850 Hosem
2215 1796 2380 1859 misit,
2410 1796 2521 1863 ipse
2548 1804 2662 1850 erat
2691 1795 2784 1864 qui
2813 1803 2892 1848 est
2925 1809 2945 1858 ;
3020 1806 3111 1862 per
3156 1808 3307 1861 quem
3355 1799 3403 1845 et
3437 1791 3565 1843 mit-

278 1887 625 1943 ἀπέστελλε
658 1887 755 1940 καὶ
798 1884 1003 1941 ἐλάλει
1023 1904 1035 1919 ·
1078 1886 1186 1940 τοῦ
1218 1885 1336 1955 μὲν
1384 1885 1559 1950 ὄντος
1593 1882 1868 1954 ἄγγελος,

280 1977 406 2033 τῶν
429 1979 500 2032 δὲ
529 1978 736 2033 ἄλλων
753 1977 1038 2032 ἁπάντων
1064 1977 1229 2044 Θεός.
1274 1975 1415 2030 Ἀλλ’
1437 1977 1521 2030 ὅτι
1553 1974 1650 2046 μὲν
1676 1975 1775 2028 οὐκ
1808 1975 1873 2026 ὲκ

276 2070 393 2123 τῶν
428 2069 827 2142 γεγραμμένων
863 2071 1013 2123 ἐστὶν
1042 2070 1076 2141 ἠ
1107 2069 1288 2141 ῥῆσις,
1325 2068 1382 2135 ἐξ
1415 2067 1588 2137 αὐτῆς
1620 2066 1736 2120 ἐστι
1771 2068 1874 2136 τῆς

279 2160 510 2234 Γραᾳῆς
535 2161 756 2216 εἰδέναι.
792 2160 855 2215 Et
878 2161 936 2215 δὲ
960 2162 1053 2215 τὸν
1081 2160 1209 2215 νοῦν
1233 2177 1366 2231 φησι
1393 2159 1582 2214 τοῦτον
1612 2155 1752 2213 εἶναι
1778 2156 1872 2212 τοῦ

281 2252 633 2323 γράμματος,
665 2252 830 2316 αὐτὸς
850 2254 982 2324 ἡμῖν
1001 2252 1314 2318 ἑξεταστέος
1337 2255 1367 2306 6
1394 2250 1750 2325 πρωτὸτυπος
1777 2251 1875 2322 τῆς

278 2345 511 2416 ι’ραφῆς
537 2344 712 2415 λόγος.
748 2345 858 2399 Καὶ
882 2345 1101 2418 πρῶτόν
1129 2361 1195 2415 γε
1227 2346 1648 2418 καταράσωμεν,
1675 2346 1757 2398 ὅτι
1784 2344 1875 2397 τὸν

283 2439 409 2509 μετ’
438 2438 603 2494 αὑτὸν
635 2436 770 2492 Θεὸν
835 2440 867 2492 ὁ
910 2438 1176 2510 Εὑνόμιος
1197 2439 1470 2511 ὀνομάσας
1505 2438 1597 2492 τὸν
1634 2436 1838 2509 Κύριον
1856 2477 1872 2503 ,

276 2530 439 2584 οὐδὲν
470 2529 621 2600 αύτῷ
646 2530 807 2584 πλέον
839 2531 990 2603 παρὰ
1015 2531 1115 2604 τὴν
1145 2530 1444 2602 ἀγγελικὴν
1474 2530 1655 2584 δίδωσι
1688 2529 1872 2599 φύσιν.

278 2622 427 2675 (ﬁtﬁt
460 2623 567 2693 γὰρ
595 2623 624 2675 6
663 2623 905 2690 Μωῦσῆς
928 2622 1171 2687 ἀκούσας
1210 2623 1335 2685 θεὸς
1361 2617 1500 2676 εἶναι
1529 2622 1624 2676 τοῦ
1650 2620 1872 2694 Φαραὼ,

276 2713 447 2787 ἐξέϐη
472 2715 571 2786 τὴν
598 2714 994 2788 ἁνθρωπότητα
1017 2732 1031 2747 ’
1068 2716 1185 2771 ἀλλ’
1214 2717 1272 2769 ἐν
1298 2718 1364 2788 τῇ
1395 2714 1557 2785 φύσει
1589 2716 1651 2769 τὸ
1680 2715 1873 2787 ὁμότι-

275 2824 391 2878 μον
423 2806 597 2877 ἔχων,
635 2810 703 2878 τῇ
744 2808 846 2878 τῆς
884 2807 1130 2873 ἐξουσίας
1175 2809 1417 2879 ὑπεροχῇ
1453 2806 1563 2860 τῶν
1599 2806 1876 2879 ὁμογενῶν

272 2896 598 2970 ὑπερήρθη,
621 2898 716 2951 καὶ
738 2898 891 2952 οὐδὲν
916 2897 1188 2953 ἐκώλυσεν
1210 2897 1374 2951 αὐτὸν
1398 2899 1535 2968 πρὸς
1554 2897 1618 2951 τὸ
1639 2896 1713 2969 μὴ
1737 2893 1876 2951 εἶναι

272 2989 597 3061 ἄνθρωπον,
625 2990 688 3043 τὸ
714 2990 981 3062 κληθῆναι
1018 2990 1165 3045 θεόν.
1211 2988 1370 3045 Οὕτω
1396 2991 1491 3044 καὶ
1525 2990 1756 3045 ἐνταῦθα
1781 2990 1877 3045 ἱνα

1975 1884 2112 1939 tebat
2137 1895 2186 1939 et
2219 1883 2570 1953 loquebatur;
2624 1882 2737 1952 eius
2775 1882 2984 1953 quidem
3015 1882 3105 1953 qui
3138 1890 3238 1946 est,
3301 1881 3562 1951 angelus;

1972 1974 2201 2029 aliorum
2239 1987 2415 2029 autent
2449 1974 2682 2028 omnium
2739 1973 2894 2029 Deus.
2962 1972 3069 2027 Sed
3121 1972 3269 2042 quod
3307 1971 3423 2025 haec
3451 1986 3563 2026 non

1973 2068 2084 2122 sint
2114 2066 2415 2136 Scriptura:
2458 2067 2653 2132 verba,
2685 2066 2813 2121 licet
2861 2081 2926 2121 ex
2963 2064 3081 2135 ipsa
3109 2064 3396 2134 Scriptura
3431 2078 3564 2134 per-

1971 2158 2206 2229 spicere.
2257 2157 2412 2225 Quod
2446 2158 2492 2215 si
2560 2158 2702 2213 hanc
2730 2156 2866 2212 dicit
2899 2171 3023 2213 esse
3071 2163 3309 2212 mentem
3343 2155 3561 2221 litterae,

1974 2252 2094 2324 ipse
2125 2252 2286 2309 nobis
2314 2251 2676 2322 primigenius
2706 2250 3005 2321 Scriptum:
3032 2264 3215 2306 sermo
3243 2248 3566 2305 examinan-

1974 2343 2078 2400 dus
2103 2356 2207 2400 est.
2256 2342 2325 2398 Et
2374 2345 2618 2415 primum
2667 2343 2888 2415 quidem
2940 2343 3071 2399 illud
3123 2341 3566 2398 abominabimur

1975 2436 2120 2507 quod
2153 2451 2277 2492 cum
2312 2436 2673 2508 posteriorem
2705 2435 2878 2492 Deum
2914 2436 3221 2491 nominavit
3260 2434 3565 2490 Eunomins

1975 2528 2292 2593 Dominum,
2328 2529 2465 2584 nihil
2493 2528 2545 2584 ei
2590 2528 2828 2600 amplius
2865 2543 3029 2599 quam
3081 2536 3332 2583 naturam
3363 2528 3570 2598 angeli-

1976 2634 2099 2676 cam
2145 2620 2417 2676 attribuit.
2454 2618 2643 2689 Neque
2675 2620 2821 2676 enim
2853 2617 3031 2675 Moses
3061 2634 3185 2674 cum
3224 2618 3398 2673 audiit
3426 2616 3567 2674 deus

1975 2709 2101 2768 esse
2130 2710 2464 2776 Pharaonis,
2487 2710 2883 2765 humanitatem
2905 2709 3058 2766 exuit
3092 2710 3168 2775 ";
3196 2708 3291 2765 sed
3318 2707 3567 2763 eamdem

1977 2815 2233 2863 naturam
2286 2807 2517 2871 habens.
2569 2805 2858 2877 potestatis
2918 2805 3279 2877 praerogativa
3334 2802 3420 2860 his
3473 2803 3568 2873 qui

1977 2898 2229 2969 ejusdem
2262 2902 2481 2970 generis
2506 2898 2946 2969 superexaltatus
2962 2906 3085 2965 est;
3120 2898 3363 2969 nihilque
3390 2895 3567 2952 vetuit

1979 2992 2160 3062 ipsum
2193 3005 2318 3048 esse
2340 2990 2639 3055 hominem,
2668 2990 2814 3060 quod
2837 2999 3062 3045 vocatus
3102 2989 3175 3046 sit
3214 2986 3371 3044 deus.
3403 2988 3495 3044 Sic
3514 2996 3571 3045 et

269 3083 395 3136 τῶν
427 3083 676 3152 ἀγγέλων
717 3084 747 3135 6
783 3083 1047 3155 Εὑνόμιος
1083 3083 1246 3137 αὑτὸν
1280 3078 1418 3137 εἶναι
1461 3082 1877 3147 κατασκευάσας

1986 3085 2076 3141 hic
2131 3100 2300 3141 unum
2362 3084 2682 3156 angelorum
2734 3083 2913 3155 ipsum
2965 3096 3088 3140 esse
3153 3097 3278 3137 eum
3331 3083 3573 3138 asseruit

273 3172 583 3243 θεραπεύει
627 3173 690 3227 τὺ
739 3173 951 3227 τοιοῦτο
1019 3172 1401 3245 πλημμέλημα
1466 3174 1566 3246 τῆς
1631 3173 1882 3245 θεότητος

274 3264 480 3334 κλήσει
529 3264 673 3317 κατὰ
704 3264 799 3319 τὸν
841 3263 1169 3319 ἅποδοθέντα
1218 3265 1397 3335 λόγον,
1438 3264 1728 3337 ὁμωνυμίᾳ
1779 3265 1886 3320 τινὶ

272 3357 425 3424 πρὸς
448 3355 615 3411 αὐτὸν
636 3355 737 3428 τὴν
763 3355 858 3409 τοῦ
899 3356 1037 3412 Θεοῦ
1067 3359 1438 3430 προσηγορίαν
1479 3359 1882 3431 κοινοποιήσας.

291 3447 679 3520 Ἐξετάσωμεν
705 3448 870 3504 πάλιν
893 3447 1036 3503 αὐτὰ
1062 3448 1132 3503 τὰ
1155 3451 1373 3522 ῥήματα
1403 3449 1505 3521 τῆς
1535 3450 1890 3523 βλασφημίας

276 3539 597 3611 έκθέμενοι.
632 3541 697 3595 '0
716 3540 1138 3603 ἀποστέλλων,
1163 3542 1319 3612 φησὶ,
1348 3542 1455 3595 τὸν
1484 3541 1758 3606 Μωῢσέα,
1781 3544 1881 3598 αὐ-

276 3632 391 3697 τές
430 3627 511 3700 ἦν
552 3634 586 3686 ό
611 3630 719 3695 ὢν,
750 3632 825 3685 δι’
859 3629 931 3688 οὗ
973 3632 1044 3686 δὲ
1072 3631 1464 3697 ἀπέστειλεν,
1510 3638 1543 3688 ό
1573 3635 1679 3689 τοῦ
1712 3634 1887 3703 ὄντος

278 3725 546 3794 ἅγγελος
564 3719 663 3794 ἦν,
685 3724 859 3790 οὕτως
884 3724 1165 3796 ὀνομάζων
1190 3726 1282 3780 τὸν
1308 3724 1533 3797 Κύριον.
1556 3725 1768 3780 Οὐκοῦν
1794 3728 1887 3781 ὑπ’

281 3816 465 3887 αὐτῆς
496 3816 781 3887 ἐλέγχεται
818 3820 917 3889 τῆς
952 3816 1170 3889 Γραφῆς
1197 3820 1231 3889 ή
1262 3818 1461 3872 ἀτοπία
1493 3818 1587 3872 τοῦ
1620 3816 1888 3892 λογογρά-

280 3924 414 3973 φου,
445 3907 504 3958 έν
528 3900 611 3969 οἷς
642 3909 671 3960 6
694 3907 937 3978 Μωῦσῆς
979 3908 1208 3961 ἱκετεύει
1242 3907 1333 3961 τὸν
1365 3908 1572 3980 Κύριον
1607 3911 1681 3981 μὴ
1719 3911 1888 3981 ἄγγε-

280 3999 381 4051 λςν
407 4001 478 4070 τῇ
512 3998 780 4070 ἡγεμονίᾳ
815 3998 910 4052 τοῦ
945 3999 1074 4053 λαοῦ
1103 4000 1433 4071 ἐπιστῆσαι,
1459 4001 1573 4055 ἀλλ’
1598 4003 1759 4056 αὐτὸν
1790 4003 1889 4074 τῆς

282 4089 526 4160 πορείας
554 4089 736 4143 αὐτῶν
765 4090 1174 4163 ἀφηγήσασθαι.
1206 4092 1360 4162 Ἔχει
1386 4092 1443 4145 δὲ
1478 4091 1650 4157 οὕτως
1679 4096 1712 4164 ἡ
1745 4092 1889 4161 λέξις

284 4184 358 4236 ἐκ
378 4180 679 4253 προσώπου
708 4181 804 4235 τοῦ
834 4181 992 4236 Θεοῦ·
1025 4182 1251 4249 Βάὃιζὲ,
1279 4184 1583 4252 κατάϐηθι,
1617 4187 1715 4239 καὶ
1752 4183 1892 4249 d611-

283 4290 496 4347 τησον
530 4272 641 4327 τὸν
667 4273 823 4328 λαὸν
861 4273 1078 4328 τοῦτον
1111 4277 1197 4340 εἰς
1239 4273 1349 4329 τὸν
1388 4276 1577 4329 τόπον
1616 4275 1686 4329 ὃν
1718 4271 1893 4331 εἶπόν

286 4382 401 4420 σοι
429 4380 444 4391 ⁸
479 4363 578 4417 καί
609 4362 740 4418 ιδσὺ
784 4362 1040 4434 ἄγγελός
1066 4380 1186 4433 μου
1246 4364 1674 4433 προπορεύεταί
1703 4380 1818 4419 σου
1852 4359 1892 4437 ᾗ

1990 3176 2313 3240 Eunomius,
2346 3177 2455 3231 tale
2485 3181 2768 3246 peccatum
2802 3182 2982 3237 sanat,
3009 3172 3313 3229 divinitatis
3339 3173 3572 3244 appella-

1986 3269 2139 3324 tione
2166 3267 2468 3324 secundum
2498 3269 2767 3323 rationem
2800 3265 3093 3334 redditam,
3138 3266 3269 3322 dum
3305 3266 3575 3340 homony-

1988 3358 2097 3412 mia
2141 3357 2380 3429 quadam
2430 3357 2535 3429 ipsi
2585 3358 2679 3414 Dei
2743 3355 3166 3428 appellationem
3225 3372 3572 3413 communem

1989 3449 2139 3506 facit.
2171 3448 2385 3507 Rursus
2433 3450 2546 3506 haec
2573 3449 2761 3506 eadem
2820 3451 2984 3505 verba
3018 3451 3395 3506 examinemus
3446 3466 3573 3506 cum

1986 3545 2326 3617 blasphemia
2357 3555 2716 3616 exponentes.
2745 3543 2852 3612 Qui
2881 3546 3027 3600 misit
3062 3545 3330 3618 Moysem,
3364 3549 3571 3618 inquit,

1987 3637 2096 3707 ipse
2128 3647 2240 3691 erat
2274 3637 2366 3707 qui
2406 3646 2521 3701 est,
2562 3652 2655 3706 per
2683 3652 2838 3707 quem
2884 3648 3062 3692 autent
3109 3639 3287 3702 misit,
3322 3640 3437 3710 ejus
3486 3642 3577 3714 qui

1987 3741 2062 3783 est
2101 3739 2215 3783 erat
2264 3728 2520 3799 angelus,
2562 3729 2642 3784 sic
2681 3729 2973 3786 natninans
3010 3731 3325 3787 Dominum.
3373 3730 3574 3790 Verum

1989 3818 2059 3873 al)
2091 3818 2209 3888 ipsa
2236 3817 2527 3889 Scriptura
2561 3818 2688 3874 vani
2724 3818 2892 3885 hujus
2946 3821 3235 3891 scriptoris
3263 3823 3577 3883 absurditas

1988 3907 2428 3979 reprehenditur,
2450 3909 2505 3965 in
2530 3925 2641 3981 qua
2672 3910 2846 3967 lloses
2872 3912 3105 3982 supplex
3137 3910 3425 3969 Dominum
3453 3926 3578 3971 orat

1990 4008 2051 4056 ut
2078 4016 2189 4056 non
2242 4001 2492 4071 angelum
2525 4003 2747 4058 ducatui
2774 4004 2957 4074 populi
2994 4004 3269 4075 praeﬁciat,
3305 4007 3399 4061 sed
3440 4008 3581 4079 ipse-

1991 4101 2102 4148 met
2126 4093 2339 4149 itineris
2366 4094 2609 4164 ipsorum
2636 4095 2830 4150 ducem
2887 4111 2947 4151 se
2979 4098 3263 4165 prazheret.
3309 4097 3403 4152 Sic
3428 4100 3575 4155 enim

1992 4183 2154 4240 habet
2176 4192 2467 4240 contextus
2490 4200 2556 4239 ex
2588 4199 2823 4256 persona
2857 4185 2988 4242 Dei:
3025 4183 3190 4251 Vade,
3218 4188 3491 4255 descende,
3525 4200 3578 4245 et

1990 4275 2093 4331 duc
2122 4275 2260 4330 hunc
2284 4277 2535 4346 populum
2577 4278 2632 4331 in
2663 4277 2839 4332 locum
2867 4295 3019 4348 quem
3061 4280 3157 4335 tibi
3194 4280 3310 4335 dixi
3342 4298 3361 4337 :
3392 4292 3442 4336 et
3465 4300 3581 4339 ecce

1991 4370 2208 4439 angelus
2236 4385 2380 4423 meus
2410 4381 2533 4424 ante
2550 4379 2599 4425 te
2621 4371 2793 4443 pergit
2820 4388 2927 4442 qua
2952 4372 3038 4426 die
3064 4372 3467 4429 consideravero
3494 4376 3538 4407 ¹¹¹
3561 4394 3578 4443 ;

287 4456 378 4511 ἂν
400 4453 591 4525 ἡμέρᾳ
613 4453 1054 4524 ἐπισκέπτωμαι
1073 4470 1087 4484 ο
1114 4453 1207 4507 καὶ
1235 4453 1350 4525 μετ’
1370 4452 1527 4522 ὀλίγα
1549 4452 1712 4507 πάλιν
1734 4454 1881 4527 φησί·

1994 4476 2057 4516 ac
2078 4461 2240 4531 paulo
2274 4471 2398 4534 post
2430 4463 2508 4517 ait
2564 4479 2797 4521 rursus:
2831 4463 2899 4519 Et
2922 4466 3084 4521 sintut
3122 4468 3333 4521 mittant
3384 4479 3507 4523 aute
3532 4481 3582 4525 te

290 4549 409 4605 Kal
425 4546 869 4603 συναποστελῶ
884 4547 1176 4616 πρότερόν
1193 4565 1309 4601 σου
1330 4548 1437 4601 τὸν
1473 4547 1729 4618 ἄγγελόν
1745 4566 1885 4617 μου.

292 4637 438 4696 εἶτα
468 4639 663 4713 μικρὸν
708 4638 848 4711 μετὰ
872 4639 971 4711 τὴν
1000 4637 1343 4701 ἀκολουθίαν,
1372 4638 1582 4709 γίνεται
1610 4640 1762 4711 παρὰ
1792 4643 1886 4694 τοῦ

292 4733 636 4804 θεράποντος
681 4731 819 4803 πρὸς
860 4730 953 4784 τὸν
988 4729 1122 4786 Θεὸν
1169 4732 1418 4802 ἱκετηρία
1453 4730 1642 4785 τοῦτον
1691 4732 1890 4804 ἔχουσα

292 4827 390 4878 τὸν
422 4825 643 4897 τρῦπον·
676 4826 747 4879 Ei
778 4823 1005 4893 εὕρηκα
1032 4821 1209 4894 χάριν
1234 4823 1514 4877 ἐναντίον
1553 4838 1693 4888 σου,
1723 4840 1892 4895 συμ-

295 4935 342 4971 ττ
362 4916 651 4985 ’ρευθήτω
673 4919 705 4971 ό
728 4917 944 4985 Κύριός
971 4933 1091 4986 μου
1117 4915 1246 4985 μεθ’
1272 4915 1457 4985 ἡμῶν
1487 4917 1582 4969 καὶ
1612 4917 1793 4981 πάλιν,
1823 4919 1890 4970 El

200 5072 207 5085 ι
293 5006 385 5077 μὴ
424 5006 610 5073 αὐτὸς
648 5006 1003 5076 συμπορεύῃ
1040 5004 1202 5075 ἡμῖν,
1242 5005 1327 5074 μή
1352 5022 1430 5073 με
1463 5006 1768 5079 ἀναγάγῃς
1799 5006 1898 5059 ἐν·

294 5098 515 5153 ταῦθα.
557 5094 688 5152 Εἶτα
723 5097 1015 5169 ἀπόκρισις
1045 5095 1140 5150 τοῦ
1173 5096 1310 5151 Θεοῦ
1342 5099 1477 5169 πρὶς
1509 5097 1599 5152 τὸν
1636 5098 1895 5154 Μωῦσέα·

300 5192 415 5245 Kal
452 5190 670 5243 τοῦτόν
714 5204 813 5243 σοι
858 5188 967 5243 τὸν
1010 5189 1199 5257 λόγον
1243 5187 1316 5241 ὃν
1359 5188 1606 5256 εἴρηκας
1644 5187 1897 5255 ποιήσω.

302 5285 587 5351 Εὗρηκας
634 5281 745 5352 γὰρ
781 5281 961 5352 χάριν
1000 5278 1258 5335 ἐνώπιόν
1298 5297 1439 5351 μου.
1489 5282 1597 5335 Kal
1652 5278 1787 5336 οἷὸἀ
1823 5296 1898 5339 σε

302 5373 471 5444 παρὰ
486 5372 735 5439 πάντας.
757 5372 968 5427 Οὐκοῦν
989 5372 1037 5424 εί
1059 5368 1295 5441 Matini};
1321 5371 1420 5442 μὲν
1446 5375 1784 5444 παραιτεῖται
1804 5374 1897 5429 τὸν

302 5465 564 5534 ἄγγελον,
592 5465 751 5529 αὐτὸς
776 5465 831 5519 δὲ
850 5466 879 5518 6
901 5462 1255 5537 χρηματίζων
1281 5463 1429 5535 αύτῷ
1453 5464 1787 5537 συνέμπορος
1811 5466 1899 5535 γί-

301 5576 483 5621 νςται,
519 5558 615 5610 καὶ
657 5557 983 5630 καθηγεμὼν
1012 5557 1111 5629 τῆς
1156 5558 1437 5627 στρατιᾶς,
1478 5557 1728 5629 φανερῶς
1759 5559 1897 5614 ἁπο-

1996 4555 2239 4628 angelum
2267 4575 2438 4613 meum
2470 4558 2534 4613 ".
2556 4556 2763 4616 Deinde
2802 4561 2964 4632 paulo
2992 4570 3136 4633 post,
3179 4572 3583 4635 consequenter

1997 4646 2056 4700 lit
2089 4648 2419 4718 supplicatio
2447 4649 2686 4705 ministri
2718 4650 2785 4705 ad
2816 4649 2984 4706 Deum
3032 4666 3155 4723 qua:
3180 4652 3246 4706 ad
3288 4651 3437 4707 hunc
3464 4667 3584 4707 mo-

1995 4738 2125 4794 dum
2166 4740 2332 4797 habet
2367 4760 2381 4795 :
2413 4740 2473 4798 Si
2503 4743 2675 4798 iuveni
2698 4743 2929 4814 gratiam
2961 4760 3142 4799 coram
3180 4756 3247 4814 te,
3272 4745 3432 4801 simul
3464 4761 3586 4815 pro-

1996 4830 2271 4899 ﬁciscatur
2306 4830 2566 4889 Dominus
2622 4852 2767 4890 meus
2793 4834 3065 4891 nobiscum
3093 4837 3140 4869 "
3170 4854 3186 4905 ;
3241 4846 3297 4892 et
3352 4853 3581 4894 rursus:

2001 4920 2125 4977 Nisi
2151 4923 2262 4994 ipse
2295 4926 2567 4980 uobiscum
2618 4927 2817 4993 venias,
2846 4944 2911 4983 tte
2961 4945 3042 4984 me
3074 4927 3200 4984 inde
3253 4927 3482 4984 abducat
3514 4931 3582 4984 ".

2001 5010 2207 5072 Deinde
2241 5013 2335 5071 Dei
2381 5018 2670 5087 responsio
2696 5017 2763 5072 ad
2794 5016 2999 5075 Mosem
3034 5040 3047 5077 :
3081 5018 3153 5074 Et
3182 5022 3319 5075 hunc
3350 5021 3446 5075 tibi
3476 5039 3587 5076 ser-

2002 5124 2208 5163 moaem
2249 5125 2399 5179 quem
2426 5110 2616 5165 dixisti
2646 5110 2879 5181 faciam;
2911 5113 3155 5169 invenisti
3184 5115 3326 5169 enim
3354 5116 3586 5185 gratiam

1998 5213 2180 5251 coram
2230 5215 2331 5253 me.
2398 5199 2468 5254 Et
2502 5203 2622 5257 noni
2681 5212 2730 5257 te
2792 5220 2956 5273 supra
3021 5221 3200 5260 attines
3230 5208 3297 5262 “.
3355 5204 3498 5278 Ergo
3540 5207 3586 5263 si

2005 5287 2221 5362 Moyses
2266 5303 2487 5348 recusat
2518 5294 2771 5364 angelum
2794 5335 2809 5361 ,
2857 5295 2976 5367 ipse
3010 5305 3194 5352 autem
3221 5299 3314 5369 qui
3344 5300 3591 5370 loquitur

2005 5396 2130 5436 cum
2165 5381 2306 5453 ipso,
2342 5383 2401 5438 ﬁt
2430 5399 2618 5440 eomes
2640 5392 2695 5440 et
2726 5385 2836 5441 dux
2864 5389 3164 5451 exercitus.
3185 5406 3284 5460 per
3320 5390 3434 5448 Ita’c
3468 5408 3587 5446 ma-

2004 5473 2205 5531 nifeste
2234 5474 2668 5543 demonstratur,
2719 5478 2867 5549 quod
2912 5480 3006 5537 ille
3050 5484 3143 5552 qui
3170 5483 3291 5554 ejus
3337 5486 3429 5556 qui
3466 5494 3587 5550 est,

2006 5570 2229 5622 nomine
2260 5568 2500 5638 seipsum
2538 5578 2728 5624 notum
2755 5567 2906 5649 fecit,
2935 5572 3255 5644 unigenitus
3282 5585 3368 5633 est
3422 5575 3585 5633 Deus.

299 5651 585 5706 δείκνυται
610 5650 702 5704 διὰ
732 5649 936 5704 τούτων
955 5692 970 5719 ,
1000 5650 1083 5704 ὅτι
1123 5651 1152 5704 ὁ
1191 5652 1257 5721 τῇ
1297 5648 1393 5702 τοῦ
1424 5649 1574 5713 ὄντος
1605 5651 1891 5724 ἐπωνυμία
1931 5654 2123 5712 ἑαυτὸν
2153 5660 2448 5731 γνωρίσας,
2481 5661 2510 5713 6
2546 5661 2842 5735 μονογενής
2867 5648 2984 5718 ἔστι
3011 5665 3163 5731 θεός.

385 5839 431 5873 ’⁷
471 5835 756 5900 Exodmt,
796 5835 842 5889 l.
879 5837 921 5869 ¹⁸
952 5833 1345 5898 Exod..xxxnt,
1394 5834 1437 5888 Ι.
1508 5836 1545 5865 ’³
1589 5834 1720 5890 ἰιήιῖ.
1753 5838 1807 5892 2.

1885 5838 1930 5871 ¹⁶
1960 5837 2131 5895 Exod.
2162 5854 2344 5905 xxxiv,
2370 5839 2420 5895 9.
2468 5841 2510 5872 υ
2539 5839 2708 5895 Exod.
2748 5858 2957 5909 xxxm,
3000 5843 3081 5900 l5.
3126 5847 3169 5879 "
3207 5846 3335 5901 ibid.
3376 5844 3454 5904 l7.
3492 5842 3570 5897 lzi.
