4002 6218
547 356 640 410 871

1833 369 1891 422 S.
1931 368 2262 428 ειιιῖοοιιιι
2300 371 2595 428 Νγδεεκι
3639 382 3721 436 8ἷῖ

613 483 768 552 Quod
801 484 846 540 si
871 483 995 553 quis
1031 484 1116 540 his
1139 483 1552 547 contradixerit,
1569 483 1806 540 Judaicaz
1829 486 2104 556 opinionis

2278 493 2338 545 Εἰ
2385 493 2442 544 δὲ
2489 491 2624 564 πρὸς
2667 491 2824 545 τοῦτό
2867 508 2952 554 τις
2999 489 3290 559 ἀντιλέγοι,
3335 491 3428 560 τῆς
3484 492 3722 565 Ἰουδαϊκῆς

543 578 650 633 erit
677 584 960 645 patronus,
994 574 1190 629 Filium
1227 576 1292 630 ad
1331 577 1515 646 populi
1555 578 1785 632 salutem
1817 594 1926 633 non
1951 580 2114 635 simul

543 677 851 717 assumens.
912 659 968 715 Si
1018 663 1161 717 enim
1215 665 1440 733 angelus
1493 679 1618 720 eum
1691 665 1952 724 lsraelitis
2002 684 2114 723 non

543 754 716 822 pergit
740 795 754 818 ,
781 752 874 821 qui
905 761 1085 807 autem
1113 769 1208 822 per
1235 755 1356 824 ejus
1387 756 1481 824 qui
1504 769 1588 812 est
1611 757 2112 815 denominationem

539 842 871 907 declaratur,
907 858 1015 896 non
1049 851 1134 898 est
1183 842 1528 915 Unigenitus,
1576 847 1718 903 sicut
1757 849 1873 904 vult
1925 849 2112 906 Euno-

542 935 705 997 mius,
746 935 881 988 nihil
930 933 1076 987 aliud
1118 949 1280 1004 quam
1323 951 1391 991 ex
1441 934 1724 1008 Syuagoga
1780 939 1998 1000 decreta
2056 941 2113 995 in

542 1025 842 1080 Ecclesium
877 1024 969 1080 Dei
1001 1026 1331 1081 transfertis.
1379 1028 1547 1097 Igitur
1587 1029 1820 1084 duorum
1881 1032 2112 1086 alterum

549 1115 862 1170 necessario
907 1115 1336 1183 confitebuntur,
1377 1120 1460 1173 vel
1521 1136 1790 1191 nusquam
1844 1121 1979 1180 Mosi
2017 1125 2114 1179 ad-

540 1207 714 1261 fuisse
741 1206 1080 1276 unigenitum
1116 1205 1321 1272 Deum,
1379 1211 1461 1265 vel
1518 1212 1698 1281 ipsum
1747 1210 1944 1267 Filium
1993 1230 2115 1270 esse

543 1314 667 1353 enm
704 1299 792 1365 qui
824 1305 927 1360 est,
987 1313 1017 1351 a
1047 1313 1156 1368 quo
1212 1300 1280 1354 ad
1333 1302 1644 1357 ministrum
1681 1304 1738 1359 fit
1767 1321 1968 1362 sermo.
2007 1307 2114 1363 Sed

545 1389 870 1445 contradicit
910 1389 1070 1444 dictis
1127 1391 1301 1460 ipsam
1360 1393 1698 1463 Scripturam
1735 1398 2109 1466 praetendens,

540 1496 663 1550 qua:
699 1481 780 1535 sic
811 1481 908 1543 ait,
941 1480 1116 1550 angeli
1179 1496 1365 1536 vocem
1401 1485 1774 1552 praecessisse,
1829 1500 1892 1540 ac
1924 1495 2113 1556 postea

539 1574 660 1640 ejus
699 1573 791 1642 qui
822 1579 906 1626 est
962 1572 1294 1642 colloquium
1342 1575 1694 1630 subsecutum
1736 1576 1946 1633 fuisse:
2008 1580 2113 1635 hoc

539 1678 647 1716 non
678 1670 762 1716 est
794 1662 1176 1730 contradictio,
1217 1662 1308 1717 sed
1369 1673 1686 1720 nostrorum
1742 1668 2107 1725 confirmatio.

536 1753 670 1806 Nam
701 1761 754 1808 et
791 1767 892 1808 nos
919 1753 1067 1808 clare
1124 1753 1358 1809 dicimus
1414 1755 1731 1825 prophetam
1775 1759 1843 1814 de
1893 1759 2113 1816 Christo

2216 584 2536 653 ὑπολήψεως
2569 583 2721 637 ἔσται
2757 584 3074 653 συνήγορος,
3104 583 3191 634 τὸν
3225 583 3350 635 Υἰίιν
3386 583 3458 652 μὴ
3490 600 3706 656 συμπαρα

2213 675 2504 744 λαμϐάνων
2539 676 2618 738 εἰς
2658 675 2757 744 τὴν
2789 673 2882 726 τοῦ
2929 672 3056 727 λαοῦ
3107 672 3394 743 σωτηρίαν.
3439 675 3498 727 Εἰ
3530 675 3622 744 γὰρ
3649 679 3725 744 ἀγ.

2215 765 2369 834 γελος
2411 766 2509 837 μὲν
2553 768 2665 828 τοῖς
2715 764 3074 837 Ἰσραηλίταις
3104 765 3163 817 οὐ
3197 763 3599 834 συναπέρχεται·
3633 767 3724 820 ὀᾶ

2210 856 2298 910 διὰ
2330 857 2428 925 τῆς
2470 855 2557 908 τοῦ
2587 855 2737 918 ὄντος
2767 854 3082 925 ἐπωνυμίας
3111 853 3450 924 δηλούμενος,
3480 857 3507 908 ό
3535 857 3726 924 Μονογε-

2212 947 2307 1016 νὴς
2334 947 2434 999 οὐκ
2463 946 2610 1011 ἔστι,
2653 945 2833 1009 καθὼς
2867 945 3130 1015 Εὑνόμιος
3162 944 3404 1014 βούλεται
3423 985 3436 1005 ,
3468 945 3601 998 οὐδὲν
3629 947 3725 1000 ἄλλο

2212 1037 2244 1108 ἢ
2275 1035 2341 1089 τὰ
2382 1038 2447 1089 ὲκ
2470 1036 2568 1106 τῆς
2599 1036 2916 1106 συναγωγῆς
2951 1035 3196 1104 δόγματα
3233 1034 3367 1105 πρὸς
3411 1033 3503 1103 τὴν
3541 1035 3724 1106 Ἐκκλη-

2213 1126 2335 1180 σίαν
2366 1125 2458 1179 τοῦ
2489 1125 2622 1178 Θεοῦ
2658 1124 3041 1196 μεταφέρεται.
3081 1123 3290 1178 Οὐκοῦν
3321 1125 3424 1176 τῶ)
3451 1124 3536 1176 δύο
3560 1125 3610 1176 τὸ
3639 1125 3726 1177 Ets-

2215 1235 2305 1289 ρον
2333 1218 2391 1282 ἐξ
2415 1219 2660 1285 ἀνάγκης
2698 1214 3150 1286 ὁμολογήσουσιν,
3185 1214 3218 1285 ἦ
3258 1213 3497 1284 μηδαμοῦ
3524 1217 3726 1284 παρεῖναι

2211 1309 2288 1379 τῷ
2313 1308 2513 1379 Μωῦσῇ
2540 1308 2630 1361 τὸν
2656 1305 2919 1378 μονογενῆ
2947 1305 3100 1368 Θεὸν,
3131 1306 3163 1376 ἢ
3192 1306 3356 1359 αὐτὸν
3378 1306 3464 1358 τὸν
3483 1306 3596 1359 Υἰὸν
3620 1302 3726 1359 εἶναι

2210 1400 2300 1452 τὸν
2324 1399 2472 1464 ὄντα,
2513 1400 2642 1469 παρ’
2671 1391 2732 1450 οὗ
2759 1399 2787 1449 ό
2814 1398 2971 1466 λόγος
3010 1397 3138 1468 πρὸς
3175 1396 3269 1450 τὸν
3306 1397 3587 1467 θεράποντα
3615 1398 3726 1463 γίνε-

2209 1510 2319 1546 ται.
2362 1492 2502 1545 Ἀλλ’
2535 1492 2804 1560 ἀντιλέγει
2833 1493 2946 1555 τοῖς
2979 1491 3292 1562 εἰρημένοις
3321 1491 3481 1562 αὐτὴν
3509 1491 3594 1562 τὴν
3620 1491 3728 1560 Γραο

2212 1584 2316 1655 φὴν
2358 1584 2771 1655 προτεινόμενος
2810 1584 3096 1651 λέγουσαν,
3143 1581 3376 1650 ἀγγέλου
3424 1580 3726 1651 προτετάχθαι

2212 1675 2416 1744 φωνὴν,
2458 1674 2551 1727 καὶ
2583 1674 2755 1738 οὕτως
2791 1675 3024 1746 ὲπῆχθαι
3073 1674 3163 1727 τὸν
3196 1673 3292 1726 τοῦ
3336 1674 3482 1736 ὄντος
3513 1673 3725 1740 διάλογον.

2212 1765 2383 1819 Τοῦτο
2408 1766 2465 1819 δὲ
2493 1767 2591 1819 οῦκ
2617 1767 2954 1836 ἀντίρρησις,
2979 1765 3115 1818 ἀλλὰ
3144 1765 3432 1834 βεδαίωσις
3450 1767 3548 1817 τῶν
3572 1766 3728 1835 ἡμετέ-

541 1845 857 1915 mysterium
891 1843 1241 1898 manifestum
1271 1844 1450 1900 facere
1477 1845 1786 1903 hominibus
1813 1849 2102 1916 volentem,

2211 1874 2316 1928 ρων
2349 1857 2514 1910 ἐστίν.
2547 1858 2654 1910 Καὶ
2686 1858 2844 1927 ἡμεῖς
2877 1858 2985 1929 γάρ
3028 1856 3213 1926 φαμεν
3247 1855 3484 1927 ἐναργῶς
3516 1857 3595 1908 τδν
3627 1871 3728 1924 πεῖθ-

537 1937 814 2006 angelum,
843 1951 966 1990 eum
1002 1935 1094 2004 qui
1132 1944 1234 2000 est,
1265 1937 1607 2007 appellasse;
1645 1954 1713 1993 ne
1743 1940 1788 1993 si
1818 1941 1934 1996 sola
1992 1941 2109 2011 ejus

536 2028 630 2097 qui
687 2034 790 2092 est,
849 2026 1151 2081 nominatio
1220 2027 1274 2080 in
1333 2027 1606 2098 colloquio
1646 2028 2001 2099 inveniretur,
2041 2032 2109 2088 ad

538 2120 749 2174 Patrem
779 2133 975 2173 sensus
1006 2133 1192 2171 eorum
1225 2132 1345 2186 qua:
1372 2119 1631 2174 dicuntur
1664 2119 1956 2176 referatur.
2002 2121 2109 2178 Sed

537 2210 990 2283 quemadmodum
1020 2218 1207 2264 noster
1237 2225 1418 2266 sermo
1471 2212 1670 2268 mentis
1718 2213 2106 2284 impnlsionum

537 2303 700 2359 index
767 2313 853 2356 est
905 2308 958 2354 et
1012 2301 1420 2356 internuntius:
1475 2302 1557 2356 sic
1623 2303 1787 2357 etiam
1850 2304 2106 2371 dicimus,

535 2408 722 2448 verum
774 2391 1010 2445 Verbum
1056 2391 1203 2461 quod
1269 2400 1356 2448 est
1407 2393 1463 2447 in
1515 2393 1786 2464 principio
1847 2397 2106 2452 nuntians

536 2485 738 2556 proprii
770 2483 948 2549 Patris
979 2485 1293 2550 consilium,
1332 2485 1402 2539 ob
1443 2485 1735 2541 nuntiandi
1767 2502 1968 2543 munus
1997 2502 2106 2557 quo

533 2577 650 2648 ipse
708 2576 969 2646 fungitur,
1037 2575 1289 2647 angelum
1349 2575 1484 2632 dici.
1540 2575 1607 2631 Et
1649 2578 2103 2647 quemadmodum

533 2667 786 2724 sublimis
817 2665 1058 2722 Joannes
1088 2667 1181 2738 qui
1207 2667 1364 2738 prius
1394 2667 1572 2738 ipsum
1598 2667 1839 2724 Verbum
1867 2669 2102 2738 dixerat,

533 2762 609 2815 ita
644 2761 950 2831 subjungit,
988 2759 1158 2815 Deum
1191 2774 1314 2816 esse
1355 2757 1614 2826 Verbum,
1670 2776 1740 2816 ne
1776 2762 1822 2816 si
1858 2761 1950 2817 Dei
2008 2777 2107 2833 ap-

534 2853 753 2924 pellatio
807 2852 1211 2922 prarcessisset,
1269 2851 1336 2905 ad
1406 2851 1622 2906 Patrem
1681 2853 2105 2922 cegitationibus

532 2943 975 3014 impellerentur:
1049 2942 1130 2997 sic
1181 2953 1234 2996 et
1288 2957 1518 3012 magnus
1572 2940 1749 2999 Moses
1799 2960 1924 2998 cum
1979 2960 2102 2999 eum

531 3037 784 3106 angelum
863 3035 1013 3104 prius
1081 3033 1468 3096 nominasset,
1535 3034 1710 3103 ipsum
1783 3050 1906 3090 esse
1979 3051 2101 3091 eum

2209 1948 2386 2018 φήτην
2415 1947 2476 2000 τὸ
2505 1948 2633 2019 περὶ
2663 1949 2755 2001 τοῦ
2781 1949 3017 2020 Χριστοῦ
3046 1951 3347 2020 μυστήριον
3373 1948 3592 2018 ἐμφανὲς
3615 1949 3729 2016 ποιῆ·

2211 2055 2298 2092 σαι
2345 2042 2456 2103 τοῖς
2501 2039 2811 2110 ἀνθρώποις
2863 2039 3186 2110 βουλόμενον
3210 2082 3225 2104 ,
3263 2040 3484 2107 ἄγγελον
3519 2039 3598 2091 τὸν
3632 2038 3730 2090 ὅντα

2209 2127 2664 2199 προσαγορεῦσαιο
2689 2128 2763 2191 ὡς
2783 2127 2848 2182 ἂν
2873 2129 2946 2199 μὴ
2973 2129 3137 2198 μόνης
3159 2129 3267 2197 τῆς
3291 2128 3384 2181 τοῦ
3411 2128 3552 2190 ὄντος
3571 2129 3731 2178 ἐπωνυ-

2212 2217 2338 2288 μίας
2378 2218 2517 2271 κατὰ
2549 2218 2642 2271 τὸν
2667 2219 2913 2286 διάλογον
2943 2220 3357 2290 εὑρισκομένης,
3388 2218 3511 2288 πρὸς
3541 2217 3619 2270 τὸν
3644 2219 3729 2270 Πα-

2205 2310 2340 2380 τέρα
2407 2311 2435 2362 ὁ
2477 2308 2602 2373 νοῦς
2651 2310 2758 2363 τῶν
2797 2311 3106 2380 λεγομένων
3160 2310 3564 2379 ὲπαναφέροιτο.
3623 2308 3732 2361 Ἀλλ’

2206 2402 2393 2472 ὥσπερ
2441 2404 2468 2455 ό
2511 2403 2774 2474 ἡμέτερος
2824 2403 2977 2472 λόγος
3021 2403 3130 2455 τῶν
3177 2402 3278 2455 τοῦ
3327 2401 3417 2457 νοῦ
3469 2402 3732 2470 κινημάτων

2209 2495 2451 2564 μηνυτής
2483 2509 2540 2545 τε
2575 2493 2667 2545 καὶ
2699 2492 2924 2561 ἄγγελος
2947 2492 3172 2560 γίνεται,
3204 2489 3350 2543 οῦτω
3374 2488 3538 2559 φαμὲν
3564 2485 3643 2540 καὶ
3661 2488 3732 2539 τὸν

2205 2585 2456 2656 ἀληθινὸν
2497 2585 2667 2653 Λόγον
2707 2571 2797 2639 τὸν
2839 2587 2896 2637 ὲν
2929 2586 3068 2656 ἀρχῇ
3098 2584 3236 2638 ὄντα
3277 2581 3630 2652 διαγγέλλοντα
3659 2576 3731 2631 τοῦ

2209 2675 2340 2730 ἰδίου
2387 2675 2601 2746 Πατρὸς
2649 2677 2748 2748 τὴν
2785 2675 3077 2747 βουλὴν,τῇ
3115 2675 3372 2747 ἐνεργείᾳ
3402 2674 3495 2744 τῆς
3519 2671 3733 2739 ἀγγελίας

2205 2764 2704 2838 ἐπονομαζόμενον,
2753 2765 2980 2835 ἄγγελον
3030 2765 3314 2833 λέγεσθαι.
3363 2765 3467 2818 Καὶ
3511 2762 3672 2831 ὥσπερ
3712 2760 3734 2809 ό

2207 2857 2406 2928 ὑψηλὸς
2431 2859 2681 2928 Ἰωάννης
2706 2858 2966 2928 πρότερον
2995 2856 3157 2909 αὑτὸν
3190 2858 3366 2924 Λόγον
3398 2853 3573 2918 εἰπὼν,
3597 2851 3734 2911 οὕτως

2205 2948 2398 3016 ἐπάγει
2431 2949 2520 3000 τὸν
2549 2947 2681 3000 Θεὸν
2710 2943 2850 3000 εἶναι
2877 2947 2968 2998 τὸν
3000 2945 3194 3014 Λόγον,
3227 2950 3304 3010 ὡς
3333 2945 3399 2999 ἂν
3437 2943 3505 3014 μὴ
3533 2957 3734 3010 προηγη-

2206 3037 2444 3108 σαμένης
2464 3038 2562 3108 τῆς
2583 3035 2677 3089 τοῦ
2711 3035 2844 3089 Θεοῦ
2875 3035 3255 3108 προσηγορίας
3284 3033 3414 3106 πρὸς
3442 3034 3527 3085 τὸν
3553 3031 3734 3098 Πατέρα

530 3128 623 3197 qui
661 3136 741 3183 est
779 3127 960 3181 verbis
1013 3125 1374 3194 sequentibus
1435 3125 1649 3194 edocet,
1704 3135 1764 3181 ut
1815 3125 2102 3182 manifeste

2205 3132 2320 3193 ταῖς
2357 3127 2635 3191 ὑπονοίαις
2683 3126 3142 3197 ἀπενεχθείημεν·
3195 3125 3343 3178 οῦτω
3391 3123 3479 3177 καὶ
3526 3124 3552 3174 ό
3592 3121 3732 3190 μέγας

533 3195 851 3290 mysterium
883 3217 1083 3272 Christi
1127 3217 1610 3286 pronuntiaretur;
1684 3218 1948 3288 siquidem
2005 3234 2101 3290 per

2205 3220 2440 3289 Μωῦσῆς
2480 3218 2706 3288 ἄγγελον
2735 3195 3324 3288 προονομάσας,αὑτδν
3360 3212 3490 3268 εἶναι
3522 3214 3601 3266 τὸν
3631 3212 3734 3263 ὄντα

530 3311 784 3378 angelum
825 3311 1036 3377 paterni
1070 3309 1286 3364 consilii
1351 3310 1624 3379 interpres
1656 3305 1891 3363 Verbum
1951 3311 2102 3364 Scri-

530 3411 694 3473 ptura
734 3401 913 3466 docet,
941 3410 994 3456 et
1025 3417 1121 3470 per
1143 3402 1560 3472 appellationem
1589 3399 1711 3468 ejus
1734 3402 1948 3470 quiest,
1981 3417 2100 3457 eam

531 3508 653 3564 quze
681 3501 762 3546 est
792 3493 1094 3545 secundum
1126 3492 1424 3546 essentiam
1465 3489 1589 3544 Filii
1627 3506 1750 3544 cum
1783 3491 1941 3546 Patre
2001 3507 2100 3546 na-

531 3582 760 3637 turalem
796 3581 1206 3651 proprietatem.
1272 3578 1428 3645 Quod
1463 3580 1509 3634 si
1545 3580 1705 3633 etiam
1750 3579 1944 3634 Isaiam
1981 3581 2102 3635 velit

529 3676 792 3745 objicere,
828 3674 921 3744 qui
954 3674 1112 3739 dixit,
1144 3688 1344 3727 nomen
1375 3673 1496 3742 ejus
1541 3672 1720 3727 vocari
1757 3674 1935 3744 magni
1969 3689 2104 3728 con-

529 3768 638 3824 silii
669 3767 955 3837 Angelum,
996 3782 1175 3837 neque
1203 3766 1282 3821 sic
1316 3774 1565 3821 nostrum
1589 3767 1848 3820 everterit
1891 3781 2102 3822 sermo-

529 3875 674 3915 nem.
715 3857 1077 3928 Perspicuum
1114 3857 1258 3912 enim
1292 3859 1435 3928 quod
1465 3858 1577 3912 illic
1604 3858 1749 3911 nulla
1772 3867 1856 3912 est
1886 3868 2105 3912 contra-

529 3949 715 4014 dictio,
767 3948 895 4018 quia
958 3949 1356 4004 inearnationis
1413 3949 1730 4019 mysterium
1772 3964 1869 4018 per
1913 3950 2105 4005 vatici-

529 4041 676 4096 nium
708 4040 1065 4111 significatur.
1103 4040 1385 4106 Parvulas,
1410 4042 1609 4111 inquit,
1638 4051 1793 4094 natus
1825 4051 1900 4094 est
1932 4041 2100 4108 nobis,

524 4144 574 4187 et
605 4134 749 4202 ﬁlius
790 4131 947 4186 datus
979 4143 1054 4185 est
1095 4132 1267 4199 nobis,
1305 4132 1458 4202 cujus
1491 4132 1761 4200 imperium
1819 4147 1974 4200 super
2001 4132 2101 4184 hu-

528 4242 730 4280 merum
760 4225 896 4293 ejus,
939 4233 987 4278 et
1024 4235 1243 4277 rocatur
1288 4240 1477 4278 nomen
1502 4225 1615 4293 ejus
1669 4223 1845 4293 magni
1896 4222 2102 4276 consilii

526 4318 758 4387 Angelus
787 4317 852 4369 ".
890 4315 971 4368 Ad
1005 4316 1147 4384 quod
1180 4315 1345 4369 David
1376 4316 1570 4385 opinor
1606 4314 1933 4384 respexisse,
1970 4315 2098 4368 dum

527 4409 676 4475 regni
707 4405 825 4476 ejus
851 4407 1304 4461 constitutionem
1343 4415 1584 4459 enarrat.
1639 4404 1754 4460 Non
1807 4404 1950 4475 quod
1990 4420 2099 4460 non

525 4509 671 4553 esset
699 4513 816 4561 rex,
847 4496 942 4553 sed
982 4495 1129 4568 quod
1183 4497 1397 4552 servilis
1429 4497 1726 4563 humilitas,
1788 4513 1950 4566 quam
2005 4512 2099 4566 per

530 4591 958 4646 incarnationem
992 4589 1238 4645 subierat
1278 4587 1562 4650 Dominus,
1599 4589 1664 4642 ad
1713 4593 1915 4660 regiam
1953 4598 2100 4659 pote-

529 4692 723 4740 statem
761 4682 966 4738 assumi
1032 4683 1276 4736 deberet.
1328 4679 1661 4736 Camlitutus
1713 4698 1852 4745 sunt,
1897 4682 2096 4751 inquit,

529 4790 623 4830 rex
650 4774 714 4826 ab
743 4790 801 4827 eo
827 4789 980 4842 super
1002 4771 1130 4826 Sion
1163 4780 1392 4824 montem
1412 4781 1656 4825 sanctum
1681 4771 1817 4841 ejus,
1851 4772 2096 4826 nuntians

523 4871 840 4933 pneceptum
877 4860 1094 4914 Domini
1120 4859 1185 4916 “.
1232 4859 1372 4930 Ergo
1413 4870 1466 4914 et
1499 4860 1724 4928 angelus
1751 4868 1804 4913 et
1839 4857 2096 4924 Verbum,

531 4957 769 5027 sigillum
806 4962 860 5008 et
894 4953 1094 5022 imago.
1126 4960 1179 5007 et
1208 4951 1389 5006 omnia
1422 4951 1688 5021 ejusmodi
1714 4951 1902 5006 eodem
1932 4967 2095 5007 sensu

528 5043 726 5098 dicitur
758 5040 849 5111 qui
883 5049 1159 5110 paternam
1191 5039 1488 5093 bonitatem
1525 5055 1622 5109 per
1646 5039 1884 5108 seipsum
1914 5049 2097 5094 notam

529 5132 677 5187 facit.
709 5131 942 5198 Quando
992 5129 1135 5183 enim
1173 5128 1401 5200 angelus
1436 5128 1659 5184 nuntius
1712 5129 1947 5198 alicujus
1988 5129 2098 5182 elli-

528 5225 708 5277 citur:
745 5221 996 5277 similiter
1028 5219 1287 5285 Verbum,
1326 5220 1524 5289 mentis
1556 5221 1831 5275 notionem
1885 5219 2095 5274 involu-

526 5322 637 5366 tam
673 5314 906 5383 explicat
934 5329 948 5368 :
976 5321 1028 5366 ct
1055 5310 1289 5382 sigillum
1331 5310 1384 5364 in
1420 5313 1641 5382 propria
1680 5311 1854 5366 forma
1901 5312 2095 5366 arche-

530 5415 738 5473 typum,
770 5405 822 5460 id
855 5411 960 5469 est,
993 5403 1293 5472 principem
1333 5401 1583 5469 formam,
1613 5404 1988 5466 demonstrat,
2043 5410 2097 5458 et

532 5496 711 5564 imago
747 5496 866 5564 ejus
903 5495 997 5564 qui
1053 5493 1303 5563 depictus
1341 5502 1426 5550 est
1482 5494 1937 5564 pulchritudinem
2003 5509 2097 5563 per

530 5601 591 5641 se
622 5587 1025 5655 interpretatur.
1059 5583 1134 5639 lia
1169 5591 1225 5638 ut
1255 5585 1369 5639 haec
1401 5587 1584 5641 omnia
1612 5586 1919 5658 significatu
1956 5585 2096 5640 inter

605 5768 652 5801 ⁸³
688 5765 786 5820 lsa.
818 5778 904 5828 ix,
947 5763 998 5814 6.
1078 5764 1121 5794 ³³
1162 5761 1305 5818 Psal.
1344 5779 1405 5830 ιι,
1441 5764 1495 5817 6.

2200 3312 2311 3371 τοῖς
2337 3310 2532 3380 ἐφεξῆς
2559 3308 2863 3362 ἐκδιδάσκει
2887 3308 3086 3377 λόγοις,
3101 3307 3175 3371 ὡς
3199 3307 3270 3361 ἂν
3292 3305 3529 3376 φανερῶς
3551 3303 3604 3355 τὸ
3621 3302 3734 3354 κατᾶ

2199 3400 2289 3452 τὸν
2318 3400 2552 3474 Χριστὸν
2598 3399 2997 3470 προαγγελθείη
3046 3401 3352 3470 μυστήριον
3378 3413 3392 3428 ⁶
3423 3397 3505 3450 διὰ
3545 3395 3629 3466 μὲν
3661 3391 3732 3443 τοῦ

2201 3492 2453 3560 ἀγγέλου,
2486 3493 2577 3546 τὸν
2610 3491 2850 3564 ἑρμηνέα
2879 3490 2973 3544 τοῦ
3008 3491 3286 3562 πατρικοῦ
3324 3490 3634 3558 βουλήματος
3652 3483 3732 3535 Λό-

2201 3601 2296 3652 γον
2337 3585 2434 3655 τῆς
2460 3584 2682 3655 Γραφῆς
2717 3582 3107 3653 διδασκούσης’
3147 3582 3241 3635 διὰ
3281 3582 3337 3635 δὲ
3382 3584 3476 3651 τῆς
3505 3577 3588 3631 τοῦ
3613 3579 3731 3635 ὄντος

2201 3673 2566 3746 προσηγορίας
2586 3675 2685 3745 τὴν
2713 3675 2832 3726 κατ’
2854 3673 2986 3726 αὐτὸ
3011 3673 3070 3724 τὸ
3091 3668 3236 3724 εἶναι
3260 3671 3353 3726 τοῦ
3382 3669 3504 3722 Υἰοῦ
3529 3667 3645 3738 πρὸς
3662 3664 3731 3714 τὸν

2203 3768 2421 3839 Πατέρα
2457 3767 2691 3835 φυσικὴν
2722 3767 3050 3836 οἰκειότητα.
3098 3766 3160 3817 Εἰ
3200 3764 3262 3817 δὲ
3307 3764 3398 3816 καὶ
3429 3762 3515 3815 τὸν
3551 3758 3729 3813 Ἡσαΐαν

2203 3859 2576 3932 προϐάλλοιτο,
2611 3858 2686 3922 ὼς
2736 3856 2958 3910 εἰπόντα
3001 3856 3290 3909 καλεῖσθαι
3325 3855 3386 3907 τὸ
3420 3854 3578 3922 ὄνομα
3601 3845 3728 3902 αὑτοῦ

2205 3951 2444 4021 μεγάλης
2477 3949 2670 4020 βουλῆς
2697 3948 2924 4017 ἄγγελον
2946 3988 2961 4011 ,
2992 3948 3113 4000 οὐδὲ
3144 3946 3324 4010 οὕτως
3368 3940 3636 4015 ἀνατρέψει
3660 3938 3728 3990 τὸν

2203 4041 2468 4112 ἡμέτερον
2489 4039 2662 4108 λόγον.
2689 4038 2869 4106 mea;
2896 4037 3004 4108 γὰρ
3029 4038 3142 4089 ἐκεῖ
3167 4037 3268 4089 καὶ
3291 4036 3652 4106 ἀναντίρρητον
3673 4028 3728 4088 ὡς

2200 4134 2232 4203 ἡ
2267 4132 2407 4186 κατὰ
2435 4131 2495 4184 τὸ
2523 4128 2860 4202 ἀνθρώπινον
2883 4129 3162 4199 οἰκονομία
3192 4128 3284 4182 διὰ
3311 4128 3409 4198 τῆς
3444 4120 3728 4197 προφητείας

2202 4224 2544 4294 σημαίνεται.
2580 4222 2825 4276 Παιδίον
2865 4220 2994 4293 γὰρ,
3035 4221 3231 4290 φησὶν,
3282 4219 3561 4290 ἐγεννήθη
3598 4213 3726 4282 ἡμῖν.

2201 4315 2298 4368 καὶ
2336 4315 2466 4377 Υἱὸς
2497 4313 2672 4380 ἐδόθη
2698 4313 2864 4382 ἡμῖν,
2895 4307 2965 4366 οὗ
2997 4313 3034 4379 ἡ
3058 4310 3214 4379 ἀρχὴ
3239 4311 3337 4364 ἐπὶ
3366 4308 3468 4362 τοῦ
3493 4306 3632 4375 ὤμου
3653 4301 3728 4353 at}-

2201 4405 2331 4471 τοῦ,
2367 4406 2466 4458 καὶ
2504 4403 2769 4458 καλεῖται
2808 4402 2873 4456 τό
2903 4402 3088 4470 ὄνομα
3111 4401 3301 4455 αὐτοῦ
3335 4399 3586 4469 μεγάλης
3610 4394 3729 4456 ,θουσ

2200 4496 2318 4564 λῆς
2345 4496 2614 4565 ἄγγελος.
2644 4493 2786 4565 Πρὸς
2811 4493 2839 4546 ὃ
2867 4493 2958 4546 καὶ
2986 4494 3075 4545 τὸν
3110 4491 3277 4545 Δαϐὶδ
3311 4486 3460 4560 οἴμαι
3487 4487 3725 4558 βλέποντα.

2201 4590 2298 4659 τὴν
2339 4589 2436 4658 τῆς
2477 4587 2752 4657 βασιλείας
2789 4585 3120 4639 κατάστασιν
3169 4583 3494 4654 διηγεῖσθαι.
3533 4578 3630 4646 Οὐχ
3669 4573 3728 4634 ὡς

2199 4681 2298 4733 οὐκ
2328 4679 2478 4742 ὄντος
2506 4677 2787 4748 βασιλέως,
2811 4675 2925 4729 ἀλλ’
2955 4676 3029 4738 ὼς
3057 4677 3154 4745 τῆς
3178 4675 3430 4744 ὣυλικῆς
3455 4667 3727 4731 ταπεινότηο

2199 4789 2309 4835 τος,
2349 4771 2416 4840 ἢν
2459 4769 2662 4838 ὑπῆλθε
2705 4768 2822 4822 κατ’
2877 4767 3188 4834 οἰκονομίαν
3221 4767 3250 4818 ὁ
3290 4765 3521 4836 Κύριος,
3552 4762 3621 4820 εἰς
3651 4757 3726 4823 τὴν

2199 4863 2296 4932 τῆς
2319 4861 2595 4932 βασιλείας
2615 4859 2771 4924 ἀξίαν
2797 4858 3215 4928 ἀναληφθείσης.
3238 4853 3607 4917 Κατεστάθην
3623 4845 3723 4915 γὰρ.

2201 4955 2352 5026 φησὶ,
2377 4952 2672 5018 ,ϐασιλεὺς
2695 4953 2795 5006 ὑπ’
2817 4949 3023 5015 αὑτοῦ,
3046 4950 3143 5002 ἐπὶ
3171 4948 3325 5002 Σιὼν
3354 4947 3487 5014 ὄρος
3510 4942 3570 4996 τὸ
3589 4939 3727 5026 ἅγιον

2199 5023 2405 5111 autcf),
2431 5042 2798 5112 διαγγέλλων
2826 5043 2891 5094 τὸ
2920 5040 3271 5108 πρόσταγμα
3297 5037 3530 5105 Κυρίου.
3555 5023 3726 5083 Οὐκοῦν

2201 5136 2428 5205 ἄγγελός
2456 5153 2514 5188 τε
2545 5133 2637 5188 καὶ
2687 5135 2854 5200 Λόγος
2876 5176 2890 5197 ,
2941 5133 3171 5202 σφραγίς
3202 5147 3260 5182 τε
3309 5129 3402 5182 καὶ
3433 5125 3613 5184 εἰκὼν,
3651 5115 3725 5170 καὶ

2202 5225 2378 5278 πάντα
2398 5225 2466 5277 τὰ
2488 5223 2710 5277 τοιαῦτα
2739 5221 2878 5276 κατὰ
2906 5221 3002 5291 τὴν
3042 5221 3212 5289 αὐτὴν
3236 5218 3440 5270 ἔννοιαν
3471 5205 3724 5279 λέγεται,ὁ

2202 5311 2300 5381 τὴν
2339 5310 2610 5380 πατρικὴν
2649 5309 2957 5378 ἁγαοότητα
2993 5308 3057 5362 δι’
3085 5305 3272 5361 ἑαυτοῦ
3297 5301 3583 5373 γνωρίζων.
3622 5297 3722 5345 ὐτε

2203 5400 2312 5470 γὰρ
2359 5401 2618 5470 ἄγγελος.
2667 5402 2908 5471 μηνυτής
2955 5416 3097 5461 τινος
3126 5399 3356 5466 γίνεταιο
3393 5395 3483 5448 καὶ
3524 5393 3551 5444 ὁ
3586 5385 3724 5450 Λόγος

2204 5491 2462 5556 ὡσαύτως
2512 5492 2842 5545 ἐκκαλύπτει
2880 5491 2940 5544 τὸ
2980 5490 3288 5559 ἐγκείμενον
3339 5485 3528 5554 νόημα,
3576 5476 3656 5531 καὶ
3693 5473 3720 5541 ἦ

2207 5585 2441 5655 σφραγὶς
2469 5586 2525 5637 ὲν
2551 5583 2628 5653 τῷ
2657 5585 2770 5655 ἰδίῳ
2794 5583 2945 5653 τύπῳ
2975 5583 3036 5635 τὸ
3065 5580 3359 5651 ἀρχέτυπον
3386 5576 3625 5636 δείκνυσι,
3646 5563 3723 5618 καὶ
