4002 6218
559 308 664 364 875

1753 315 1809 373 S.
1849 317 2176 376 GREGORH
2213 319 2499 377 NYSSENI
3233 388 3235 390 ,
3314 387 3321 390 ,,
3610 333 3684 390 876

3233 388 3235 390 ’
3304 387 3330 434 Ῐ

558 429 745 484 eadem
781 428 1068 498 quadrabit
1105 431 1270 496 ratio,
1307 434 1447 504 quod
1485 433 1646 488 etiam
1680 437 1732 491 in
1765 453 1901 494 cane
1944 449 1999 495 et
2029 456 2123 512 pa—

2246 443 2512 513 ιγέννητον
2544 442 2620 513 μὴ
2649 437 2788 496 εἶναι
2816 441 2906 495 τὸν
2933 443 3090 509 κύνα,
3121 444 3177 496 τὸ
3210 445 3304 515 πρὸ
3341 448 3426 516 τῆς
3459 451 3694 519 γεννήσεως

561 518 762 587 pilione
799 527 852 573 et
885 528 1158 589 serpente,
1203 529 1257 575 et
1288 523 1340 576 iu
1371 526 1613 594 quolibet
1662 528 1970 584 inﬁmorum
2003 532 2121 585 ani-

559 610 804 669 malium,
840 611 980 664 idem
1014 613 1057 666 si
1092 613 1217 682 quis
1243 612 1462 679 dixerit,
1490 633 1594 672 non
1613 620 1838 681 errabit,
1870 622 2120 691 quando-

556 700 771 768 quidem
808 702 946 756 idem
983 714 1065 759 est
1095 706 1394 760 secundum
1427 709 1708 764 veritatem
1738 718 1801 773 et,
1821 713 2117 781 potentiam

445 809 456 814 ’
555 808 676 844 eum
719 809 782 846 eo
812 795 955 862 quod
981 803 1064 849 est
1088 811 1276 851 canem
1309 815 1415 854 non
1447 801 1743 870 ingenitum
1777 815 1918 862 esse.
1942 803 2119 872 ipsum

557 899 662 936 non
695 899 814 938 esse
847 893 972 940 ante
1030 887 1454 956 generationem.
1511 889 1664 954 Quod
1733 892 1776 945 si
1818 893 2118 946 secundum

474 1010 487 1020 ρ
558 974 797 1042 ipsorum
829 974 1222 1039 deﬁnitionem,
1257 994 1418 1046 quam
1462 981 1650 1035 multis
1688 980 1739 1033 in
1783 981 1917 1036 locis
1945 982 2122 1037 deter-

560 1062 854 1126 tniuarunt,
899 1079 1238 1135 quaecunque
1287 1068 1683 1137 proprietatum
1718 1070 1922 1124 habent
1972 1085 2120 1124 eom-

2226 535 2385 589 αὑτὸν
2417 535 2490 606 μὴ
2523 530 2686 587 εἶναι.
2733 536 2794 588 Ei
2822 535 2876 588 δὲ
2906 536 3045 589 κατὰ
3076 536 3162 589 τὸν
3193 537 3440 607 διορισμὸν
3472 541 3628 602 αὐτῶν,
3648 545 3690 595 ὃν

2228 626 2469 696 πολλαχῆ
2500 626 2838 698 διωρίσαντο,
2885 629 2985 680 ὃσα
3027 629 3265 679 κοινωνεῖ
3301 629 3401 681 τῶν
3443 630 3696 699 ἰδιωμάτων,

2226 720 2470 770 κοινωνεῖ
2504 719 2598 772 καὶ
2625 719 2722 789 τῆς
2772 719 2984 787 φύσεως
3023 735 3036 748 ⁸
3091 720 3217 772 ἴδιον
3259 720 3449 774 καὶτοῦ
3479 723 3607 785 κυνὸς
3631 728 3697 777 καὶ

2223 806 2331 859 τῶν
2380 805 2500 860 καθ’
2546 807 2772 860 ἕκαστον
2819 808 2880 861 τὸ
2921 808 3026 878 πρὸ
3075 807 3165 861 τοῦ
3206 809 3437 877 γενέσθαι
3483 811 3546 881 μὴ
3583 807 3698 865 εἶναι·

2227 893 2366 962 ὅπερ
2402 891 2495 944 καὶ
2525 891 2617 945 ἐπὶ
2650 891 2743 946 τοῦ
2783 897 2909 950 1⁸ἱοῦ
2941 899 3352 963 κατασκευάζειν
3375 901 3522 955 οἴεται
3537 905 3698 974 χρῆναισ

2225 986 2284 1038 τὸ
2314 986 2632 1056 λειπόμενον
2677 989 2775 1057 τῆς
2823 991 3164 1060 κατασκευῆς
3197 991 3224 1042 ὀ
3254 992 3500 1064 ἀκροατὴς
3540 995 3705 1059 πάντως

2225 1079 2288 1130 ἐκ
2313 1077 2407 1131 τοῦ
2436 1079 2727 1133 ἀκολούθου
2762 1081 3074 1150 κατόψεται.

556 1157 900 1219 numionem,
959 1158 1120 1212 etiam
1155 1168 1360 1213 natura:
1395 1163 1832 1216 communionem
1896 1164 2113 1226 habent,
2159 1172 2438 1241 proprium
2481 1174 2644 1228 etiam
2673 1175 2826 1229 canis
2860 1185 2914 1229 et
2980 1175 3314 1246 singulorum
3380 1178 3580 1232 aliorum
3615 1191 3707 1234 ante

561 1251 962 1326 generationem
1000 1267 1108 1306 non
1135 1267 1289 1306 esse:
1326 1255 1468 1323 quod
1501 1256 1660 1307 etiam
1703 1255 1756 1309 in
1799 1254 1936 1312 Filio
2007 1264 2360 1318 astruendum
2427 1281 2548 1322 esse
2618 1269 2955 1324 arbitratur:
2989 1270 3256 1340 reliquutn
3306 1275 3708 1341 argumentationis

562 1341 778 1395 auditor
811 1343 969 1412 plane
1002 1357 1066 1396 ex
1098 1345 1486 1412 consequentia
1515 1345 1844 1414 eonspieiet.

635 1435 738 1489 Sed
771 1436 943 1503 magis
993 1435 1267 1490 moderate
1298 1437 1561 1506 loquitur,
1618 1439 1974 1494 humanitatis
2017 1439 2118 1493 ali-

560 1527 690 1596 quid
721 1527 769 1580 ei
813 1527 1081 1592 tribuens,
1129 1538 1181 1581 et
1217 1529 1328 1583 ait:
1364 1529 1487 1584 Non
1529 1531 1699 1585 solum
1743 1543 1908 1585 autem
1944 1542 1993 1586 el
2029 1549 2122 1585 su—

2312 1445 2468 1498 ’Δλλὰ
2506 1447 2639 1517 πρὸς
2688 1448 2749 1501 τὸ
2797 1431 3157 1520 μετριώτερον
3202 1452 3415 1520 μετάγει
3457 1455 3536 1506 τὸν
3580 1455 3710 1523 λόγον,

2228 1534 2407 1605 νέμων
2436 1553 2489 1590 τι
2518 1540 2609 1591 καὶ
2641 1538 3043 1610 φιλανθρωπίας
3079 1541 3247 1611 αὐτῷ,
3303 1541 3391 1594 καὶ
3447 1543 3617 1612 φησηένο
3652 1549 3712 1598 Οὐ

561 1635 651 1685 rer
697 1619 873 1671 omnia
903 1620 1044 1672 entia
1099 1618 1298 1673 Filium
1358 1637 1470 1675 esse
1523 1623 1746 1676 dicimus
1779 1641 1797 1675 :
1833 1625 1922 1693 qui
1964 1625 2126 1693 paulo

2246 1630 2414 1681 ’λόγον
2443 1629 2586 1682 ὄντα
2614 1630 2706 1683 καὶ
2738 1629 2889 1698 ὑπὲρ
2923 1629 3118 1683 πάντα
3149 1633 3222 1686 τὰ
3252 1632 3391 1686 ὄντα
3415 1632 3583 1700 φαμὲν
3603 1629 3715 1686 εἶναι

563 1716 720 1762 antea
756 1709 932 1777 ipsum
967 1710 1034 1763 ab
1067 1711 1210 1764 entis
1243 1713 1460 1766 nomine
1482 1711 1746 1783 disjungit
1773 1731 1786 1768 :
1812 1717 1905 1769 sed
1935 1724 1983 1769 et
2021 1715 2130 1769 Do-

2231 1717 2338 1772 τόν
2370 1721 2528 1773 Υίόνο
2581 1719 2610 1770 ὁ
2666 1716 2858 1786 μικρὸν
2917 1723 2974 1774 ὲν
2997 1724 3110 1785 τοῖς
3139 1723 3366 1776 κατόπιν
3394 1723 3481 1791 τῆς
3509 1723 3585 1774 τοῦ
3606 1723 3716 1786 δντος

565 1801 764 1852 minum
797 1801 1000 1868 ipsum,
1032 1800 1240 1868 inquit,
1282 1812 1330 1854 et
1373 1803 1608 1871 opiﬁcem
1651 1813 1700 1856 et
1745 1802 1908 1857 Deum
1959 1806 2125 1859 omnis

2246 1810 2537 1879 ιπωνυμίας
2561 1809 2722 1862 αὐτὸν
2745 1809 3131 1881 ἀποσχοινίζων
3155 1827 3170 1842 ο
3229 1809 3386 1865 ἀλλὰ
3432 1807 3520 1862 καί
3555 1813 3722 1876 Κύριοι·

563 1887 826 1940 sensibilis
879 1899 928 1942 et
982 1889 1330 1959 intelligi'ilis
1376 1892 1621 1945 essemire
1656 1893 1900 1946 dicimus.
1955 1892 2127 1959 Quam

565 1981 693 2047 quid
720 1995 840 2036 esse
867 1981 1146 2034 autumat?
1171 1982 1418 2035 (Zreatam
1443 1999 1562 2038 esse
1593 1985 1670 2038 vel
1698 1985 1994 2038 inereatam
2018 1985 2042 2038 ?
2074 1984 2131 2038 Si

565 2073 710 2125 enim
761 2073 941 2127 omnis
995 2073 1350 2142 intelligibilis
1411 2077 1661 2129 essentia:
1721 2075 2009 2130 Dominum
2079 2086 2133 2129 et

570 2164 733 2217 Deum
762 2171 816 2216 et
853 2163 1099 2234 opiﬁcem
1139 2181 1260 2220 esse
1287 2164 1468 2221 Jesum
1518 2169 1809 2222 conﬁtetur
1835 2209 1849 2231 ,
1904 2182 2130 2222 necesse

567 2263 650 2310 est
690 2257 912 2311 omnino
964 2257 1008 2313 si
1063 2258 1203 2313 hanc
1251 2259 1382 2314 dicit
1421 2275 1543 2315 esse.
1601 2261 1920 2324 increatam,
1956 2261 2132 2331 ipsum

570 2349 806 2406 mentiri.
836 2349 929 2420 qui
958 2358 1168 2405 natura:
1191 2351 1445 2406 increataa
1470 2352 1746 2423 opiﬁcium
1787 2349 1926 2405 Filio
1975 2353 2132 2404 attri-

571 2441 706 2496 buit.
741 2441 965 2508 Quodsi
993 2451 1228 2498 creatam
1263 2443 1456 2507 credit,
1490 2444 1629 2498 idem
1663 2445 1748 2498 sui
1778 2444 1948 2513 ipsius
1979 2459 2133 2497 crea-

569 2541 741 2587 torem
778 2549 902 2589 esse
942 2537 1241 2605 praestruit.
1274 2535 1388 2590 N‘si
1437 2537 1578 2589 enim
1621 2551 1717 2606 per
1748 2535 1798 2588 id
1853 2535 1997 2605 quod
2043 2549 2136 2603 per

562 2640 628 2679 se
657 2633 898 2683 creatum
930 2632 1036 2688 est,
1068 2635 1122 2681 et.
1153 2626 1220 2680 ab
1267 2627 1597 2694 inlelligibili
1636 2628 1875 2682 essentia
1922 2626 2133 2680 abstra-

573 2717 815 2780 heretur,
846 2717 980 2770 nihil
1013 2717 1247 2786 amplius
1275 2717 1418 2787 quod
1459 2717 1629 2785 possit
1664 2733 1788 2771 eum
1814 2716 2135 2773 discernere

560 2808 925 2877 relinquetur,
957 2808 1083 2877 quia
1122 2815 1176 2862 et
1231 2809 1504 2863 sensibilis
1531 2817 1778 2862 creatura
1833 2817 1888 2862 et
1920 2809 2126 2864 intelli-

563 2914 702 2970 ‘gens
729 2900 964 2954 essentia
1000 2900 1272 2954 eomnnmi
1303 2900 1498 2954 mentis
1543 2901 1764 2955 notione
1811 2901 2133 2970 concipere—

564 2999 680 3042 tur.
713 2989 818 3044 Sed
861 2991 944 3045 his
981 2989 1283 3061 subjuugit,
1315 2989 1462 3061 quod
1493 2992 1547 3046 in
1583 3005 1762 3046 rerum
1798 2992 2075 3047 creatione
2106 3006 2136 3045 a

571 3081 734 3138 i’atre
771 3083 1094 3139 demandata
1126 3092 1208 3138 est
1230 3085 1277 3138 ei
1312 3083 1554 3138 omnium
1582 3084 1877 3138 visibilium
1909 3091 1964 3139 et
2002 3084 2138 3138 invi-

571 3173 812 3226 sibilium
844 3172 1077 3235 eﬁ'ectio,
1107 3182 1160 3228 et
1223 3189 1410 3229 eorum
1445 3190 1564 3244 qua:
1615 3173 1754 3229 facta
1789 3181 1917 3230 sunt
1953 3173 2137 3244 provi-

568 3262 780 3321 dentia.
823 3278 945 3317 cum
989 3263 1220 3318 suﬂiciat
1249 3265 1296 3318 ei
1343 3264 1633 3319 diStributa
1668 3266 1904 3333 potentia
1947 3265 2013 3320 ad
2050 3280 2142 3320 eo-

570 3367 696 3405 rum
732 3366 854 3405 cum
885 3361 1011 3407 sunt
1037 3352 1298 3421 producta
1326 3355 1703 3424 generationes
1729 3373 1742 3408 :
1771 3354 1884 3408 haec
1921 3355 2139 3426 quidem

574 3443 902 3513 scriptorum
936 3443 1218 3514 congeries
1246 3444 1448 3499 cursim
1483 3446 1629 3516 cogit
1654 3461 1997 3515 percurrere.
2033 3445 2141 3502 Sed

577 3536 796 3590 interim
827 3551 1131 3591 sermonem
1163 3535 1371 3592 detinet
1397 3536 1758 3608 blasphemia,
1787 3538 2018 3594 densum
2051 3556 2143 3595 nos

575 3628 786 3682 tiounm
821 3628 964 3681 velut
1002 3641 1264 3681 venenum
1293 3626 1650 3696 iaculantium
1693 3643 1984 3700 vesparum
2046 3645 2143 3684 ex-

591 3733 748 3772 amen
776 3717 1167 3788 complectens.
1191 3716 1503 3774 Commissa
1533 3726 1618 3774 est
1647 3718 1720 3782 ei,
1751 3717 1949 3786 inquit,
1975 3733 2006 3773 a
2040 3716 2145 3772 Pa-

579 3819 662 3865 tre
702 3825 882 3866 rerum
919 3809 1143 3866 creatio.
1172 3809 1327 3877 Quod
1377 3812 1421 3866 si
1453 3811 1521 3865 de
1550 3811 1733 3881 aliquo
1779 3811 2008 3874 artiﬁce.
2048 3811 2144 3882 qui

575 3902 694 3957 suis
725 3899 974 3958 manibus
1003 3915 1142 3972 opus
1187 3901 1426 3965 conﬁcit,
1474 3917 1657 3957 sermo
1711 3902 2030 3969 traheretur,
2077 3904 2143 3958 ad

581 4002 813 4050 mentem
863 3994 1224 4050 conducentis
1271 3995 1547 4065 epilicium
1592 4001 1883 4055 tractante,
1935 4009 2004 4048 an
2040 4007 2147 4048 non

583 4087 774 4141 iisdem
830 4087 1011 4142 verbis
1051 4101 1183 4141 usus
1212 4086 1398 4142 esset?
1432 4085 1640 4140 Etenim
1674 4079 2047 4140 de'Beseleele
2099 4083 2169 4135 “.

584 4180 723 4234 idem
759 4179 1000 4234 dicentes
1030 4194 1140 4234 non
1163 4179 1565 4242 aberraremus,
1599 4177 1727 4249 quia
1755 4193 1784 4231 a
1822 4176 1969 4232 Mose
1999 4191 2147 4232 como

585 4273 785 4328 missus
817 4271 883 4325 ad
935 4271 1273 4326 tabernaculi
1335 4270 1771 4337 fabricationem,
1836 4268 2017 4341 opifex
2054 4283 2150 4326 eo-

584 4377 703 4416 rum
733 4360 984 4432 qureillic
1007 4368 1431 4415 commemorata
1474 4367 1624 4425 sunt,
1684 4358 1862 4415 factus
1895 4366 2015 4426 est;
2051 4357 2146 4430 qui

2232 1899 2438 1963 αὐτὸν,
2509 1895 2664 1968 φησι,
2703 1896 2799 1950 καὶ
2835 1897 3198 1967 amitam-or
3279 1900 3371 1953 καί
3412 1901 3542 1954 Θεὸν
3568 1899 3721 1963 πάσης

2231 1986 2520 2057 αἰσθητῆς
2547 2003 2612 2040 τε
2641 1987 2738 2040 καί
2760 1985 2982 2054 νοητῆς
3044 1987 3270 2054 οὐσίας
3301 1989 3552 2058 λέγομεν.
3589 1990 3669 2041 Ἦν
3688 1987 3726 2039 τί

2231 2080 2440 2141 οἴεταις
2494 2079 2735 2148 Κτιστὴν
2773 2073 2934 2139 εἶναι,
2968 2077 3001 2148 ἦ
3046 2077 3336 2140 ἄκτιστονς
3385 2077 3442 2129 ΕΞ
3475 2080 3568 2149 γὰρ
3593 2078 3728 2144 πάσης

2232 2169 2427 2240 νοητῆς
2457 2169 2642 2234 οὐσίας
2679 2168 2931 2238 ὁμολογεῖ
2971 2168 3176 2239 Κύριον
3221 2169 3314 2221 καὶ
3351 2167 3474 2220 Θεὸν
3501 2169 3582 2220 καὶ
3609 2167 3730 2235 δημι-

2232 2261 2426 2332 ουργὸν
2447 2256 2582 2313 εἶναι
2609 2261 2697 2313 τὸν
2738 2259 2970 2331 Ἰησοῦν·
3003 2260 3224 2328 ἀνάγκη
3252 2261 3415 2320 πᾶσα,
3440 2259 3485 2310 εί
3513 2259 3597 2328 μὲν
3621 2258 3735 2310 ἄκτι-

2236 2368 2359 2404 στον
2410 2345 2546 2404 εἶναι
2591 2350 2739 2415 λέγει
2787 2350 3010 2420 ταύτην,
3054 2349 3352 2418 ψεύδεσοαι
3398 2349 3490 2419 τῆς
3534 2347 3735 2402 άκτίστοο

2235 2441 2449 2509 φύσεως
2474 2443 2570 2512 τὴν
2597 2442 2954 2513 δημιουργίαν
2996 2441 3074 2512 τῷ
3105 2443 3226 2513 Υἱῴ
3260 2439 3737 2514 προσμαρτυροῦντα.

2236 2533 2297 2586 Εἰ
2329 2532 2382 2584 δὲ
2430 2535 2651 2604 κιιστὴν
2692 2534 2958 2598 πιστεύοι,
3003 2534 3094 2587 τὸν
3137 2535 3309 2588 αὐτὸν
3353 2531 3530 2587 ἑαυτοῦ
3569 2530 3743 2598 κτίστην

2235 2619 2373 2676 εἶναι
2399 2623 2810 2686 κατασκευάζει.
2862 2625 2922 2677 Εί
2961 2615 3067 2694 γὰρ
3097 2623 3179 2695 μὴ
3213 2624 3291 2695 τῷ
3323 2623 3440 2678 καθ’
3465 2621 3633 2676 ἑαυτὸν
3653 2636 3745 2672 κτι-

2238 2714 2345 2785 στῷ
2395 2716 2493 2786 τῆς
2525 2717 2718 2785 νοητῆς
2743 2716 2928 2779 οὐσίας
2953 2715 3291 2786 ἀφορίζοιτο,
3325 2716 3470 2769 οὐδὲν
3496 2715 3565 2768 ἔτι
3589 2711 3639 2764 τὸ
3661 2711 3748 2764 δια-

2237 2810 2417 2878 κρῖνον
2440 2807 2913 2877 ὑπολειφθήσεται,
2943 2809 3040 2879 τῆς
3072 2825 3133 2861 τε
3171 2808 3438 2878 αἰσθητῆς
3460 2807 3657 2866 κτίσεως
3680 2801 3752 2854 καὶ

2236 2897 2336 2967 τῆς
2359 2901 2551 2968 νοερᾶς
2575 2898 2762 2961 οὐσίας
2793 2898 3063 2952 ἐπικοινου
3092 2900 3420 2972 νοουμένης.
3450 2894 3578 2949 Ἀλλ’
3599 2894 3751 2960 ἐπάγει

2241 2989 2469 3053 τούτοις,
2499 2991 2580 3044 ὅτι
2613 2991 2670 3044 ὲν
2692 2993 2756 3061 τῇ
2785 2990 2894 3044 τῶν
2920 2991 3087 3044 όντων
3108 2993 3294 3046 κτίσει
3320 2990 3464 3061 παρὰ
3483 2987 3568 3042 τοῦ
3587 2983 3756 3054 Πατρὶς

2238 3082 2630 3156 ἐπιτέτραπται
2666 3083 2765 3154 τὴν
2795 3081 2904 3134 τῶν
2933 3082 3198 3136 ἁπάντων
3223 3081 3431 3153 όρατών
3459 3097 3514 3133 τε
3537 3077 3616 3131 καὶ
3632 3076 3756 3146 άορὰ·

2241 3189 2352 3226 των
2375 3173 2754 3244 δημιουργίαν,
2789 3172 2883 3226 καὶ
2915 3171 3022 3226 τῶν
3055 3173 3373 3244 γενομένων
3402 3170 3494 3243 τὴν
3533 3168 3758 3239 πρόνοιαν,

2239 3262 2515 3334 ἀρκούσης
2559 3263 2708 3332 αὺτῷ
2753 3262 2857 3332 τῆς
2893 3261 3096 3316 ἄνωθεν
3142 3259 3614 3333 ἀποκληρωθείσης
3638 3255 3759 3310 δυνά·

2246 3370 2389 3423 μεως
2450 3353 2584 3422 πρὸς
2653 3352 2750 3417 τὰς
2814 3351 3056 3420 γενέσεις
3121 3352 3244 3408 τῶν
3297 3347 3762 3423 δημιουργηθέντων.

2242 3442 2426 3498 Ταῦτα
2455 3441 2696 3513 βιάζεται
2742 3443 2838 3513 μὲν
2870 3442 2932 3496 τὸ
2961 3443 3171 3514 πλῆθος
3203 3445 3314 3496 τῶν
3338 3439 3699 3512 γεγραμμένων
3720 3435 3764 3486 ὲν

2245 3532 2490 3604 συντόμῳ
2515 3533 2890 3604 παραδραμεῖν
2909 3550 2926 3565 ο
2971 3534 3357 3605 παρακατέχει
3387 3532 3444 3586 δέ
3471 3547 3578 3596 πως
3605 3530 3636 3600 ὴ
3671 3527 3765 3598 Bia-

2247 3622 2459 3694 σφημία
2489 3621 2580 3675 τὸν
2603 3622 2778 3690 λόγον,
2807 3623 2972 3678 πολὺν
3002 3623 3176 3695 ἑσμὸν
3209 3625 3495 3696 νοημάτων
3520 3621 3618 3676 οἷόν
3644 3631 3766 3671 τινων

2248 3710 2465 3765 ἰοϐόλων
2493 3709 2717 3782 σφηκῶν
2745 3712 3090 3783 περιέχουσα.
3123 3713 3475 3785 Ἐπετράπη,
3502 3710 3637 3782 φησι,
3656 3703 3768 3776 παρὰ

2245 3803 2339 3858 τοῦ
2374 3804 2586 3875 Πατρὸς
2613 3803 2710 3873 τὴν
2738 3803 3112 3874 δημιουργίαν.
3146 3805 3217 3858 Ei
3252 3805 3312 3858 δὲ
3343 3806 3469 3876 περὶ
3493 3800 3768 3874 χειροτέχνου

2246 3895 2389 3959 τινὸς
2421 3897 2449 3949 ό
2474 3894 2628 3964 λόγος
2653 3894 2880 3964 ἐγίνετο,
2913 3895 3052 3949 κατὰ
3074 3896 3315 3970 γνώμην
3344 3895 3438 3951 τοῦ
3475 3887 3770 3968 μισθουμένοθ

2251 3985 2760 4058 μεταχειριζομένου
2789 3986 2889 4058 τὴν
2931 3987 3230 4058 ἐργασίαν,
3264 3984 3357 4060 ἆρ’
3380 3987 3480 4041 οὐκ
3507 3985 3568 4039 ἂν
3590 3984 3682 4043 τοῖς
3701 3976 3772 4030 αὐ-

2247 4080 2360 4142 τοῖς
2385 4077 2653 4148 ἐχρήσατο
2673 4077 2883 4146 λόγοιςς
2931 4078 3041 4132 Καὶ
3069 4077 3184 4151 γὰρ
3212 4079 3348 4152 περὶ
3377 4077 3470 4132 τοῦ
3495 4069 3714 4130 Βεσελεὲλ
3731 4065 3775 4117 τὸ

2246 4167 2364 4225 Ῑσον
2387 4169 2485 4240 οὐχ
2512 4168 2898 4240 ἁμαρτάνομεν
2919 4168 3194 4238 λέγοντες,
3225 4171 3312 4224 ὃτι
3342 4165 3648 4238 ἐπιτραπεὶς
3665 4156 3777 4228 παρᾶ

2252 4261 2348 4315 τοῦ
2375 4259 2654 4324 Μωῦσέως
2679 4259 2777 4331 τὴν
2809 4259 3188 4331 σκηνοποιῑαν,
3220 4259 3550 4332 δημιουργὸς
3568 4254 3662 4309 τῶν
3688 4247 3776 4303 έιιεῖ

2255 4351 2733 4424 μνημονευθέντων
2777 4349 2993 4419 ἐγένετο
3019 4365 3032 4380 ⁸
3082 4350 3190 4405 οὐκ
3237 4351 3312 4405 ἂν
3359 4351 3452 4403 ἐπὶ
3495 4349 3588 4419 τὴν
3629 4340 3784 4413 πρᾶξιν

585 4452 650 4506 ad
681 4453 862 4521 operis
895 4451 1291 4507 coniectionem
1323 4466 1430 4506 non
1461 4452 1666 4507 venerit
1693 4451 1800 4506 nisi
1847 4451 2001 4522 prius
2040 4451 2138 4520 ple-

2251 4443 2440 4506 ἐλθὼν,
2480 4443 2554 4513 μὴ
2585 4442 2846 4514 πρότερον
2879 4442 2999 4514 Θεία
3029 4459 3088 4496 τε
3117 4443 3364 4515 δυνάμει
3391 4443 3490 4514 τὴν
3529 4435 3783 4505 ἐπιστήμην

585 4559 708 4596 nam
743 4541 921 4597 omnis
956 4541 1155 4611 opiﬁcii
1199 4540 1446 4611 peritiam
1485 4541 1669 4596 divino
1688 4540 1868 4595 aﬂlatu
1893 4540 2146 4611 adeptus,

587 4643 643 4688 et
687 4632 851 4688 Musis
899 4631 1157 4686 mandato
1213 4647 1351 4703 opus
1405 4647 1695 4702 aggressus
1747 4640 1914 4688 esset.
1981 4631 2151 4702 igitur

585 4724 808 4778 verbum
835 4764 848 4782 .
881 4724 1216 4778 commissum
1259 4739 1400 4791 esse,
1432 4723 1783 4779 adventitiam
1843 4725 1891 4778 ei
1951 4723 2145 4778 factam

587 4815 758 4870 fuisse.
789 4814 899 4870 vim
932 4822 985 4868 et
1016 4821 1340 4885 potestatem
1375 4815 1637 4885 operandi
1667 4815 2008 4870 demonstrat
2036 4834 2048 4872 :
2088 4823 2147 4870 ut

587 4909 904 4978 priusquam
938 4907 1296 4962 commissum
1325 4916 1470 4962 esset
1493 4907 1790 4976 opiﬁcium,
1825 4923 2002 4977 neque
2049 4923 2145 4962 au-

597 5001 771 5062 deret,
814 5010 988 5068 neque
1015 5006 1229 5067 posset;
1281 5007 1569 5069 postquam
1625 5013 1754 5053 vero
1800 5014 2025 5069 operum
2067 4999 2149 5053 fa-

586 5089 904 5144 ciendorum
955 5097 1279 5158 potestatem
1324 5089 1555 5158 accepit,
1586 5099 1637 5144 et
1692 5088 2044 5145 sufﬁcientem
2079 5089 2147 5144 ad

587 5195 752 5244 opera
785 5180 1060 5234 eflicienda
1099 5180 1394 5250 potentiam
1423 5223 1437 5240 .
1471 5189 1600 5234 tunc
1626 5195 1756 5235 vero
1782 5195 1971 5236 eorum
2031 5195 2151 5250 qua:

589 5280 717 5326 sunt
741 5271 921 5342 op'fex
961 5280 1015 5326 et
1070 5271 1323 5330 conditor
1374 5272 1554 5327 factus
1589 5284 1704 5339 eSt;
1762 5288 1884 5326 cum
1913 5273 1963 5326 ei
2011 5270 2153 5327 sufﬁ-

590 5368 718 5418 ciat.
747 5363 890 5418 sicut
921 5363 1158 5433 loquitur
1187 5363 1506 5427 Eunomius,
1545 5379 1780 5434 superne
1825 5362 2149 5418 demandata

590 5451 852 5522 potestas.
885 5454 1104 5508 Annon
1145 5452 1444 5509 secundum
1497 5453 2003 5509 determinationem
2055 5466 2149 5523 ge-

592 5542 987 5597 nethliaoorum
1028 5559 1363 5610 sermonum,
1405 5543 1527 5600 Filii
1568 5559 1784 5617 quoque
1836 5543 2145 5616 generatio-

664 5720 709 5756 “
731 5713 900 5775 Exod.
922 5736 1069 5788 sm,
1093 5725 1128 5778 2
1159 5739 1278 5794 sqq.

2261 4535 2602 4607 κτησάμενος
2621 4574 2635 4599 ,
2670 4535 2764 4588 καὶ
2791 4536 2857 4605 τῇ
2877 4533 2967 4587 τοῦ
2999 4534 3296 4599 Μωῦσέως
3323 4532 3586 4604 ἐπιτροπῇ
3614 4527 3700 4596 τῆς
3721 4524 3785 4574 έν·

2252 4626 2472 4696 εργείας
2500 4624 2937 4696 κατατολμήσας.
2978 4623 3193 4678 Οὐκοῦν
3226 4627 3262 4696 ὴ
3293 4623 3394 4678 τοῦ
3428 4613 3784 4686 ἐπιτετράφθαι

2251 4718 2394 4783 λέξις
2426 4716 2717 4787 ἐπίκτητον
2758 4714 2906 4785 αὐτῷ
2949 4715 3288 4786 γεγενῆσθαι
3320 4715 3421 4786 τὴν
3448 4701 3788 4783 δημιουργικὴν

2252 4809 2581 4865 ἐνδείκνυται
2610 4807 2834 4878 δύναμίν
2863 4824 2923 4860 τε
2967 4807 3062 4860 καὶ
3103 4807 3374 4872 ἐξουσίαν
3397 4824 3412 4839 ο
3457 4805 3531 4868 ὡς
3563 4802 3676 4872 πρὶν
3697 4797 3784 4846 ἐπι-

2251 4900 2525 4972 τραπῆναι
2557 4899 2692 4970 μήτε
2724 4896 3044 4968 θαρσοῦντα.
3079 4899 3224 4969 μήτε
3257 4897 3558 4968 δυνάμενον
3582 4911 3596 4925 ο
3629 4882 3788 4943 ἐπεὶδέ

2253 4996 2352 5068 τὴν
2382 4995 2491 5048 τῶν
2523 4993 2696 5065 ἔργων
2724 4991 2968 5058 ἐξουσίαν
3006 4991 3190 5056 ἔλαϐε,
3223 4993 3326 5045 καὶ
3357 4987 3669 5059 ἀποχρῶσαν

2253 5067 2321 5140 τὰ
2353 5085 2487 5156 ἔργα
2518 5085 2616 5154 τὴν
2663 5084 2910 5154 δύναμιν,
2943 5082 3085 5136 οὕτω
3123 5079 3475 5152 γεγενῆσθαι
3515 5067 3792 5148 δημιουργὸν

2251 5177 2360 5231 τῶν
2411 5176 2599 5230 όντων.
2640 5175 2940 5247 Ἀρκούσης
2978 5172 3145 5243 αὐτῷ,
3186 5173 3386 5237 καθώς
3425 5187 3585 5242 φησιν
3607 5170 3634 5220 ό
3661 5159 3790 5217 εὐνό-

2254 5285 2396 5340 μιος,
2422 5268 2522 5339 τῆς
2561 5267 2766 5321 ἄνωθεν
2816 5263 3313 5336 άποκληρωθείσης
3345 5263 3642 5334 δυνάμεωςο
3678 5252 3791 5321 Ἀρ³

2253 5339 2327 5429 μὴ
2348 5359 2488 5412 κατά
2515 5375 2637 5410 τινα
2677 5357 2962 5428 τερατείαν
2987 5355 3092 5408 τῶν
3117 5354 3507 5425 γενεθλιακῶν
3532 5351 3704 5417 λόγων.
3723 5339 3790 5394 καὶ

2251 5449 2309 5502 ἐν
2337 5447 2643 5519 εἱμαρμένῃ
2691 5448 2798 5500 τινὶ
2836 5446 2931 5500 τοῦ
2979 5443 3105 5499 Υἰοῦ
3155 5445 3266 5516 τὴν
3308 5445 3562 5517 γέννησιν
3604 5437 3791 5494 τίθεται,

2251 5539 2500 5610 καθάπερ
2534 5539 2695 5608 φασιν
2739 5541 2786 5592 οἱ
2832 5539 2929 5610 τὴν
2964 5535 3199 5610 ματαίαν
3229 5539 3448 5609 ταύτην
3477 5529 3792 5604 έξησκηκθτίς
