4002 6218
307 267 428 327 881,

1403 281 1682 338 CONTRA
1725 283 2114 352 EUNOMIUM.
2147 290 2272 347 LIB.
2315 293 2406 350 ΧΙ.

3449 305 3562 362 882

303 388 363 440 ὲν
391 382 473 491 οἷς
499 388 742 491 nlui-ou;
767 391 1108 461 κρατύνεται,
1139 399 1232 453 καὶ
1247 399 1654 471 διαχλευάζουσι
1680 409 1748 458 τά
1782 423 1883 478 μυ-

2002 411 2124 468 'inm
2151 413 2466 470 eftlciuntur
2493 415 2514 469 ?
2542 415 2680 481 Quid
2713 416 2947 491 amplius
2982 417 3054 474 illi
3084 419 3177 490 qui
3227 420 3280 477 in
3321 419 3557 478 Helleni-

307 479 469 533 στικὰ
496 481 758 551 σύμϐολα,
791 485 883 537 καὶ
914 486 980 540 τὰ
1020 487 1419 562 διατηρούμενα
1463 495 1613 565 παρὰ
1649 497 1759 550 τῶν
1790 515 1886 568 με·

309 575 606 644 μυημένων
640 575 769 646 ἔϐης
801 577 874 630 Τδ
899 578 956 631 δὲ
987 581 1044 633 ὲν
1075 582 1304 654 δόγμασι
1329 586 1440 640 δεῖν
1474 587 1655 663 μόνοις
1681 587 1886 642 οἴεσθαι

307 665 405 735 τὴν
433 665 492 718 εὑ
503 665 717 720 σέϐειαν
750 663 910 732 εἶναι,
943 670 1084 735 τίνος
1110 673 1281 738 οὕτως
1308 676 1439 730 ἴδιον
1465 677 1541 740 ὡς
1563 678 1670 731 τῶν
1709 679 1889 749 Ἐλλή-

307 779 414 815 νων
438 779 453 828 ;
493 763 648 816 Ἐπεὶ
675 765 915 819 κάκεῖνοί
942 783 1104 834 φασιν
1130 764 1272 823 εἶναι
1313 789 1364 825 τι
1394 772 1535 826 κατὰ
1563 775 1660 845 τὴν
1681 775 1887 829 ἑαυτῶν

309 854 578 924 ὑπόληψιν
631 855 725 908 τοῦ
773 857 1124 928 κηρύγματος
1171 861 1328 931 ἡμῶν
1374 863 1760 938 πιθανώτερον,
1795 867 1886 920 καί

239 967 247 974 ·
308 964 430 1000 τινα
462 948 632 1018 μέγαν
681 948 742 1012 ἐξ
769 950 948 1003 αὐτῶν
971 969 1114 1016 τινες
1143 953 1485 1010 ὑποτίθενται
1525 957 1679 1021 Θεὸν,
1722 959 1887 1030 ὕπερ·

233 1053 237 1057 ‘
310 1041 644 1112 ανεστηκότα
671 1041 779 1094 τῶν
823 1043 998 1097 ἄλλων
1032 1045 1126 1098 καὶ
1175 1047 1516 1119 ὑποχειρίους
1553 1049 1703 1114 τινὰς
1727 1050 1887 1105 δυνά-

315 1150 439 1201 μεις
489 1133 832 1203 ὁμολογοῦσι.
878 1135 966 1189 διά
1010 1153 1152 1198 τινος
1192 1138 1396 1206 τάξεως
1426 1141 1518 1193 καὶ
1545 1141 1885 1204 ἀκολουθίας,

313 1222 556 1294 ἀλλήλων
589 1225 690 1294 μὲν
726 1224 861 1296 πρὸς
893 1226 954 1279 τὸ
1017 1227 1206 1296 μεῖζον
1245 1228 1278 1299 ἢ
1321 1231 1740 1302 καταδεέστερον
1775 1232 1887 1285 δια-

315 1314 604 1386 φερούσας,
636 1314 1044 1388 ὑπεζευγμένας
1071 1319 1128 1372 δὲ
1157 1319 1338 1384 πάσας
1363 1321 1558 1392 ἐπίσης
1590 1323 1668 1393 τῷ
1697 1323 1890 1395 ὑπερέο

314 1425 482 1477 χοντι.
523 1408 712 1464 Ταῦτα
739 1410 920 1464 τοίνυν
947 1411 1043 1464 καὶ
1076 1413 1124 1465 oi
1160 1411 1468 1482 “(inm-cui.
1505 1415 1605 1484 τῆς
1645 1414 1772 1478 νέας
1815 1419 1892 1469 εἰ-

313 1499 703 1572 δωλολατρείας
727 1501 1061 1574 κηρύσσουσι
1084 1519 1102 1534 ο
1138 1504 1231 1557 καὶ
1259 1505 1320 1560 οὐ
1354 1505 1654 1559 δεδοίκασιν
1685 1508 1733 1559 οἱ
1767 1506 1890 1559 ἑπό-

317 1609 469 1660 μενοι
489 1594 585 1664 τὴν
607 1595 958 1666 ἐπικειμένην
978 1598 1088 1660 τοῖς
1111 1596 1522 1668 παραϐεϐηκόσι
1546 1599 1890 1669 κατάκρισιν.

319 1683 531 1754 Ὥσπερ
577 1685 638 1737 οὗ
686 1684 975 1752 συνιέντες,
1021 1687 1104 1741 ὃτι
1147 1689 1206 1740 τὸ
1239 1686 1384 1759 ἔργῳ
1429 1706 1480 1742 τι
1521 1691 1746 1760 ποιῆσαι
1783 1691 1891 1743 τῶν

314 1752 564 1836 ἀτόπων,
609 1775 702 1830 τοῦ
739 1777 827 1831 διά
871 1780 1114 1850 ῥήματος
1165 1752 1489 1852 ἐξαμαρτεῖν
1544 1752 1702 1852 μόνον
1741 1784 1892 1854 παρὰ
1927 1752 1942 1802 1

318 1867 452 1921 πολὺ
480 1867 878 1940 χαλεπώτερον.
929 1871 991 1924 Οί
1033 1871 1209 1924 τοίνυν
1258 1871 1406 1943 ἔργῳ
1452 1872 1550 1943 μὲν
1586 1872 1683 1944 τὴν
1713 1873 1892 1928 πίστιν

315 1958 670 2030 ἀρνούμενοι,
717 1962 811 2015 καὶ
851 1961 918 2017 τά
953 1962 1049 2033 έθη
1093 1964 1478 2042 φαυλίζοντες,
1522 1967 1616 2021 καὶ
1659 1968 1756 2039 τὴν
1787 1968 1894 2021 τῶν

312 2050 595 2119 ὀνομάτων
639 2053 930 2124 ὁμολογίαν
980 2055 1339 2126 περιορῶντες
1359 2095 1374 2118 .
1414 2059 1508 2111 καὶ
1551 2059 1639 2111 τὸν
1685 2059 1750 2128 ἐκ
1787 2058 1892 2112 τῶν

317 2142 594 2210 μυστικῶν
616 2143 898 2214 συμϐόλων
927 2145 1192 2218 άγιασμδν
1221 2147 1336 2200 ἀντ’
1365 2149 1575 2212 οὐδενὸς
1610 2145 1748 2203 εἷναι
1779 2149 1896 2220 κρί-

315 2253 535 2298 νοντες·
591 2238 728 2308 πρὸς
767 2237 824 2293 δὲ
878 2240 948 2294 τά
996 2243 1358 2312 σεσοφισμένα
1410 2244 1629 2313 ῥήματα
1682 2242 1896 2312 βλέπειν

312 2327 756 2395 ἀναπεισθέντες,
780 2331 874 2384 καὶ
898 2333 956 2386 ὲν
983 2335 1048 2406 τῇ
1078 2333 1172 2386 τοῦ
1192 2333 1450 2404 γεννητοῦ
1478 2335 1570 2388 καὶ
1599 2335 1893 2405 άγεννήτου

314 2419 632 2491 τεχνολογίᾳ
673 2420 772 2493 τὴν
816 2423 1090 2494 σωτηρίαν
1121 2417 1262 2477 εἶναι
1298 2423 1627 2494 νομίζοντες,
1675 2424 1728 2476 τί
1769 2424 1895 2478 ἄλλο

314 2512 414 2564 καὶ
425 2511 544 2582 οὐχὶ
563 2528 638 2565 πα
645 2511 873 2582 ραὸάται
892 2513 1001 2567 τῶν
1021 2513 1117 2582 τῆς
1137 2513 1408 2585 σωτηρίας
1423 2513 1704 2584 δογμάτων
1719 2513 1855 2568 εἰσίν
1877 2529 1893 2577 ;

1987 518 2108 559 smo
2157 515 2494 576 permanent,
2526 505 2592 561 ad
2645 507 2978 564 calumniam
3037 517 3240 567 nostra:
3295 513 3559 570 doctrina:

1986 595 2320 662 proferunt?
2348 593 2466 650 Non
2491 605 2545 651 et
2565 595 2642 650 illi
2680 597 2826 652 risus
2859 599 3207 656 occasionem
3276 603 3557 657 nomimun

1989 686 2349 741 venerandam
2404 686 2720 757 dignitatem
2786 688 3016 754 faciunt,
3056 691 3110 745 in
3165 691 3362 760 quibus
3428 692 3560 749 fides

1987 776 2360 842 continuatur,
2379 786 2432 834 et
2465 779 2808 835 subsannant
2833 782 3061 851 mystica
3091 783 3360 853 symbola,
3393 784 3562 838 ritus-

1988 883 2094 938 que
2127 878 2180 924 et
2200 871 2449 926 instituta
2476 887 2595 941 qua:
2622 871 2692 927 ab
2724 872 2953 928 initialis
2975 873 3335 928 observantur
3359 875 3382 928 ?
3403 874 3560 940 Quod

1989 970 2168 1015 autem
2205 961 2259 1015 in
2312 963 2546 1017 decretis
2580 971 2830 1033 oporteat
2877 963 3009 1018 solis
3072 971 3262 1034 putare
3303 965 3558 1034 pietatem

1989 1054 2313 1120 consistere,
2366 1055 2525 1124 cujus
2584 1055 2664 1112 sic
2703 1056 2983 1126 proprium
3050 1057 3193 1112 sicut
3248 1057 3560 1112 Graecorum

1989 1144 2407 1212 est?Quoniam
2442 1147 2607 1203 etiam
2664 1148 2741 1203 illi
2800 1147 2978 1212 aiunt,
3046 1148 3347 1204 secundum
3405 1164 3560 1203 suam

1991 1239 2304 1308 opinionem
2334 1239 2544 1309 aliquid
2584 1254 2706 1296 esse
2738 1246 2925 1295 nostra
2955 1239 3342 1310 praedicatione
3368 1239 3563 1309 proba-

1993 1330 2196 1384 bilius:
2233 1331 2524 1400 quemdam
2567 1345 2824 1400 magnum
2856 1346 2920 1385 ex
2956 1329 3092 1401 ipsis
3134 1329 3355 1400 quidam
3394 1327 3559 1384 Deum

1992 1431 2326 1490 supponunt,
2362 1421 2485 1476 aliis
2525 1422 3044 1491 superemincntem,
3096 1428 3260 1490 atque
3289 1418 3568 1489 subiectas

1993 1512 2071 1565 illi
2109 1511 2375 1580 quasdam
2411 1521 2708 1582 potestates
2741 1514 3076 1568 conﬁtentur
3106 1511 3300 1568 ordine
3329 1512 3565 1582 quodam

1991 1614 2044 1660 et
2093 1603 2235 1660 serie
2275 1605 2417 1659 inter
2455 1619 2516 1660 se
2567 1605 2868 1661 secundum
2925 1603 3107 1673 majus
3183 1605 3270 1660 vel
3337 1604 3569 1658 interius

1995 1696 2345 1762 differentes,
2401 1696 2682 1765 subiectas
2731 1703 2912 1751 autem
2949 1711 3140 1751 omnes
3197 1695 3482 1766 :equaliter
3516 1694 3565 1749 ei

1947 1754 2091 1859 3qui
2151 1754 2537 1857 supereminet.
2597 1787 2722 1843 Haec
2753 1787 2973 1857 quidem
3029 1771 3184 1840 nova
3248 1754 3569 1840 idololatriae

2002 1879 2246 1950 magistri
2276 1879 2592 1949 praedicant,
2624 1894 2800 1948 neque
2831 1885 3092 1932 verentur
3125 1875 3323 1930 docere
3358 1873 3432 1927 illi
3477 1874 3567 1942 qui

2002 1971 2115 2024 ιιωο
2159 1981 2482 2040 sequuntur,
2521 1968 3022 2039 transgressoribus
3052 1964 3564 2021 condemnationem

2000 2059 2300 2114 imminere.
2359 2058 2527 2125 Quasi
2584 2073 2694 2114 non
2754 2057 3092 2128 intelligant,
3158 2052 3304 2124 quod
3358 2051 3567 2122 aliquid

2002 2151 2301 2206 absurdum
2366 2151 2509 2206 facto
2568 2159 2920 2223 perpetrare,
2975 2150 3148 2203 multo
3210 2146 3430 2218 gravius
3487 2154 3570 2200 est

2000 2257 2164 2312 quam
2196 2243 2364 2297 verbo
2394 2242 2512 2298 solo
2539 2255 2787 2312 peccare.
2823 2239 2925 2306 Qui
2959 2237 3124 2308 igitur
3157 2236 3304 2290 facto
3349 2233 3568 2305 quidem

2002 2333 2160 2388 ﬁdem
2193 2340 2412 2404 negant,
2443 2340 2498 2388 et
2527 2331 2775 2387 instituta
2804 2346 2866 2385 ac
2897 2329 3036 2384 ritus
3067 2326 3217 2399 parvi
3261 2324 3492 2382 faciunt.
3519 2332 3571 2378 et

2001 2423 2284 2477 nominum
2320 2421 2721 2478 confessionem
2748 2419 3078 2489 despiciunt,
3106 2425 3160 2472 et
3203 2433 3270 2472 ex
3330 2413 3572 2486 mysticis

2000 2515 2266 2586 symbolis
2316 2513 2806 2570 sanctificationem
2871 2525 2970 2582 pro
3008 2509 3182 2564 nihilo
3240 2509 3470 2569 ducunt.
3506 2504 3571 2558 ad

313 2606 483 2661 docta
513 2606 676 2662 verba
705 2608 977 2678 respicere
1007 2607 1280 2679 persuasi,
1315 2616 1370 2663 et
1419 2606 1474 2662 in
1529 2608 1697 2677 geniti
1771 2616 1939 2678 atque
2012 2609 2239 2681 ingeniti
2298 2609 2598 2664 artiﬁcioso
2660 2622 2910 2664 sermone
2978 2605 3209 2660 salutem
3275 2601 3573 2658 consistere

311 2701 628 2768 opinantes,
679 2697 808 2767 quid
841 2698 987 2752 aliud
1044 2707 1195 2763 sunt,
1247 2713 1409 2769 quam
1451 2706 1894 2768 transgressores
1931 2699 2388 2757 documentorum
2422 2701 2662 2757 salutis?
3589 2685 3601 2695 ’

392 2791 454 2842 Ei
485 2789 542 2842 δέ
567 2806 651 2852 τις
673 2790 842 2844 οἴεται
863 2790 1034 2844 ταῦτα
1061 2790 1201 2844 κατά
1224 2808 1343 2843 τινα
1371 2790 1736 2860 συκοφαντίαν
1763 2790 1892 2862 παρ’

312 2881 480 2952 ἡμῶν
510 2882 690 2945 αὐτοῖς
719 2881 1096 2952 ἐπιφέρεσθαι,
1137 2883 1257 2936 καθ’
1302 2883 1488 2936 ἑαυτὸν
1515 2880 1896 2950 διασκεψάσθω

2064 2793 2218 2860 Quod
2249 2796 2292 2848 si
2325 2795 2450 2863 quis
2481 2801 2632 2862 putat
2661 2791 2775 2846 haec
2805 2805 2834 2842 a
2859 2787 3014 2842 nobis
3041 2783 3312 2840 calumnia
3341 2779 3574 2853 quadam

2003 2889 2138 2960 ipsis
2169 2888 2378 2952 inferri,
2410 2904 2528 2958 quae
2554 2887 2622 2942 ab
2655 2886 2775 2956 ipso
2800 2883 3002 2954 scripta
3053 2887 3204 2941 sunt,
3236 2893 3331 2949 per
3365 2892 3424 2932 se
3455 2876 3575 2945 ipse

315 2972 389 3024 τά
422 2971 552 3042 παρ’
583 2971 745 3025 αὑτοῦ
781 2971 1166 3044 γεγραμμένα,
1207 2973 1276 3026 τά
1305 2990 1363 3026 τε
1402 2972 1733 3043 προτεθέντα
1764 2971 1897 3041 ἡμῖν

2003 2981 2328 3045 consideret,
2353 2987 2408 3036 et
2431 2994 2549 3051 quze
2570 2977 2728 3032 nobis
2744 2975 2812 3031 ad
2844 2989 3072 3031 examen
3102 2971 3379 3042 proposita
3415 2974 3573 3031 sunt,

314 3065 402 3126 εἰς
427 3062 695 3127 ἐξέτασιν,
739 3063 835 3117 καὶ
877 3063 976 3117 ὅσα
1008 3063 1148 3116 κατὰ
1186 3064 1247 3117 τὸ
1277 3062 1566 3118 ἀκόλουθον
1599 3064 1712 3125 τοῖς
1744 3063 1897 3133 είρη-

323 3155 515 3225 μένοις
564 3155 845 3220 ἐπάγεται.
893 3155 1032 3222 Φησὶ
1077 3155 1186 3226 γὰρ
1215 3155 1308 3208 τὸν
1351 3153 1445 3207 τοῦ
1494 3153 1697 3224 Κυρίου
1739 3152 1901 3222 νόμον

317 3246 822 3316 παραγραῖιόμενος
875 3245 1059 3316 (νόμος
1088 3246 1196 3318 γάρ
1239 3247 1383 3298 ἐστιν
1415 3247 1447 3315 ἡ
1478 3245 1578 3316 τῆς
1610 3243 1760 3308 Θείας
1798 3261 1898 3313 μυο

319 3338 639 3408 σταγωγίας
676 3337 1006 3407 παράδοσις)
1052 3339 1126 3409 μὴ
1171 3340 1250 3402 εἰς
1299 3339 1518 3409 Πατέρα
1543 3355 1599 3392 τε
1640 3339 1732 3392 καὶ
1777 3337 1903 3391 Υίδν

317 3430 420 3482 καὶ
453 3428 611 3496 ἅγιον
650 3426 871 3498 Πνεῦμα
900 3427 961 3480 τὸ
991 3427 1274 3498 βάπτισμα
1305 3427 1570 3494 γίνεσθαι,
1601 3425 1784 3492 καθὼς
1817 3428 1901 3479 ὲν-

319 3520 569 3584 ετείλατο
589 3523 698 3584 τοῖς
719 3519 986 3592 μαθηταῖς
1002 3520 1320 3592 παραδιδοὺς
1343 3520 1402 3574 τὸ
1427 3522 1722 3593 μυστήριον
1741 3537 1755 3552 ο
1789 3515 1902 3573 ἀλλ’

317 3616 402 3677 εἰς
433 3612 765 3683 δημιουργὸν
816 3611 909 3666 καὶ
954 3611 1198 3682 κτίστην,
1245 3611 1339 3664 καὶ
1378 3612 1439 3664 οὐ
1493 3612 1652 3682 μόνον
1686 3609 1904 3680 Πατέρα

317 3706 463 3776 φησι
504 3706 599 3759 τοῦ
648 3704 1002 3776 Μονογενοῦς,
1047 3704 1182 3758 ἀλλὰ
1213 3705 1306 3758 καὶ
1331 3704 1484 3758 Θεόν.
1517 3704 1581 3758 Ὢ
1609 3705 1637 3758 ὁ
1668 3702 1902 3765 ποτίζων

318 3799 415 3851 τὸν
448 3797 675 3868 πλησίον
703 3797 868 3850 αὐτοῦ
897 3797 1212 3868 ἀνατροπὴν
1241 3795 1467 3866 θολεράν
1491 3795 1502 3848 l
1542 3795 1665 3858 Πῶς
1706 3796 1905 3848 ἀνατα-

320 3891 525 3960 ράσσει
565 3891 632 3960 τῇ
681 3888 889 3942 ίλυὼδει
927 3888 1210 3960 προσθήκῃ
1243 3888 1336 3942 καλ⁸
1363 3886 1613 3942 ἀναθολοί
1645 3884 1740 3957 τὴν
1773 3885 1905 3955 ἀλήο

316 3977 518 4032 Octavi
554 3977 675 4042 Πῶς
703 3978 764 4032 οὐ
810 3977 1012 4033 δέδοικε
1058 3979 1158 4050 τὴν
1201 3977 1552 4049 ἐπικειμένην
1583 3975 1724 4049 ἀρὰν
1767 3975 1906 4029 κατὰ

319 4071 440 4124 τῶν
475 4070 873 4142 προστιθέντων
899 4087 951 4124 τι
976 4072 1094 4137 ταῖς
1129 4070 1303 4133 θείαις
1337 4071 1563 4138 φωναῖς,
1593 4069 1626 4138 ἢ
1657 4069 1906 4139 ὑφαιρεῖν

321 4162 683 4236 τολμώντωνς
723 4161 1070 4233 Ἀναγνῶμεν
1093 4161 1177 4216 ἐπ’
1209 4160 1358 4232 αυτῷ
1387 4161 1496 4214 τῶν
1525 4161 1783 4233 ῥημάτων
1809 4161 1910 4231 τὴν

320 4254 423 4309 τοῦ
462 4255 669 4326 Κυρίου
709 4255 917 4325 φωνήν.
955 4253 1376 4322 Πορευθέντες,
1429 4254 1584 4325 φησι,
1617 4255 1906 4323 μαθητεύ-

2003 3084 2054 3130 cl
2091 3089 2430 3145 qumcunque
2456 3088 2520 3126 ex
2553 3068 2936 3126 consecutione
2955 3065 3120 3121 dictis
3148 3062 3574 3131 subiunguntur.

2002 3167 2090 3222 Ait
2121 3167 2265 3222 enim
2320 3163 2529 3219 Domini
2566 3164 2736 3233 legem
2778 3165 3094 3229 pervertens
3131 3154 3266 3223 (lex
3319 3152 3464 3207 enim
3493 3157 3572 3204 cst

2002 3259 2201 3314 divina:
2254 3255 2613 3312 institutionis
2672 3251 2962 3318 traditio),
3001 3263 3109 3301 non
3171 3245 3225 3300 in
3269 3243 3486 3298 Patrem
3524 3249 3572 3292 et

2006 3351 2200 3406 Filium
2230 3357 2284 3404 et
2310 3347 2573 3419 Spiritum
2626 3353 2876 3399 sanctum
2936 3339 3204 3412 baptisma
3243 3335 3381 3400 fieri,
3437 3333 3575 3389 sicut

2005 3441 2262 3514 praecepit
2290 3437 2576 3509 discipulis
2613 3435 2835 3492 tradens
2868 3430 3210 3503 mysterium,
3239 3425 3335 3482 sed
3378 3425 3432 3479 in
3459 3423 3576 3514 opi-

2007 3513 2158 3589 ficem
2190 3539 2244 3587 ct
2285 3537 2608 3590 creatorem,
2659 3535 2713 3581 et
2746 3540 2852 3581 non
2894 3523 3068 3580 solum
3117 3519 3354 3580 Patrem,
3382 3513 3576 3584 inquit,

2008 3622 2308 3698 Unigeniti,
2329 3623 2424 3678 sed
2450 3619 2611 3676 etiam
2648 3616 2837 3672 Deum.
2896 3612 3037 3668 Prob
3071 3613 3085 3665 !
3117 3609 3209 3678 qui
3271 3605 3578 3698 proximum

2007 3693 2164 3770 suum
2196 3695 2384 3782 potare
2417 3709 2546 3764 facit
2576 3706 2914 3762 eversionem
2949 3700 3256 3756 turbidam!
3291 3693 3578 3762 Quomodo

2006 3805 2192 3860 turbat
2236 3816 2456 3857 comosa
2519 3797 2826 3867 adiectione
2877 3801 2931 3849 et
2959 3791 3211 3861 inquinat
3240 3786 3577 3841 veritatem!

2007 3889 2288 3960 Quomodo
2319 3904 2426 3943 non
2477 3884 2729 3941 extimuit
2781 3881 3090 3952 impositam
3144 3875 3575 3933 exsecrationem

2007 3979 2271 4035 adversus
2311 3993 2407 4032 eos
2433 3974 2522 4046 qui
2554 3971 2756 4028 divinis
2786 3967 3014 4024 vocibus
3045 3964 3248 4034 aliquid
3291 3961 3576 4030 adjiciunt,

2007 4067 2090 4122 vel
2125 4065 2218 4138 qui
2263 4065 2591 4124 subtrahere
2623 4059 2826 4115 audent
2847 4058 2871 4110 τ
2896 4055 3164 4128 Legamus
3197 4055 3250 4107 in
3284 4068 3350 4106 eo
3379 4049 3575 4106 verbo-

2011 4171 2129 4211 rum
2161 4169 2348 4210 vocem
2377 4151 2610 4206 Domini.
2646 4147 2865 4213 Eunm,
2911 4145 3090 4216 inquit
3113 4186 3128 4205 .
3180 4143 3360 4198 docete
3399 4154 3577 4195 omnes

2009 4258 2204 4319 gentes,
2233 4245 2560 4312 baptizantes
2599 4257 2686 4295 eos
2731 4241 2783 4293 in
2827 4239 3034 4292 nomine
3071 4235 3279 4299 Patris,
3336 4241 3387 4288 et
3421 4230 3575 4294 Filii,

319 4365 480 4402 σατε
505 4322 700 4401 πάντα
724 4322 811 4400 τὰ
841 4322 1004 4414 ἔθνη,
1047 4322 1690 4412 ,βαπτίζοντεςαὺτοῦς
1721 4347 1805 4412 εις
1838 4344 1899 4400 τὸ

2007 4349 2055 4393 et
2083 4337 2312 4403 Spiritus
2345 4333 2515 4388 sancti
2535 4332 2600 4386 ³⁸.
2656 4329 2756 4385 Ubi
2811 4327 3006 4383 Filium
3053 4334 3361 4383 creaturam
3397 4322 3578 4393 appel-

322 4440 523 4509 ὄνομα
561 4437 668 4494 τοῦ
715 4436 940 4507 Πατρός
978 4436 1078 4491 καὶ
1115 4436 1222 4491 τοῦ
1274 4437 1412 4492 γ’ιοῦ
1449 4437 1546 4492 καὶ
1585 4437 1692 4492 τοῦ
1733 4437 1907 4506 ἁγίου

327 4531 698 4601 Πνεύματος.
755 4529 866 4585 Ποῦ
919 4530 1124 4600 κτίσμα
1167 4530 1257 4583 τὸν
1296 4530 1421 4583 Υίὸν
1459 4531 1905 4602 προσηγόρευσε;

329 4624 445 4678 Ποῦ
473 4623 698 4693 κτίστην
722 4621 816 4676 καὶ
845 4621 1176 4694 δημιουργὸν
1195 4621 1289 4674 τοῦ
1318 4621 1653 4690 Μονογενοῦς
1680 4622 1769 4674 τὸν
1799 4622 1909 4674 Πα-

326 4716 470 4787 τέρα
495 4717 524 4768 ὁ
552 4714 708 4782 λόγος
742 4712 980 4781 ὲδίδαξε;
1025 4712 1133 4766 Ποῦ
1158 4711 1342 4776 δοῦλος
1375 4711 1510 4765 Θεοῦ
1539 4715 1597 4764 ὲν
1626 4715 1736 4775 τοίς
1764 4712 1905 4782 είρηο

332 4808 520 4878 μένοις
555 4806 584 4858 ὁ
615 4807 743 4868 Υἱὸς
770 4801 911 4860 εἶναι
946 4805 1255 4860 διδάσκεται
1281 4820 1296 4869 ;
1348 4804 1458 4857 Ποῦ
1489 4803 1620 4868 Θεὸς
1651 4803 1744 4857 τοῦ
1779 4803 1907 4857 Υίοῦ

329 4903 392 4952 ἑν
425 4901 492 4967 τῇ
525 4898 819 4970 παραδόσει
851 4896 946 4950 τοῦ
999 4896 1298 4967 μυστηρίου
1345 4894 1676 4965 κηρύσσεται
1703 4911 1716 4958 ;
1768 4895 1909 4964 ’Δρα

329 4992 506 5043 νοεῖτε
537 4990 630 5042 καὶ
673 4989 901 5051 συνίετε,
933 4991 984 5042 ot
1009 4989 1074 5042 δι’
1103 4988 1318 5058 ἀπάτης
1351 4985 1744 5056 κατασυρέντες
1774 4985 1910 5055 πρὸς

328 5084 435 5150 τὴν
483 5079 790 5145 ἀπώλειαν,
840 5079 963 5134 τίνα
1007 5079 1116 5132 τῶν
1165 5079 1308 5132 ίδίων
1353 5075 1540 5145 ψυχῶν
1595 5073 1910 5144 καθηγητὴν

332 5172 768 5244 προεστήσασθε,
796 5171 888 5225 τὸν
916 5170 1202 5225 νοθεύοντα
1231 5171 1326 5233 τὰς
1356 5169 1514 5237 ἁγίας
1549 5166 1790 5237 Γραφὰς,
1821 5166 1910 5218 τὸν

336 5263 737 5336 μιταποιοῦντα
763 5263 862 5326 τὰς
892 5263 1042 5326 θείας
1086 5261 1290 5330 φωνὰς,
1320 5260 1411 5314 τὸν
1448 5257 1808 5314 άναθολοῦντα
1833 5256 1912 5328 τῷ

337 5354 460 5424 ίδίῳ
497 5353 743 5425 βορϐόρῳ
787 5353 848 5406 τὸ
878 5351 1115 5424 καθαρὸν
1149 5353 1255 5405 τῶν
1282 5349 1379 5419 τῆς
1410 5348 1686 5412 εὖσεεῗείας
1717 5346 1914 5416 δογμά-

334 5463 471 5508 των.
503 5443 595 5498 τὸν
629 5446 704 5516 μὴ
741 5445 900 5514 μόνον
930 5444 1052 5498 καθ’
1104 5443 1260 5512 ἡμῶν
1303 5441 1404 5512 τὴν
1439 5439 1632 5494 ἑαυτοῦ
1665 5437 1912 5508 γλῶσσαν

338 5535 646 5601 ὁπλίζοντα,
694 5535 830 5590 ἀλλὰ
877 5537 970 5590 καὶ
1025 5535 1189 5599 αὑτὰς
1242 5530 1662 5604 μετασκευάζειν
1713 5531 1913 5600 ἐπιχει-

420 5714 465 5749 ²⁹
518 5712 708 5772 Matth.
741 5704 934 5783 sunt,
970 5711 1052 5770 l9.

2009 4429 2198 4484 lavit?
2271 4424 2371 4480 Ubi
2435 4423 2688 4488 Patrem,
2755 4429 3054 4476 creatorem
3114 4426 3168 4474 et
3241 4415 3579 4472 conditorem

2010 4520 2309 4594 Unigeniti,
2333 4533 2456 4574 esse
2481 4529 2662 4571 sermo
2689 4511 2916 4568 docuit?
2945 4509 3047 4565 Ubi
3082 4510 3135 4562 in
3167 4507 3252 4562 bis
3291 4521 3411 4575 quae
3434 4505 3578 4594 dicta

2008 4593 2137 4671 sunt
2167 4612 2338 4666 Filius
2366 4625 2488 4663 esse
2515 4621 2708 4662 servus
2733 4605 2821 4658 Dei
2851 4602 3080 4657 docetur
3105 4600 3127 4652 ἵ
3154 4596 3254 4652 Ubi
3289 4597 3430 4652 Deus
3455 4593 3577 4648 Filii
3609 4664 3612 4667 _

2011 4710 2067 4761 in
2103 4702 2347 4775 mysterii
2386 4698 2682 4754 traditione
2706 4690 3074 4765 pradicatur?
3102 4687 3242 4760 Ergo
3264 4685 3580 4758 cognoscite

2009 4804 2064 4851 et
2095 4792 2379 4864 intelligite
2416 4789 2510 4859 qui
2541 4800 2727 4844 errore
2777 4792 2832 4839 et
2864 4784 3162 4853 impostura
3221 4777 3474 4850 pertraeti
3509 4776 3574 4830 ad

2016 4883 2299 4938 interitum
2331 4879 2488 4941 estis,
2520 4893 2680 4948 quem
2702 4873 3016 4928 animarum
3051 4880 3356 4926 vestrarum
3408 4868 3578 4938 magi-

2012 4985 2185 5032 strum
2223 4969 2564 5042 praefecistis,
2596 4967 2689 5039 qui
2725 4966 2996 5020 adulterat
3017 4960 3337 5032 Scripturas
3366 4973 3577 5020 sacras,

2009 5067 2102 5138 qui
2137 5069 2468 5120 transmutat
2495 5059 2712 5116 divinas
2746 5071 2929 5118 voces,
2974 5055 3065 5124 qui
3101 5051 3320 5123 proprio
3369 5050 3485 5103 luto
3526 5058 3581 5103 et

2012 5173 2172 5213 emno
2233 5171 2369 5228 pura
2432 5153 2685 5224 dogmata
2743 5149 2960 5218 pietatis
3012 5145 3283 5215 inquinat,
3335 5141 3429 5212 qui
3472 5155 3579 5194 non

2008 5253 2184 5307 solum
2215 5258 2408 5304 contra
2439 5263 2538 5301 nos
2580 5259 2734 5300 suam
2766 5243 3003 5310 linguam
3047 5243 3244 5300 armat,
3275 5234 3370 5291 sed
3415 5234 3578 5288 etiam

2010 5344 2158 5413 ipsas
2187 5348 2407 5396 sanctas
2441 5353 2604 5392 voces
2635 5341 2942 5405 pervertere
2981 5337 3212 5384 conatur
3239 5366 3253 5390 ,
3299 5327 3390 5396 qui
3423 5339 3577 5380 suam

2013 5433 2416 5505 perversionem
2452 5427 2665 5481 Domini
2699 5423 2945 5479 doctrina
2977 5420 3148 5490 magis
3195 5426 3366 5472 ratam
3397 5423 3452 5470 et
3487 5413 3578 5466 tir-

2012 5503 2235 5582 iniorem
2283 5522 2424 5578 ‘esse
2477 5518 2854 5574 demonstrare
2917 5511 3203 5567 ambitiose
3273 5503 3575 5564 contmdit.
