4002 6218
305 310 418 368 885

1381 330 1663 389 CONTRA
1698 334 2090 409 EUNOMIUM,
2134 340 2265 399 LIB.
2298 345 2414 400 XII.

3457 324 3562 416 διδ

307 434 673 530 ίσχυροτάτην
703 438 974 506 ἀπόδειξιν
1005 435 1080 497 ὧν
1109 442 1355 513 λέγουσιν
1378 448 1520 519 ἔχειν
1547 454 1595 506 oi
1627 453 1688 508 τὸ
1710 472 1873 526 μεγα-

1983 458 2181 517 Putant
2219 464 2363 519 enim
2401 465 2831 523 valentissimam
2886 469 3412 529 demonstrationem
3468 490 3563 530 eo-

308 524 448 578 λεῖον
487 526 589 595 τῆς
630 526 722 580 τοῦ
762 529 1099 598 Μονογενοῦς
1147 534 1303 606 δόξης
1345 540 1425 603 είς
1470 524 1757 608 ταπεινούς
1795 547 1889 599 καὶ

307 616 697 709 δουλοπρεπεῖς
743 621 1039 693 ὑπολήψεις
1079 628 1406 696 κατάγοντες
1426 669 1441 695 ,
1491 632 1583 686 τὸν
1615 635 1752 706 πρὸς
1789 636 1888 709 τὴν

309 706 529 777 Μαρίαν
571 709 666 762 τοῦ
712 712 917 782 Κυρίου
960 713 1147 784 λόγον,
1183 718 1243 772 6v
1282 720 1421 791 μετά
1450 723 1550 794 τὴν
1595 706 1887 780 ἀνάστασίν

310 796 417 863 πρὸ
461 797 559 868 τῆς
599 799 786 853 ἀνόδου
829 804 1119 877 πεποίηται
1144 806 1353 877 λέγων,
1398 813 1494 883 Μή
1515 832 1635 884 μου
1668 816 1883 881 ἅπτου.

308 885 477 938 οὔπω
503 890 612 955 γὰρ
642 887 1151 963 ἀναϐέϐηκαπρὸς
1178 898 1285 952 τὸν
1314 902 1543 971 Πατέρα
1594 922 1743 975 μου·
1775 924 1885 960 πο·-

300 976 547 1044 ρεὺθητι
579 977 648 1031 δὲ
671 980 822 1048 πρὸς
856 983 1000 1051 τοὺς
1020 985 1321 1057 ἀδελφούς
1345 1009 1465 1060 μου
1494 994 1593 1048 καί
1627 997 1756 1050 εἰπὲ
1775 997 1883 1051 αὑ-

309 1065 448 1133 τοῖς,
481 1067 569 1121 ὅτι
594 1069 894 1126 ἀναϐαίνω
938 1076 1089 1144 πρὸς
1117 1078 1224 1133 τὸν
1248 1081 1479 1151 Πατέρα
1497 1101 1618 1152 μου
1639 1086 1734 1140 καί
1763 1090 1880 1140 17a,-

307 1157 448 1224 τέρα
476 1158 674 1248 ρμῶν,
714 1163 816 1216 καὶ
857 1166 1006 1220 Θεόν
1033 1186 1154 1238 μου
1175 1213 1189 1236 ,
1236 1173 1335 1228 καὶ
1376 1176 1524 1229 Θεὸν
1554 1177 1738 1245 ὑμῶν.
1769 1178 1882 1248 Τὴν

311 1249 416 1319 μὲν
442 1245 535 1303 οὖν
563 1253 759 1325 εὐσεϐῆ
784 1256 893 1310 τῶν
919 1259 1223 1330 εἰρημένων
1253 1263 1512 1333 διάνοιαν,
1541 1268 1661 1321 καθ’
1686 1271 1752 1340 ἢν
1781 1245 1879 1323 πε-

309 1342 681 1434 ττιστεύκαμεν
706 1348 954 1421 εἰρῆσθαι
979 1352 1154 1407 ταῦτα
1182 1356 1317 1426 πρὸς
1343 1355 1441 1428 τὴν
1472 1360 1711 1431 Μαρίαν,
1748 1365 1880 1434 πρό-

303 1431 463 1503 δηλον
489 1430 644 1507 οἶμαι
671 1440 782 1503 τοῖς
823 1442 1286 1515 παραδεξαμένοις
1314 1448 1372 1500 ἐν
1403 1430 1628 1523 ἀληθείᾳ
1662 1452 1761 1523 τὴν
1792 1430 1880 1507 ληί-

306 1539 422 1615 στιν
449 1541 463 1555 ·
488 1528 915 1598 προστεθήσεται
949 1532 1005 1585 δὲ
1036 1534 1181 1604 ὅμως
1216 1538 1307 1590 καὶ
1336 1541 1467 1610 παρ’
1500 1541 1657 1611 ἡμῶν
1690 1543 1718 1595 ὁ
1751 1545 1879 1615 περὶ

304 1614 498 1705 τούτου
527 1615 684 1685 λόγος
710 1620 769 1672 ἐν
798 1620 877 1690 τῷ
905 1622 1197 1695 καθήκοντι
1226 1627 1393 1699 τόπῳ.
1422 1631 1570 1694 Τέως
1601 1632 1656 1686 δὲ
1688 1614 1878 1705 μαθεῖν

301 1702 454 1770 ἀξιον
502 1707 655 1780 παρὰ
697 1710 808 1763 τῶν
864 1714 1245 1786 προφερόντων
1296 1720 1426 1791 ἡμῖν
1471 1721 1569 1786 τὰς
1623 1702 1878 1789 τοιαύτας

303 1798 489 1862 φωνὰς
509 1838 523 1859 ,
558 1799 640 1851 δτι
669 1799 730 1852 τὸ
778 1801 1065 1857 ἀναϐαῖνον
1106 1807 1203 1859 καὶ
1246 1807 1306 1861 τὸ
1346 1809 1618 1882 ὁρώμενον
1635 1853 1651 1878 ,
1691 1814 1784 1867 καὶ
1814 1813 1876 1867 τὸ
1908 1810 1947 1865 Β

299 1884 389 1940 διά
425 1886 526 1956 τῆς
566 1888 709 1959 ἁφῆς
752 1893 1147 1965 γνωριζόμενον
1176 1897 1269 1951 καὶ
1296 1897 1376 1953 ἔτι
1414 1901 1552 1972 πρὸς
1576 1903 1784 1969 τούτοις
1814 1903 1875 1958 τδ

298 1980 412 2065 τοῖς
456 1979 761 2052 ἀνθρώποις
801 1984 892 2039 διὰ
936 1986 1035 2057 τῆς
1085 1989 1439 2063 ἀδελφότητος
1486 1996 1871 2065 οἰκειούμενον,

300 2064 414 2142 ἄρα
439 2071 538 2143 τῆς
564 2072 735 2138 θείας.
771 2076 805 2147 ἢ
838 2076 939 2150 τῆς
965 2079 1310 2154 ἀνθρωπίνης
1340 2085 1555 2153 φύσεως
1584 2064 1712 2142 ῐδιον
1735 2085 1874 2146 εἶναι

219 2190 227 2199 υ
296 2156 631 2228 νομίζουσιν.
668 2163 734 2217 Ei
798 2165 898 2236 μὲν
939 2166 1050 2239 γὰρ
1088 2170 1405 2244 ψηλαφητὺν
1434 2177 1527 2230 καὶ
1554 2178 1746 2249 ὁρατὸν
1780 2182 1875 2234 καὶ

299 2248 504 2321 βρώσει
541 2254 635 2307 καὶ
664 2254 821 2309 πόσει
864 2256 1255 2331 διοικούμενον,
1286 2265 1378 2318 κα)⁸
1409 2268 1518 2331 τοῖς
1568 2248 1875 2339 ἀνθρώποις

297 2342 562 2414 ὁμογενὲς
596 2346 691 2400 καὶ
731 2346 973 2417 ἀδελφὸν,
1012 2352 1107 2405 xui.
1137 2353 1237 2407 ὅσα
1268 2356 1396 2426 περὶ
1425 2356 1524 2428 τὴν
1558 2361 1874 2432 σωματικὴν

299 2432 600 2503 καθορᾶται
642 2436 821 2507 φύσιν.
863 2441 1039 2495 πάντα
1079 2443 1251 2497 ταῦτα
1289 2447 1384 2499 καὶ
1418 2448 1477 2500 ἑν
1506 2448 1721 2520 θεότητι
1751 2451 1873 2521 βλέ-

296 2538 494 2587 ⁶ιιουσι,
538 2523 847 2594 λεγέτωσαν
894 2529 1023 2602 περὶ
1073 2531 1166 2585 τοῦ
1213 2536 1533 2605 μονογενοῦς
1596 2538 1730 2592 Θεοῦ
1778 2541 1872 2595 καὶ

299 2614 498 2680 ταῦτα,
527 2616 621 2670 καὶ
658 2618 762 2672 ὅσα
786 2618 1064 2689 βούλονται
1105 2624 1552 2696 μαρτυρείτωσαν
1579 2627 1746 2701 αὐτῷ,
1777 2630 1874 2684 καλ⁵

292 2707 398 2779 τὴν
424 2710 753 2781 πορευτικὴν
781 2710 1080 2783 ἐνέργειαν,
1113 2716 1205 2769 καὶ
1223 2714 1321 2788 τὴν
1344 2718 1574 2790 τοπικὴν
1605 2720 1873 2791 μετάστα-

294 2815 408 2864 σιν,
461 2800 598 2873 δπερ
643 2801 775 2857 ῐδιον
817 2803 928 2857 τῶν
970 2805 1031 2858 ὲν
1086 2804 1298 2876 σώματι
1342 2810 1874 2883 περιγεγραμμένων

289 2887 466 2944 ἐστίν.
514 2890 580 2944 Et
616 2890 674 2946 δὶ
712 2894 741 2946 6
779 2892 877 2965 μὲν
909 2892 997 2948 διὰ
1026 2894 1127 2966 τῆς
1167 2896 1387 2970 Μαρίας
1419 2899 1665 2972 ἀδελφοῖς
1693 2904 1870 2958 διαλέ-

291 2996 475 3048 γεται,
507 2982 538 3036 6
566 2981 624 3036 δὲ
658 2983 966 3056 Μονογενὴς
996 2984 1257 3057 ἀδελφοὺς
1286 2990 1387 3043 οὐκ
1432 2989 1569 3062 ἔχει·
1604 2994 1723 3059 πῶς
1762 2995 1871 3068 γὰρ

290 3071 366 3124 ἂν
390 3072 452 3124 ἑν
476 3070 721 3141 ἀδελφοῖς
744 3073 804 3126 τὸ
829 3074 1113 3144 μονογενὲς
1132 3076 1473 3144 διασώζοιτος
1511 3081 1620 3134 Καὶ
1646 3083 1675 3135 6
1703 3083 1871 3138 εἰπὼν

289 3162 539 3231 Πνεῦμα
563 3165 597 3218 ό
629 3163 793 3231 Θεὸς,
821 3165 954 3237 φησὶ
985 3167 1120 3238 πρὸς
1157 3167 1283 3232 τοὺς
1316 3169 1564 3241 μαθητὰς
1605 3174 1634 3227 ὁ
1684 3174 1865 3240 πῶς’
1895 3153 1940 3210 C

288 3254 375 3306 ’ὁτι
412 3253 824 3323 Ψηλαφήσατέ
845 3271 943 3325 με,
972 3255 1059 3309 ’ίνα
1092 3257 1241 3329 δείξῃ
1273 3259 1356 3312 ὃτι
1382 3259 1674 3333 ψηλαφητὴ
1706 3264 1806 3335 μὲν
1834 3267 1867 3337 ἡ

286 3345 611 3416 ἁνθρωπῖνη
633 3345 813 3415 φύσις,
843 3347 1044 3417 ἀναφὲς
1066 3347 1122 3401 δὲ
1155 3349 1217 3403 τὸ
1244 3350 1405 3407 θεῖον.
1456 3354 1563 3408 Καὶ
1601 3356 1631 3410 6
1677 3357 1867 3423 εἰπὼν,

288 3436 647 3503 Ποιηεύομαι,
676 3438 774 3508 τὴν
791 3439 1022 3510 τοπικὴν
1048 3438 1392 3513 διασημαίνει
1421 3443 1768 3514 μετάστασιν.
1809 3449 1868 3504 '0

286 3528 347 3581 δὲ
391 3528 464 3580 τὰ
497 3528 675 3582 πάντα
708 3529 1215 3604 συμπεριειληφὼς,
1261 3535 1321 3589 ἐν
1341 3526 1406 3602 ᾧ,
1440 3536 1621 3602 καθώς
1650 3556 1811 3610 φησιν
1840 3543 1868 3595 6

300 3620 658 3684 Ἀπὸστολος,
688 3620 913 3692 ἐκτίσθη
948 3622 1017 3677 τὰ
1043 3624 1252 3690 πάντα,
1291 3626 1384 3680 καὶ
1429 3628 1487 3681 ὲν
1511 3620 1556 3697 ᾧ
1596 3630 1664 3683 τὰ
1692 3632 1869 3688 πάντα

291 3710 649 3781 συνέστηκεν,
672 3710 825 3765 οὐδὲν
862 3713 920 3767 ὲν
952 3716 1063 3778 τοῖς
1093 3710 1243 3768 οὖσιν
1275 3715 1379 3782 ἔξω
1402 3718 1592 3772 ἑαυτοῦ
1622 3719 1756 3791 ἔχει,
1787 3724 1868 3787 εἰς

287 3801 320 3854 δ
371 3802 516 3856 κειτά
561 3818 680 3855 τινα
725 3803 939 3875 κίνησιν
976 3806 1010 3876 ἡ
1055 3807 1432 3880 μεταχώρησις
1470 3812 1696 3880 γίνεται.
1731 3817 1866 3870 Οὐδὲ

289 3896 406 3965 γὰρ
456 3890 602 3945 ἐστιν
651 3892 854 3964 ἑτέρως
890 3895 1183 3966 ἐνεργῆσαι
1226 3897 1324 3969 τὴν
1369 3900 1600 3971 κίνησιν,
1650 3906 1725 3975 μὴ
1772 3907 1865 3961 τοῦ

290 3983 693 4053 μεθισταμένου
720 3984 811 4038 τὸν
857 3986 956 4056 μὲν
985 3988 1042 4040 ὲν
1070 3980 1115 4055 ᾦ
1142 3984 1209 4059 ἦν
1234 3990 1645 4059 ἀπολείποντος,
1680 3997 1867 4070 ἕτερον

283 4074 344 4127 δὲ
384 4074 875 4147 ἀντιλαμϐάνοντος
909 4077 1093 4134 τόπον.
1136 4080 1211 4133 T6
1250 4080 1307 4135 δὲ
1338 4082 1424 4137 διὰ
1451 4085 1665 4140 πάντων
1708 4084 1863 4160 ἧκον,

285 4168 384 4220 καὶ
423 4169 483 4220 ἐν
525 4169 692 4221 πᾶσιν
733 4168 813 4234 6v,
851 4171 945 4224 καὶ
999 4170 1178 4227 πάντα
1223 4177 1605 4246 περικρατοῦν,
1640 4180 1733 4233 καὶ
1774 4182 1866 4237 ὑπ’

281 4258 503 4322 οὐδενὸς
534 4259 643 4312 τῶν
684 4260 853 4314 ὄντων
902 4264 1363 4335 περιειργόμενον,
1397 4268 1496 4322 οὐκ
1545 4268 1688 4341 ἔχειν
1731 4273 1863 4328 ὅπου

285 4351 693 4423 μεταχωρήσει,
723 4351 801 4422 τῷ
835 4353 1001 4424 μηδὲν
1044 4350 1185 4409 εἶναι
1220 4358 1374 4411 κενὸν
1401 4358 1494 4412 τοῦ
1524 4362 1669 4415 θείου
1724 4365 1863 4436 πλη-

1990 564 2110 604 rum
2153 567 2274 623 quae
2306 562 2561 609 asserunt
2626 555 2844 620 habere,
2886 559 2979 628 qui
3042 557 3319 627 Uuigeuiti
3372 564 3561 633 gloria:

1987 641 2326 712 majestatem
2360 643 2425 697 ad
2469 643 2702 700 humiles
2726 655 2777 699 et
2813 647 3039 702 serviles
3093 651 3377 719 opiniones
3410 652 3556 707 redi-

1985 740 2140 803 gunt,
2173 733 2395 788 verbum
2426 733 2638 789 Domini
2674 735 2741 790 ad
2771 735 3019 799 Mariam,
3049 739 3197 809 quod
3224 750 3345 810 post
3374 758 3560 798 resur-

1986 823 2287 879 rectionem
2317 836 2442 880 ante
2474 829 2848 883 ascensiouem
2883 827 3009 884 fecit
3039 830 3229 887 dicens
3256 852 3270 888 :
3307 832 3436 888 Noli
3480 850 3560 888 me

1985 926 2218 986 tangere,
2259 916 2491 969 nondum
2519 917 2658 971 enim
2719 916 2937 971 escendi
2975 919 3043 972 ad
3096 919 3312 975 Patrem
3342 937 3557 975 meum:

1983 1005 2074 1060 sed
2112 1004 2241 1060 vade
2302 1004 2370 1059 ad
2405 1006 2597 1075 fratres
2637 1022 2778 1062 meos
2834 1016 2885 1062 et
2917 1007 3002 1062 dic
3049 1011 3164 1064 eis:
3195 1011 3434 1065 Ascendo
3490 1013 3559 1066 ad

1984 1097 2200 1151 Patrem
2240 1113 2410 1151 meum
2439 1106 2490 1151 et
2522 1096 2737 1153 Patrem
2767 1107 3016 1166 vestrum,
3070 1099 3234 1155 Deum
3261 1118 3433 1156 meum
3452 1144 3468 1170 ,
3504 1114 3555 1157 et

1982 1188 2152 1243 Deum
2181 1200 2409 1244 vestrum
2436 1190 2474 1244 '.
2509 1188 2659 1243 Piam
2711 1190 2878 1260 igitur
2909 1190 3102 1246 horum
3134 1192 3403 1247 dictorum
3431 1208 3556 1249 sen-

1982 1282 2230 1346 tentiam,
2262 1281 2564 1337 secundum
2622 1295 2787 1349 quam
2847 1280 3183 1337 credidimus
3243 1283 3356 1338 haec
3409 1284 3554 1338 dicta

1980 1388 2105 1429 esse
2137 1374 2203 1427 ad
2236 1372 2486 1437 Mariam,
2528 1373 2914 1442 prmcognilam
2963 1374 3051 1430 his
3098 1374 3190 1444 qui
3241 1375 3295 1429 in
3333 1377 3558 1431 veritate

1982 1460 2142 1518 fidem
2171 1470 2503 1533 acceperunt
2530 1463 2804 1529 arbitror;
2834 1463 3193 1521 nihilominus
3223 1476 3400 1521 tamen
3425 1466 3555 1538 quid

1978 1553 2047 1609 de
2068 1568 2134 1610 eo
2168 1553 2462 1609 dicendum
2493 1554 2565 1608 sit
2611 1568 2675 1608 ac
2728 1554 3090 1621 sentiendum,
3148 1557 3268 1613 loco
3301 1574 3549 1630 congruo

1978 1661 2375 1717 proponemus.
2409 1644 2617 1702 Interea
2648 1654 2830 1702 autem
2892 1648 2961 1704 ab
2993 1647 3080 1705 his
3131 1651 3224 1721 qui
3281 1650 3381 1708 has
3419 1652 3557 1708 tales

1980 1754 2145 1794 voces
2176 1739 2335 1795 nobis
2364 1738 2673 1808 proferunt,
2705 1754 2886 1810 operae
2925 1741 3159 1810 pretium
3194 1750 3278 1800 est
3303 1743 3554 1799 discere:

1975 1845 2044 1886 an
2100 1831 2154 1886 id
2188 1830 2334 1901 quod
2387 1830 2636 1886 ascendit
2689 1838 2743 1885 et
2798 1830 2944 1900 quod
3005 1832 3244 1897 videtur,
3299 1834 3557 1905 quodque

1974 1930 2124 1978 tactu
2178 1922 2544 1994 dignoscitur,
2597 1930 2863 1992 praztcrea
2893 1923 3039 1994 quod
3091 1924 3410 1981 hominibus
3460 1942 3557 1996 per

1974 2014 2369 2072 fraternitatem
2402 2023 2695 2086 cognatum
2756 2021 2863 2080 est,
2900 2014 3120 2079 divinae,
3181 2018 3262 2071 vel
3298 2016 3550 2074 humanae

1975 2115 2184 2163 naturae
2208 2105 2486 2176 proprimn
2518 2120 2641 2162 esse
2671 2112 2881 2161 rentur.
2931 2105 2989 2162 Si
3031 2107 3177 2162 enim
3223 2106 3368 2178 quod
3426 2115 3541 2162 tra-

1973 2205 2157 2254 ctatur
2187 2204 2244 2253 et
2274 2196 2509 2261 videtur,
2543 2205 2598 2252 et
2646 2197 2771 2253 cibo
2797 2204 2853 2254 et
2912 2206 3041 2268 potu
3100 2199 3463 2264 ministratur,
3499 2207 3552 2253 et

1972 2288 2286 2344 hominibus
2323 2296 2615 2359 cognatum
2650 2296 2705 2342 et
2729 2302 3049 2359 germanum
3078 2332 3093 2357 ,
3123 2295 3179 2343 et
3213 2305 3552 2361 quaecunque

1974 2379 2029 2435 in
2060 2378 2331 2449 corporali
2364 2386 2558 2432 natura
2590 2388 2909 2444 cernuntur,
2946 2378 3059 2434 haec
3087 2379 3268 2433 omnia
3296 2380 3459 2435 etiam
3486 2382 3541 2435 in

1972 2468 2257 2523 divinitate
2309 2475 2592 2538 spectant,
2629 2467 2697 2522 de
2743 2469 3023 2539 unigenito
3084 2467 3196 2525 Deo
3226 2471 3337 2524 haec
3385 2471 3548 2526 etiam

1972 2558 2178 2625 dicant,
2242 2567 2299 2614 et
2357 2574 2698 2630 quaecunque
2757 2560 2947 2614 volunt
3003 2561 3053 2616 ei
3118 2562 3446 2628 attribuant,
3491 2570 3549 2618 et

1972 2651 2286 2707 ambulandi
2382 2662 2563 2707 actum
2657 2660 2712 2707 et
2803 2652 3031 2708 localem
3126 2654 3544 2724 migrationem,

1972 2740 2127 2810 quod
2186 2741 2404 2812 quidem
2485 2750 2571 2797 est
2655 2743 2933 2814 proprium
3023 2758 3212 2798 eorum
3297 2760 3420 2815 qua
3492 2745 3550 2800 in

1972 2845 2203 2903 corpore
2223 2831 2640 2899 circumscripta
2665 2839 2814 2886 sunt.
2846 2831 3001 2895 Quod
3024 2832 3069 2887 si
3105 2832 3197 2887 ille
3217 2840 3302 2887 est
3328 2832 3420 2902 qui
3443 2846 3541 2902 per

1974 2921 2201 2977 Mariam
2233 2936 2357 2977 cum
2406 2921 2667 2979 fratribus
2697 2924 2940 2990 disserit,
2994 2923 3317 2995 Unigenitus
3364 2934 3547 2980 autem

1975 3013 2173 3070 fratres
2195 3030 2306 3070 non
2334 3014 2496 3070 habet
2516 3032 2530 3070 :
2551 3015 2829 3086 quomodo
2855 3016 2999 3071 enim
3031 3016 3086 3070 in
3118 3014 3382 3072 fratribus
3401 3015 3547 3087 quod

1974 3108 2313 3179 unigenitum
2357 3117 2440 3163 est
2488 3108 2941 3165 conservaretur?
2974 3107 3038 3163 Et
3061 3109 3152 3180 qui
3197 3108 3354 3173 dixit,
3405 3107 3545 3163 Deus

1973 3200 2194 3270 spiritus
2221 3209 2301 3253 est
2328 3200 2371 3263 ',
2406 3199 2549 3254 idem
2581 3198 2654 3254 ait
2692 3200 2760 3254 ad
2784 3198 3106 3271 discipulos,
3149 3199 3373 3268 Palpate
3401 3217 3481 3254 me
3502 3200 3545 3264 ³,

1974 3302 2032 3348 ιιι
2070 3290 2380 3347 ostenderet
2424 3291 2571 3361 quod
2619 3291 2907 3362 palpabiiis
2943 3291 3162 3362 quidem
3209 3298 3404 3346 natura
3447 3290 3547 3369 hu:

1972 3397 2156 3446 mana,
2187 3381 2334 3453 quod
2367 3390 2548 3437 autem
2587 3381 2830 3437 divinum
2865 3394 2967 3447 est,
3011 3391 3157 3437 tactu
3210 3384 3415 3454 percipi
3453 3399 3545 3440 ne-

1971 3489 2246 3546 quaquam
2277 3482 2476 3545 potest.
2509 3472 2574 3528 Et
2602 3474 2694 3544 qui
2729 3473 3070 3542 dixit,Vado,
3116 3475 3340 3530 localem
3376 3474 3546 3546 signi-

1971 3566 2096 3621 ficat
2123 3564 2534 3637 profectionem.
2557 3564 2660 3632 Qui
2682 3573 2860 3619 autem
2884 3565 3065 3619 omnia
3090 3566 3412 3637 complexus
3436 3571 3543 3631 est,

1970 3653 2023 3707 in
2058 3669 2186 3725 quo,
2217 3654 2360 3709 sicut
2375 3653 2451 3708 ait
2470 3653 2784 3724 Apostolus,
2815 3662 2999 3711 creata
3020 3662 3149 3711 sunt
3176 3655 3383 3716 omnia.
3408 3664 3459 3709 et
3482 3653 3544 3709 iu
3620 3641 3625 3645 ’

1969 3756 2078 3812 quo
2108 3740 2498 3808 consistunt‘;
2548 3740 2683 3795 nihil
2721 3756 2910 3797 eorum
2940 3757 3063 3813 qua:
3093 3751 3223 3798 sunt
3265 3752 3418 3798 extra
3483 3758 3545 3799 se

1970 3833 2147 3902 ipsum
2175 3832 2361 3901 habet,
2402 3832 2468 3888 ad
2498 3831 2645 3903 quod
2671 3838 2820 3886 motu
2849 3832 3032 3900 aliquo
3055 3834 3229 3904 possit
3261 3834 3538 3889 secedere.

1967 3922 2154 3994 Neque
2192 3925 2336 3980 enim
2366 3924 2524 3979 aliter
2552 3933 2756 3979 motum
2788 3923 2900 3977 fieri
2940 3924 3227 3993 contingit,
3264 3926 3366 3979 nisi
3397 3925 3539 3993 quod

1969 4015 2340 4084 transmigrat.
2381 4028 2506 4070 eum
2559 4013 2777 4083 quidem
2827 4014 2879 4067 in
2930 4028 3040 4082 quo
3073 4024 3212 4076 erat,
3244 4016 3539 4083 relinquat,

1966 4088 2197 4158 alterius
2233 4117 2362 4157 vero
2398 4102 2575 4156 locum
2611 4108 2862 4170 orcupet.
2899 4101 3053 4167 Quod
3089 4113 3267 4157 autem
3301 4118 3398 4173 per
3423 4119 3542 4158 om-

1969 4193 2058 4248 nia
2090 4199 2358 4263 penetrat,
2385 4201 2438 4246 et
2470 4192 2523 4245 in
2556 4190 2815 4246 omnibus
2849 4198 2953 4255 est,
2985 4199 3039 4247 et
3068 4193 3249 4247 omnia
3270 4194 3535 4256 continet.

1966 4293 2020 4339 et
2049 4299 2077 4335 a
2111 4284 2260 4337 nullo
2301 4297 2489 4337 eorum
2540 4297 2661 4352 qua:
2712 4290 2843 4335 sunt
2894 4284 3385 4348 circumscribitur,
3427 4301 3536 4341 non

1966 4373 2130 4428 habet
2152 4388 2260 4443 quo
2287 4371 2661 4442 transmigrct,
2691 4374 2818 4441 quia
2846 4373 2981 4427 nihil
3006 4373 3079 4429 sit
3100 4376 3259 4432 inane
3280 4386 3335 4432 et
3354 4378 3537 4432 divina

287 4441 565 4511 ρώματος.
605 4441 729 4507 Πῶς
762 4444 1148 4510 καταλιπόντες
1186 4441 1333 4502 οὗτοι
1364 4450 1425 4504 τὸ
1461 4453 1524 4505 ὲκ
1549 4452 1643 4506 τοῦ
1675 4472 1863 4523 φαινο-

1973 4441 2300 4536 plenitudine
2336 4441 2586 4518 vacuum.
2618 4463 2737 4531 Quo
2763 4465 2920 4519 modo
2958 4467 3045 4519 isti
3074 4468 3412 4535 amittentes,
3439 4470 3538 4526 has

287 4529 455 4599 μένου
485 4528 585 4593 τὰς
627 4530 810 4599 φωνὰς
856 4532 1133 4601 γίνεσθαι,
1185 4535 1386 4601 ταύτας
1417 4542 1480 4609 τῇ
1513 4539 1632 4611 θείᾳ
1672 4559 1730 4595 τε
1770 4545 1863 4597 καὶ

1973 4528 2131 4611 truces
2163 4555 2278 4611 fieri
2323 4556 2392 4610 ab
2424 4570 2490 4610 eo
2520 4556 2664 4625 quod
2695 4557 2942 4610 cernitur
2968 4567 3019 4611 et
3055 4569 3278 4628 apparet
3309 4562 3539 4634 (nempe

285 4619 634 4694 ὑπερεχούσῃ
662 4623 836 4676 πάντα
877 4623 1001 4678 νοῦν
1039 4628 1404 4698 ἑςαρμόζουσι
1437 4632 1624 4700 φύσεις
1676 4636 1866 4706 Σαφῶς

282 4708 384 4763 τοῦ
426 4709 747 4765 ’Διοοστόλου
795 4712 853 4764 ὲν
894 4715 961 4784 τῇ
1008 4714 1144 4785 πρὸς
1195 4716 1509 4790 Ἀθηναίους
1557 4722 1865 4798 δημηγορίᾳ

282 4802 530 4858 τοιοῦτον
559 4803 994 4876 ἀπαγορεύοντος
1022 4806 1115 4859 ἐπὶ
1140 4806 1276 4861 Θεοῦ
1315 4811 1575 4881 νομίζειν.
1626 4817 1715 4880 Ὠς
1745 4819 1866 4889 οὐχὶ

282 4894 375 4949 διὰ
413 4894 781 4967 ψηλαφήσεως
819 4897 1213 4969 εύρισκομὲνης
1240 4900 1338 4972 τῆς
1369 4903 1515 4968 θείας
1558 4905 1859 4978 δυνάμεως,

283 4983 428 5039 ἀλλά
454 4984 544 5039 διά
571 4985 768 5057 νοητῆς
800 4988 1031 5057 θεωρίας
1060 4992 1152 5041 καὶ
1180 4991 1434 5055 πίστεως,
1466 4994 1497 5064 ἢ
1527 4995 1686 5050 πάλιν
1715 5000 1743 5051 6
1774 5000 1863 5068 βε-

284 5075 521 5146 ϐρωκὼς
548 5077 606 5129 ἐν
628 5075 924 5147 ὀφθαλμοῖς
956 5078 1064 5131 τῶν
1095 5079 1370 5151 μαθητῶν,
1404 5084 1433 5136 6
1463 5086 1862 5159 ἐπαγγειλάμε-

287 5181 378 5226 νος
399 5165 459 5218 ιν
482 5167 549 5237 τῇ
580 5166 838 5239 Γαλιλαία
875 5167 1130 5240 προάξειν
1157 5187 1216 5224 τε
1247 5172 1338 5226 καὶ
1358 5173 1710 5245 ὀφθήσεσθαι,
1741 5182 1858 5236 τίνα

285 5253 768 5325 τδνὸφθησόμενον
806 5258 993 5321 ἀὐτοῖς
1046 5259 1271 5329 μηνύεις
1319 5258 1463 5335 Ἀρι
1494 5266 1586 5321 τὸν
1618 5269 1769 5331 Θεὸν,
1805 5273 1860 5327 ὃν

285 5343 412 5399 οὔτε
442 5344 656 5416 ἑώρακέ
686 5364 787 5411 τις,
816 5347 937 5402 οὔτε
968 5350 1093 5403 ἰδεῖν
1118 5351 1369 5418 δύναταις
1408 5357 1479 5410 ’Ἡ
1508 5358 1598 5413 τὸν
1625 5378 1854 5432 σωματι·

288 5435 385 5489 κδν
414 5438 756 5508 χαρακτῆρα,
786 5440 1052 5505 τουτέστι,
1087 5441 1185 5513 τὴν
1207 5443 1301 5497 τοῦ
1330 5446 1517 5502 δούλου
1548 5454 1779 5526 μορφὴν,
1804 5458 1861 5509 ἐν

286 5521 325 5599 ᾗ
349 5523 419 5599 ἦν
451 5530 481 5581 6
521 5529 682 5593 Θεόςς
724 5531 784 5585 Et
818 5532 995 5586 τοίνυν
1018 5534 1265 5606 φανερῶς
1295 5537 1383 5592 διὰ
1414 5542 1521 5595 τῶν
1555 5521 1861 5616 omnem;

399 5712 417 5744 ¹
454 5708 613 5770 Joan.
667 5730 754 5783 xx,
797 5714 879 5770 l7.
958 5713 1149 5774 Mean.
1183 5735 1255 5787 ιν,
1293 5716 1384 5775 2t.

1965 4649 2034 4702 ab
2068 4647 2411 4701 humanitate
2447 4646 2707 4713 Christi),
2736 4647 2837 4702 has
2873 4648 3072 4703 divina:
3113 4660 3168 4703 et
3197 4665 3411 4708 omnem
3455 4653 3535 4707 in-

1964 4739 2241 4795 tellectum
2272 4738 2552 4809 superanti
2582 4747 2790 4793 natura:
2818 4741 3130 4811 applicant?
3157 4742 3293 4799 Cum
3311 4745 3538 4814 Aposto.

1961 4830 2050 4886 lus
2082 4838 2268 4901 aperte
2300 4831 2353 4885 iu
2387 4831 2651 4887 concione
2690 4831 2757 4883 ad
2790 4832 3152 4889 Athenienses
3181 4835 3248 4905 de
3288 4835 3397 4890 Deo
3426 4838 3537 4892 tale

1966 4921 2254 4993 prohibeat
2298 4923 2613 4978 existimare
2635 4922 2678 4974 '.
2712 4922 2851 4986 Quia
2885 4938 2991 4977 non
3026 4938 3123 4993 per
3173 4926 3533 4995 palpatiouem

1966 5021 2018 5066 et
2046 5020 2248 5067 hctum
2278 5012 2360 5066 vis
2390 5011 2573 5065 divina
2606 5012 2904 5080 invenitur,
2941 5014 3034 5069 sed
3066 5029 3161 5084 per
3197 5016 3535 5071 intellectua-

1968 5101 2069 5157 lem
2117 5102 2627 5171 contemplationem
2659 5112 2713 5156 et
2747 5101 2927 5166 fidem,
2973 5104 3056 5159 vel
3101 5121 3294 5161 rursus
3322 5107 3413 5176 qui
3451 5123 3538 5160 co-

1967 5189 2133 5245 medit
2166 5191 2220 5245 in
2269 5192 2446 5247 oculis
2481 5191 2901 5262 discipulorum,
2950 5202 3005 5247 et
3049 5197 3140 5264 qui
3193 5197 3443 5264 promisit
3480 5199 3533 5253 in

1960 5278 2179 5336 Galilma
2205 5297 2265 5337 se
2306 5297 2700 5352 praecessurum
2730 5291 2782 5336 et
2822 5285 2996 5339 visum
3031 5284 3116 5350 iri,
3149 5303 3308 5356 quem
3346 5290 3537 5345 viden-

1962 5371 2089 5424 dum
2140 5371 2275 5442 ipsis
2324 5371 2633 5440 signiﬁcat?
2661 5370 2741 5424 Au
2792 5370 2992 5426 Deum?
3030 5391 3190 5446 quem
3226 5394 3387 5434 nemo
3432 5396 3536 5434 un-

1960 5475 2124 5532 quam
2171 5462 2327 5526 vidit,
2378 5479 2555 5534 neque
2591 5463 2769 5519 videre
2816 5467 3071 5536 potest“?
3104 5483 3170 5522 au
3216 5485 3533 5541 corpoream

1971 5555 2217 5623 figuram,
2248 5556 2350 5609 hoc
2383 5565 2485 5619 est,
2532 5555 2673 5610 servi
2709 5553 2938 5611 formam
2972 5559 3024 5614 in
3069 5576 3176 5631 qua
3211 5572 3332 5617 erat
3367 5561 3535 5615 licus?

1500 5724 1516 5749 ³
1558 5720 1689 5779 Luc.
1733 5742 1873 5794 ult,

1973 5745 1998 5783 ν.
2079 5732 2097 5761 ⁸
2148 5731 2327 5798 COLI,
2362 5733 2442 5789 ιτ.
2520 5737 2681 5794 ³Αρι.
2732 5756 2863 5811 xm,
2907 5740 2974 5797 25
3050 5741 3239 5799 “loau.
3276 5760 3313 5811 ι,
3347 5743 3426 5799 l8.
