4002 6218
451 229 558 287 837

1728 237 1782 292 S.
1825 234 2151 293 UREGORII
2186 236 2483 294 NYSSENI

456 349 512 404 Si
550 351 715 421 igitur
754 352 1040 414 manifeste
1084 371 1181 428 per
1207 371 1272 412 ea
1313 372 1436 428 quae
1469 364 1598 412 sunt
1649 356 1814 422 dicta,
1861 358 1927 412 ad
1974 357 2027 414 id

2132 358 2270 430 πρὸς
2305 359 2367 413 τὸ
2394 359 2741 429 βλεπόμενον,
2768 358 2862 413 καὶ
2889 353 3212 412 ἀντιτυποῦν
3241 353 3335 408 καί.
3363 347 3704 421 κινούμενονἰ

455 442 600 510 quod
631 443 875 497 cernitur
914 452 968 499 et
1001 445 1272 515 palpatur,
1302 454 1356 502 et
1381 445 1525 516 quod
1551 453 1820 511 movetur,
1854 447 2028 516 quod-

455 547 562 600 que
611 541 820 588 natura!
861 534 1250 606 discipulorum
1299 537 1720 607 homogeneum,
1753 535 2026 592 dictorum

456 622 695 679 refertur
723 626 1108 696 intelligentia,
1145 628 1279 683 nihil
1313 635 1492 683 autem
1516 627 1786 697 ejusmodi
1808 629 2027 700 conspi-

456 714 600 769 citur
636 716 690 770 in
723 731 789 771 eo
818 718 908 787 qui
939 727 1022 772 est
1047 719 1455 790 inaspectahilis
1482 729 1536 775 et
1569 719 1943 790 incorporeus,
1976 728 2030 776 et

457 805 550 873 qui
599 822 699 860 nec
741 816 884 863 tactu
924 811 1128 880 percipi
1163 819 1362 880 potest,
1416 827 1516 865 nec
1571 812 1744 867 forma
1775 813 2026 882 figurari;

456 898 733 966 quomodo
789 900 964 968 ipsum
1019 902 1358 971 unigenitum
1403 903 1603 966 Deum,
1657 905 1748 973 qui
1802 913 1920 960 erat
1975 905 2030 960 in

458 989 728 1062 principio
755 999 808 1046 et
842 995 895 1049 in
924 995 1082 1050 Patre
1106 1006 1209 1059 est,
1243 996 1310 1051 ad
1333 999 1592 1068 aequalem
1621 998 1876 1054 honorem
1904 1014 2029 1053 cum

455 1081 643 1157 Petro.
671 1097 723 1139 et
769 1087 984 1141 Andrea
1034 1097 1087 1142 et
1116 1086 1348 1152 Joanne,
1403 1097 1459 1144 et
1503 1089 1729 1159 reliquis
1770 1092 2032 1162 apostolis

456 1174 749 1244 redigunt?
782 1176 910 1230 dum
958 1179 1119 1232 etiam
1152 1179 1342 1234 dicunt
1384 1181 1532 1249 ipsos
1573 1180 1768 1236 fratres
1797 1197 1937 1246 esse,
1977 1191 2032 1238 et

457 1276 753 1319 conservos
783 1263 1073 1337 Unigeniti.
1113 1269 1292 1338 Atque
1327 1285 1487 1324 omne
1516 1271 1756 1326 studium
1788 1272 2028 1342 ipsorum

459 1351 529 1405 ad
559 1353 704 1408 hunc
748 1370 974 1424 scapum
1021 1366 1254 1427 spectat,
1299 1368 1355 1412 ιιι
1402 1359 1780 1418 demonstrent
1818 1371 2029 1418 tantum

460 1443 654 1498 abesse
700 1445 917 1500 Patrem
965 1449 1263 1504 secundum
1308 1458 1515 1505 naturae
1564 1453 1902 1522 majestatem
1962 1455 2031 1511 ab

460 1531 732 1606 Unigeniti
763 1537 1022 1608 dignitate
1048 1547 1102 1594 et
1148 1540 1347 1595 virtute
1377 1551 1431 1596 et
1460 1543 1720 1607 essentia,
1763 1553 2028 1614 quantum

459 1643 621 1697 supra
642 1629 931 1684 humanam
958 1633 1252 1687 essentiam
1279 1649 1400 1689 sese
1423 1637 1636 1691 extulit.
1666 1639 1846 1707 Atque
1865 1638 2030 1708 hujus

459 1717 740 1770 sententiae
781 1733 1084 1772 sermonem
1119 1720 1263 1774 hunc
1305 1720 1509 1775 faciunt
1554 1700 1877 1792 patronum:
1933 1700 2028 1794 qui
2064 1700 2103 1754 Β

459 1822 522 1862 ex
553 1822 707 1878 teque
739 1808 917 1862 Patris
947 1818 1000 1863 et
1029 1811 1260 1878 Domini,
1293 1821 1348 1868 et
1382 1813 1776 1883 discipulorum
1813 1816 2028 1872 Domini

460 1913 801 1952 communem
832 1900 962 1954 facit
988 1909 1261 1968 naturam,
1299 1911 1358 1957 ut
1382 1906 1529 1960 nulla
1553 1907 1695 1961 inter
1720 1922 1814 1963 eos
1844 1923 2033 1963 secun-

460 1993 589 2048 dum
630 1995 935 2049 naturalem
976 1996 1292 2068 dignitatem
1337 1999 1670 2072 intelligatur
1705 2000 2030 2068 differentia,

459 2084 516 2140 in
544 2101 609 2140 eo
634 2086 778 2158 quod
813 2087 1064 2143 similiter
1101 2089 1218 2159 ipse
1257 2100 1310 2147 et
1336 2092 1500 2162 hujus
1527 2101 1582 2148 et
1621 2094 1835 2150 illorum
1875 2095 2032 2151 Pater

459 2187 514 2234 et
548 2180 688 2235 Deus
715 2195 837 2234 esse
865 2181 1226 2236 existimetur.

534 2267 599 2325 Et
622 2269 744 2323 talis
772 2269 1017 2338 quaedam
1048 2281 1132 2326 est
1159 2288 1280 2342 qua:
1305 2288 1368 2328 ex
1403 2274 1795 2342 consequentia
1817 2275 2032 2331 elicitur

460 2356 807 2427 blasphemiae
828 2362 1114 2417 astruetio.
1140 2362 1216 2416 Ita
1249 2371 1306 2416 ut
1329 2364 1408 2418 vel
1438 2365 1600 2418 etiam
1632 2365 1914 2435 discipulis
1939 2383 2032 2436 per

461 2450 740 2504 relativam
793 2451 1242 2522 signiﬁcationem
1279 2455 1530 2510 essentia:
1587 2458 2030 2512 communitatem

463 2555 588 2594 cum
617 2540 778 2595 Patre
809 2543 1101 2610 attribuat;
1137 2546 1217 2600 vel
1254 2561 1427 2616 neque
1455 2547 1738 2600 Dominum
1771 2565 1865 2617 pcr
1893 2549 2033 2604 hanc

463 2647 650 2686 vocem
706 2633 770 2686 ad
813 2636 1251 2690 communionem
1302 2648 1508 2691 natura:
1555 2637 1732 2693 Patris
1777 2638 2028 2695 adducat.

463 2719 522 2775 Et
563 2723 1023 2793 quemadmodum
1057 2726 1374 2780 servitutem
1411 2727 1799 2798 discipulorum
1842 2731 2034 2799 prohat

464 2827 531 2865 ex
569 2826 634 2866 eo
674 2813 818 2882 quod
857 2813 1099 2883 ipsorum
1135 2811 1274 2868 Deus
1318 2813 1628 2868 nominatus
1658 2821 1761 2874 cst.
1811 2815 1901 2884 qui
1950 2824 2034 2869 est

466 2915 630 2970 super
676 2902 884 2957 omnia:
930 2901 1182 2956 similiter
1213 2902 1377 2956 etiam
1429 2901 1624 2955 Filium
1673 2904 1877 2958 servire
1925 2904 2032 2960 Deo

467 3007 565 3060 per
592 3007 654 3046 ea
681 3007 800 3061 quae
831 3002 956 3046 sunt
992 2991 1136 3045 dicta
1166 2993 1472 3047 confitetur.
1507 2993 1660 3059 Quod
1699 2995 1859 3065 igitur
1897 2994 2033 3049 divi—

464 3082 622 3136 nitati
665 3081 936 3153 Unigeniti
977 3082 1141 3137 verba
1178 3083 1244 3138 ad
1292 3083 1515 3138 Mariam
1560 3085 1698 3140 facta
1745 3102 1850 3140 non
1899 3101 2031 3140 con-

462 3183 685 3244 gruunt,
722 3191 785 3230 ex
817 3175 919 3229 hoc
945 3175 1234 3230 verborum
1265 3191 1426 3230 sensu
1457 3177 1574 3229 licet
1603 3178 1900 3247 percipere.
1931 3177 2030 3244 Qui

447 3266 606 3322 ’cuim
641 3273 722 3319 est
757 3280 850 3336 per
894 3266 1075 3318 omnia
1107 3281 1228 3318 eum
1262 3266 1328 3319 ad
1369 3267 1731 3336 :cqualitatem
1785 3268 2034 3323 humanm.

462 3355 750 3410 brevitatis
782 3353 1022 3424 seipsum
1054 3353 1416 3418 humiliasset,
1481 3356 1568 3408 ille
1597 3365 1672 3410 est
1707 3357 1796 3426 qui
1826 3373 1886 3412 ea
1915 3373 2034 3427 qua:

462 3447 607 3501 dicta
643 3455 772 3502 sunt
799 3445 1063 3516 loquitur.
1100 3444 1358 3511 Quaenam
1394 3462 1519 3502 vero
1563 3446 1802 3516 ipsorum
1842 3448 2033 3502 verbo-

463 3553 586 3592 rum
634 3546 719 3594 est
761 3537 1142 3606 intelligentia,
1184 3546 1374 3591 exacte
1405 3538 1663 3592 scirerint
1714 3539 1786 3593 illi
1819 3540 1908 3608 qui
1940 3556 2034 3610 per

466 3628 724 3699 Spiritum
752 3629 990 3700 mysterii
1017 3627 1282 3699 profunda
1309 3638 1737 3697 perscrutantur.
1769 3629 2031 3696 Qumcnn-

462 3736 571 3792 quc
600 3727 778 3775 autem
807 3735 872 3776 ex
903 3719 990 3774 his
1012 3719 1290 3790 percipere
1318 3719 1610 3789 potuimus.
1634 3720 1788 3789 juxta
1810 3719 2029 3774 Patrum

462 3811 856 3884 expositionem
913 3812 1026 3866 haec
1069 3811 1258 3880 paucis
1299 3827 1656 3883 apponcmus.
1697 3811 1798 3879 Qui
1839 3822 2031 3868 natura

462 3919 650 3958 eorum
699 3919 820 3973 quae
867 3910 994 3957 sunt
1032 3901 1193 3956 Pater
1231 3910 1333 3966 est,
1378 3917 1444 3956 ex
1485 3917 1592 3970 quo
1625 3903 1804 3956 omnia
1852 3915 2030 3958 ortum

463 3996 684 4060 habent,
712 4009 854 4050 unus
886 3995 954 4048 ab
980 3994 1228 4065 Apostoli
1281 3994 1738 4064 magniloquentia
1773 3994 2033 4063 praedica-

463 4097 579 4141 tur:
622 4085 767 4140 Unus
826 4087 1021 4157 inquit,
1055 4086 1192 4141 Deus
1225 4093 1275 4140 et
1316 4085 1498 4152 Pater,
1546 4101 1611 4139 ex
1648 4102 1749 4155 quo
1789 4088 1964 4139 omnia
1987 4088 2027 4140 ⁷.

465 4176 604 4248 Ergo
652 4177 889 4230 humana
947 4187 1139 4231 natura
1185 4193 1291 4231 non
1348 4175 1564 4230 aliunde
1619 4175 1672 4228 in
1725 4185 2030 4231 creaturam

462 4269 648 4332 venit;
697 4283 872 4337 neque
909 4267 1128 4322 fortuito
1163 4276 1256 4322 aut
1292 4268 1508 4337 propria
1537 4267 1587 4320 vi
1631 4267 1682 4320 iu
1717 4282 1895 4321 rerum
1931 4282 2030 4320 na-

461 4367 638 4414 turam
689 4360 952 4430 producta
997 4369 1102 4426 est,
1151 4360 1242 4415 sed
1281 4359 1535 4414 factorem
1583 4368 1636 4413 et
1669 4370 1878 4414 natura:
1920 4375 2031 4414 suae

461 4451 792 4506 conditorem
839 4467 944 4506 non
997 4451 1160 4504 alium
1211 4451 1400 4507 sortita
1452 4459 1535 4506 cst
1579 4466 1738 4521 qnam
1781 4452 2022 4505 omnium

464 4542 696 4596 Patrem.
725 4545 901 4612 Atque
925 4543 1101 4611 ipsum
1132 4540 1430 4595 divinitatis
1460 4556 1675 4600 nomen.
1707 4541 1840 4594 nihil
1877 4540 2024 4595 aliud

462 4630 731 4702 significat
768 4640 964 4702 praztcr
995 4647 1114 4686 eam
1150 4632 1256 4684 vim
1287 4647 1392 4701 qua
1420 4630 1599 4684 oninia
1629 4632 2028 4701 contemplatur

459 4732 514 4779 et
544 4723 800 4778 omnibus
851 4724 1118 4794 providet,
1169 4738 1330 4793 quam
1373 4723 1534 4778 etiam
1586 4723 1804 4793 proprie
1839 4723 2029 4779 habuit

457 4831 584 4886 erga
611 4830 782 4886 genus
812 4815 1133 4870 humanum.
1173 4813 1274 4881 Qui
1310 4815 1450 4870 enim
1482 4813 1794 4868 facultatem
1823 4821 1878 4870 et
1916 4815 2023 4868 vim

461 4907 544 4962 his
582 4920 704 4976 qua!
733 4912 881 4969 sunt,
926 4913 985 4958 ιιι
1023 4912 1209 4959 essent
1248 4903 1500 4974 prmbuit,
1539 4903 1680 4959 Deus
1707 4911 1793 4959 est
1837 4911 1891 4958 et
1945 4905 2029 4958 in-

458 5008 676 5068 spector
692 5012 878 5054 eorum
912 5011 1034 5066 qua).
1064 4996 1132 5049 ah
1160 4996 1251 5050 illo
1284 4993 1424 5050 facta
1453 5005 1598 5050 sunt.
1633 4995 1737 5050 Sed
1765 4996 2025 5066 quoniam

456 5104 552 5157 per
579 5087 809 5145 insidias
837 5087 956 5158 ejus
983 5089 1074 5159 qui.
1109 5088 1160 5142 in
1187 5088 1345 5144 nobis
1374 5087 1511 5144 sevit
1531 5089 1889 5144 contumacia:
1911 5089 2029 5145 sive

455 5181 770 5236 rebellionis
801 5180 1011 5244 lolium,
1050 5194 1158 5234 non
1195 5180 1428 5250 amplius
1452 5179 1661 5250 paterni
1689 5178 2024 5236 characteris

457 5271 744 5341 imaginem
772 5280 964 5326 natura
1001 5279 1188 5327 ucstra
1225 5271 1278 5326 in
1320 5272 1497 5341 seipsa
1532 5273 1893 5339 conservavit,
1927 5272 2021 5328 sed

457 5361 522 5412 ad
549 5361 844 5418 foeditatem
876 5363 1082 5433 peccati
1113 5362 1412 5417 deformata
1435 5373 1538 5418 est:
1565 5361 1769 5419 idcirco
1790 5378 2018 5434 peream

457 5451 862 5508 similitudinem
903 5470 1024 5524 (μιαν
1055 5469 1151 5524 per
1194 5454 1512 5511 electionem
1559 5452 1631 5520 fit,
1688 5463 1740 5510 et
1777 5469 1808 5508 a
1849 5455 2019 5513 libero

525 5627 544 5661 τ
571 5625 590 5682 Ι
621 5625 749 5683 Cor.
775 5641 890 5711 vin,
925 5625 994 5702 6..

2130 450 2224 503 καὶ
2266 449 2526 520 ὁμογενὲς
2560 451 2626 520 τῇ
2660 447 2820 518 φύσει
2841 445 2951 501 τῶν
2985 441 3260 518 μαθητῶν,
3305 442 3340 511 ἡ
3367 438 3573 510 διάνοια
3591 435 3689 488 τῶν

2128 541 2430 611 εἰρημένων
2452 540 2705 611 φέρεται·
2753 538 2862 592 τῶν
2888 539 2945 592 δὲ
2971 534 3221 590 τοιούτων
3260 531 3412 585 οὐδὲν
3452 527 3578 599 περὶ
3607 526 3690 581 τὸν

2128 632 2360 703 ἀόρατόν
2385 649 2442 684 τε
2463 632 2556 685 καὶ
2572 631 2857 702 ἀσώματον
2875 630 2965 684 καὶ
2990 627 3169 698 ἀναφῆ
3187 626 3281 679 καὶ⁵
3299 622 3532 678 ἀνείδεον
3558 618 3657 673 καθ
3669 647 3688 661 ο

2130 724 2351 793 ορςῑται⁹
2383 722 2499 786 πῶς
2559 722 2720 776 αὐτὸν
2743 721 2834 774 τὸν
2859 717 3120 792 μονογενῆ
3153 715 3306 779 Θεὸν,
3343 712 3433 766 τὸν
3472 713 3528 765 ὲν
3556 710 3690 780 ἀρχῇ

2131 813 2260 867 ὄντα
2278 854 2292 877 ,
2329 814 2422 866 καὶ
2449 815 2506 866 ὲν
2535 813 2612 882 τῷ
2644 811 2816 882 Πατρί
2839 811 2984 874 ὄντα,
3009 810 3088 874 εἰς
3109 808 3170 861 τὸ
3193 805 3454 878 ὁμότιμον
3472 800 3688 870 Πέτρῳ,

2131 907 2223 960 καὶ
2249 906 2494 976 Ἀνδρέα,
2517 905 2610 958 καὶ
2638 904 2880 974 Ἰωάννῃ,
2901 903 3118 964 καὶτοῖς
3137 899 3342 960 λοιποῖς
3357 895 3462 948 τῶν
3477 892 3694 947 ἀποστό-

2131 998 2238 1050 λων
2269 996 2637 1066 κατάγουσιν;
2687 995 2746 1049 ἐν
2797 993 2874 1064 τῷ
2899 993 2992 1047 καὶ
3015 991 3272 1060 ἀδελφοὺς
3301 987 3496 1049 αὐτοὺς
3520 983 3694 1052 λέγειν

2131 1082 2268 1139 εἶναι
2284 1086 2378 1139 τοῦ
2405 1084 2729 1154 Μονογενοῦς
2751 1083 2844 1136 καὶ
2869 1081 3209 1154 ὁμοδούλους.
3238 1080 3346 1132 Καὶ
3382 1077 3527 1129 πᾶσα
3568 1074 3694 1144 πρὸς

2131 1179 2316 1232 τοῦτον
2338 1180 2519 1241 αὐτοῖς
2547 1177 2636 1231 τὸν
2670 1177 2866 1230 σκοπὸν
2899 1177 2934 1246 ἡ
2962 1173 3161 1242 σπουδὴ
3193 1170 3377 1241 βλέπει
3397 1209 3412 1234 ,
3441 1167 3502 1220 τὸ
3525 1166 3692 1229 δεῖξαι

2131 1270 2383 1323 τοσοῦτον
2401 1268 2686 1338 ἀφεστῶτα
2710 1268 2851 1322 κατά
2867 1267 2926 1319 τδ
2949 1265 3228 1337 μεγαλεῖον
3247 1263 3344 1332 τῆς
3361 1260 3598 1329 φύσεως,
3615 1259 3695 1310 τὸν

2131 1361 2348 1428 Πατέρα
2385 1361 2482 1430 τῆς
2519 1359 2610 1412 τοῦ
2641 1357 2977 1427 Μονογενοῦς
3003 1356 3158 1422 ἀξίας
3193 1371 3254 1406 τε
3279 1353 3374 1406 καὶ
3410 1350 3687 1419 δυνάμεως

2131 1449 2223 1500 καὶ
2265 1448 2486 1514 οὐσίας,
2525 1449 2648 1502 ὅσον
2685 1449 2901 1518 καὶτῆς
2930 1444 3271 1516 ἀνθρωπίνης
3315 1443 3503 1503 οὐσίας
3534 1441 3697 1509 ὑπερ-

2131 1537 2398 1606 ανέστηκε
2420 1552 2433 1565 ·
2479 1536 2573 1589 καὶ
2612 1537 2708 1606 τῆς
2733 1535 2966 1599 διανοίας
2986 1533 3189 1603 ταύτης
3211 1531 3396 1584 τοῦτον
3427 1529 3518 1582 τὸν
3547 1527 3699 1595 λόγον

2133 1627 2407 1680 ποιοῦνται
2437 1629 2751 1698 συνήγορον,
2779 1627 2868 1679 τὸν
2895 1629 2959 1678 ἐκ
2987 1624 3080 1678 τοῦ
3108 1625 3223 1678 [σου
3254 1623 3350 1693 τήν
3384 1637 3443 1672 τε
3467 1617 3561 1672 τοῦ
3592 1619 3701 1671 [Ια-

2130 1719 2257 1788 τρὸς
2298 1719 2392 1772 καὶ
2438 1719 2536 1788 τὴν
2572 1719 2666 1771 τοῦ
2705 1717 2942 1788 Κυρίου,
2985 1717 3080 1770 καὶ
3138 1714 3247 1769 τῶν
3291 1711 3547 1784 μαθητῶν
3603 1709 3698 1764 τοῦ

2129 1811 2332 1882 Κυρίου
2363 1811 2521 1880 φύσιν
2562 1810 2984 1864 κοινοποιοῦντα.
3040 1808 3128 1871 Ὠς
3169 1806 3438 1877 μηδεμιᾶς
3490 1801 3693 1873 μεταξὺ

2129 1903 2419 1973 νοουμένης
2446 1902 2584 1955 κατὰ
2613 1903 2710 1972 τὴν
2756 1901 2984 1972 φυσικὴν
3017 1901 3172 1965 ἀξίαν
3208 1898 3501 1969 διαψορᾶς·
3535 1898 3592 1949 ἐν
3625 1893 3702 1967 τῷ

2130 1995 2524 2066 παραπλησίως
2568 1995 2749 2058 αὑτὸν,
2801 1995 2890 2047 καὶ
2933 1993 3124 2046 τούτου
3171 1990 3438 2045 κάκείνων
3481 1988 3703 2061 Πατέρα

2127 2105 2186 2141 τε
2215 2089 2308 2141 καὶ
2335 2087 2465 2140 Θεὸν
2494 2084 2634 2139 εἶναι.
2655 2085 2988 2156 νομίζεσθαι.

2198 2264 2309 2316 Καὶ
2337 2262 2556 2333 τοιαύτη
2599 2263 2684 2326 τίς
2727 2265 2872 2316 ἐστιν
2913 2263 2946 2334 ἠ
2990 2261 3128 2316 κατά
3172 2259 3234 2312 τὸ
3278 2256 3569 2312 ἀκόλουθον
3603 2256 3702 2328 τῆς

2131 2355 2472 2427 βλασφημίας
2503 2356 2842 2426 κατασκευὴ,
2877 2354 2951 2418 ὡς
2979 2354 3012 2425 ἢ
3049 2355 3143 2408 καὶ
3169 2355 3280 2416 τοῖς
3313 2351 3583 2422 μαθηταῖς
3611 2349 3700 2404 διὰ

2130 2448 2226 2518 τῆς
2275 2447 2529 2518 σχετικῆς
2575 2447 2846 2518 σημασίας
2890 2445 2950 2499 τὸ
2993 2445 3167 2499 κοινὸν
3200 2445 3299 2516 τῆς
3329 2444 3517 2507 οὐσίας
3567 2443 3702 2515 πρὸς

2129 2539 2220 2592 τὸν
2252 2539 2469 2610 Πατέρα
2493 2537 3016 2610 συμμαρτυρεῖσθαι,
3043 2536 3078 2607 ἧ
3111 2537 3241 2606 μηδὲ
3267 2536 3356 2588 τὸν
3387 2534 3590 2605 Κύριον
3617 2534 3704 2588 διά

2129 2629 2229 2698 τῆς
2257 2631 2438 2699 ςωνῆς
2474 2632 2552 2694 εἰς
2591 2629 2874 2682 κοινωνίαν
2905 2630 3004 2698 τῆς
3048 2627 3141 2681 τοῦ
3175 2627 3385 2697 Πατρὸς
3413 2628 3565 2694 ἄγειν
3605 2623 3708 2696 φύ-

2133 2739 2265 2783 σεως
2284 2738 2296 2749 ·
2339 2722 2432 2774 καὶ
2453 2721 2528 2784 ὠς
2555 2721 2654 2793 τὴν
2692 2720 2932 2775 δουλείαν
2962 2719 3068 2772 τῶν
3118 2717 3396 2790 μαθητῶν,
3451 2716 3543 2771 τὸν
3571 2716 3704 2770 Θεδν

2129 2811 2307 2865 αὐτῶν
2339 2813 2699 2884 ὀνομασθῆναι
2726 2812 2816 2866 τὸν
2849 2812 2941 2865 ἐπὶ
2971 2811 3186 2866 πάντων
3221 2809 3541 2880 παρίστησι,
3565 2808 3705 2861 κατά

2129 2901 2218 2956 τὸν
2245 2903 2402 2957 αὐτὸν
2429 2903 2604 2972 λόγον,
2637 2903 2731 2957 καὶ
2774 2904 2863 2956 τον
2905 2902 3032 2956 Υίδν
3059 2899 3330 2956 δουλεύειν
3355 2899 3434 2970 τῷ
3457 2899 3575 2970 Θεῷ
3617 2898 3704 2952 8ιά

2133 2995 2239 3048 τῶν
2285 2995 2585 3066 εἰρημένων
2630 2993 3023 3065 ὁμολογεῖσθαι.
3081 2993 3205 3047 Ὅτι
3253 2992 3352 3064 μὲν
3397 2986 3491 3045 οὗν
3536 2991 3596 3044 οὗ
3634 2993 3703 3062 τῇ

2133 3082 2344 3154 θεότητι
2385 3082 2478 3137 τοῦ
2524 3083 2859 3150 Μονογενοῦς
2909 3081 3276 3154 ὲφαρμόζεται
3322 3080 3393 3134 τά
3442 3080 3577 3153 πρὸς
3603 3078 3703 3150 τὴν

2131 3174 2347 3245 Μαρίαν
2374 3175 2624 3246 ῥήματα,
2673 3173 2738 3226 δι’
2772 3176 2939 3246 αὐτῆς
2975 3175 3092 3229 ἔστι
3119 3175 3220 3245 τῆς
3261 3174 3369 3229 τῶν
3398 3171 3702 3244 εἰρημένων

2132 3259 2366 3327 διανοίας
2409 3264 2620 3334 μαθεῖν.
2669 3255 2726 3319 'O
2756 3263 2864 3338 γὰρ
2889 3265 2975 3319 διὰ
3007 3265 3223 3320 πάντων
3257 3264 3389 3335 πρὸς
3421 3263 3483 3316 τὸ
3519 3262 3703 3332 ὁμότι-

2136 3371 2233 3424 μον
2263 3355 2357 3424 τῆς
2385 3354 2728 3426 ἀνθρωπίνης
2759 3354 3092 3427 βραχύτητος
3131 3353 3342 3418 ἑαυτὸν,
3397 3351 3545 3422 φασὶ.
3595 3367 3698 3405 τα-

2134 3445 2433 3509 πεινώσας,
2485 3447 2688 3510 ἐκεῖνος
2738 3445 3034 3515 φθέγγεται
3085 3446 3153 3500 τὰ
3187 3445 3472 3515 εἰρημένα,
3514 3442 3608 3506 Τίς
3641 3441 3698 3494 δὲ

2131 3535 2306 3589 αὐτῶν
2346 3535 2454 3588 τῶν
2496 3535 2753 3607 ῥημάτων
2793 3538 2940 3592 ἐστὶν
2967 3539 2999 3609 ἡ
3029 3538 3258 3599 διάνοια,
3285 3538 3383 3608 τὴν
3417 3536 3516 3609 μὲν
3543 3534 3696 3606 ἀκρί-

2133 3623 2282 3676 ϐειαν
2326 3625 2512 3676 εἰδεῖεν
2553 3625 2618 3677 ἂν
2669 3627 2718 3678 oi
2759 3626 2847 3678 διὰ
2876 3626 2968 3679 τοῦ
3001 3626 3312 3696 Πνεύματος
3344 3626 3412 3680 τὰ
3434 3621 3568 3696 βάθη
3599 3621 3694 3678 τοῦ

2135 3715 2430 3785 μυστηρίου
2465 3717 2891 3788 διερευνώμενοι.
2924 3719 3062 3771 Ὅσα
3089 3719 3144 3772 δὲ
3173 3719 3263 3771 καὶ
3312 3720 3392 3781 εἰς
3416 3717 3683 3789 ἡμετέραν

2129 3805 2254 3874 ἥκει
2297 3807 2597 3877 κατάληψιν
2641 3809 2783 3862 κατὰ
2827 3807 2922 3879 τὴν
2971 3809 3078 3862 τῶν
3105 3809 3358 3880 Πατέρων
3410 3809 3686 3878 ὑφήγησιν,

2130 3897 2298 3950 ταῦτα
2326 3899 2392 3952 δι’
2419 3899 2610 3968 ὀλίγων
2650 3899 3100 3971 παραθησόμεθα.
3140 3899 3196 3954 Ὀ
3225 3903 3292 3971 τῇ
3323 3899 3480 3970 φύσει
3512 3898 3691 3969 Πατὴρ

2129 3989 2235 4042 τῶν
2259 3988 2446 4051 ὄντων.
2478 3991 2537 4054 ἐξ
2558 3983 2618 4044 οὗ
2643 3991 2710 4044 τὰ
2741 3991 2918 4045 πάντα
2941 3991 3036 4062 τὴν
3058 3990 3268 4060 γένεσιν
3291 3992 3425 4061 ἔχει,
3448 3985 3523 4054 εἷς
3545 3989 3690 4060 παρά

2129 4079 2229 4149 τῆς
2258 4079 2351 4133 τοῦ
2401 4080 2720 4134 Ἀποστόλου
2783 4081 3190 4152 μεγαλοφωνίας
3239 4083 3681 4152 ἀνακεκήρυκται·

2126 4168 2229 4240 Εἷς
2256 4173 2367 4246 γὰρ
2391 4173 2566 4239 Θεὸς,
2600 4175 2755 4244 φησὶ,
2786 4174 2882 4228 καί
2913 4173 3145 4243 Πατὴρ,
3174 4174 3242 4238 ἐξ
3275 4169 3348 4230 οὗ
3387 4176 3457 4228 τὰ
3483 4173 3682 4226 πάντα.

2131 4263 2338 4318 Οὐκοῦν
2382 4267 2414 4336 ἠ
2461 4266 2772 4336 ἀνθρωπίνη
2826 4265 3021 4335 φύσις,
3048 4267 3147 4319 οὐκ
3197 4266 3489 4336 ἀλλαχόθεν
3514 4267 3679 4317 insta-

2133 4355 2261 4427 ἦλθε
2318 4357 2385 4426 τῇ
2430 4356 2644 4414 κτίσει,
2673 4355 2813 4413 οὐδὲ.
2836 4357 3153 4428 αὐτομάτως
3182 4355 3382 4427 ὲνεφύη
3415 4357 3521 4418 τοῖς
3569 4370 3680 4421 γιν-

2134 4446 2295 4500 νῶσιν
2315 4464 2327 4477 ·
2360 4447 2494 4499 ἀλλὰ
2520 4447 2610 4500 τὸν
2641 4448 2868 4518 ποιητὴν
2895 4448 2990 4502 καὶ
3015 4447 3182 4517 αὐτῆς
3216 4447 3314 4517 τῆς
3342 4448 3476 4511 ἰδίας
3505 4444 3680 4500 συστά-

2134 4555 2271 4600 σεως
2311 4536 2410 4590 οὐκ
2453 4537 2610 4590 ἄλλον
2653 4537 2830 4608 ἔσχεν,
2869 4539 2901 4610 ἥ
2942 4539 3032 4592 τὸν
3063 4539 3280 4611 Πατέρα
3310 4539 3422 4591 τῶν
3465 4538 3676 4590 πάντων.

2134 4629 2243 4683 Καὶ
2290 4631 2419 4684 ait};
2463 4632 2518 4685 δὲ
2567 4631 2629 4685 τὸ
2656 4635 2756 4702 τῆς
2790 4633 3043 4704 θεότητος
3085 4633 3281 4704 ὄνομα,
3313 4634 3422 4687 εἴτε
3450 4632 3546 4705 τὴν
3570 4633 3678 4685 ὲπο-

2133 4722 2357 4794 πτικὴν,
2420 4725 2527 4777 εἴτε
2568 4724 2666 4796 τὴν
2711 4726 3070 4796 προνοητικὴν
3113 4725 3362 4790 ἐξουσίαν
3413 4723 3675 4795 σημαίνει,

2129 4814 2194 4885 ἣν
2243 4815 2456 4878 οἰκείως
2503 4813 2614 4886 εἶχε
2657 4817 2792 4888 πρὸς
2833 4816 2894 4869 τὸ
2940 4815 3299 4887 ἀνθρώπινον.
3341 4817 3402 4870 Ὀ
3449 4816 3552 4886 γὰρ
3596 4812 3676 4881 τὴν

2127 4906 2354 4976 δύναμιν
2405 4907 2701 4978 παρασχὼν
2747 4911 2859 4972 τοῖς
2910 4905 3029 4962 οὖσι
3061 4906 3155 4960 τοῦ
3210 4901 3347 4960 εἶναι
3367 4946 3383 4970 ,
3436 4905 3564 4970 Θεὸς
3599 4903 3674 4956 καὶ

2129 4999 2372 5070 ἐπόπτης
2399 5001 2506 5052 τῶν
2538 5001 2624 5053 ἐπ’
2652 5000 2859 5054 ἐκείνου
2881 4999 3179 5069 γεγονότων
3204 4998 3370 5052 ἐστίν.
3409 4998 3547 5051 Ἀλλ’
3575 4993 3672 5050 ἐπεὶ

2128 5093 2248 5145 κατ’
2283 5091 2568 5163 ἐπιϐουλὴν
2595 5091 2687 5146 τοῦ
2729 5091 3105 5163 ὲνσπείραντος
3156 5077 3288 5161 ἡμῖν
3319 5089 3381 5145 τὸ
3411 5093 3509 5162 τῆς
3538 5091 3670 5144 ἀπειο

2131 5182 2280 5246 θείας
2326 5181 2596 5248 ζιζάνιον,
2640 5182 2821 5237 οὐκέτι
2853 5182 2946 5236 τοῦ
2977 5181 3243 5254 πατρικοῦ
3289 5177 3668 5253 χαρακτῆρκῆ

2129 5276 2289 5343 φύσις
2321 5274 2478 5345 ἡμῶν
2512 5274 2608 5346 τὴν
2635 5275 2819 5329 εἰκόνα
2847 5275 2932 5344 ἐφ’
2962 5273 3162 5343 ἑαυτῆς
3197 5271 3524 5326 διεσώσατο·
3560 5265 3672 5322 ἀλλά

2129 5367 2261 5438 “Pb;
2281 5366 2340 5420 τδ
2363 5361 2548 5437 αἶσχος
2567 5367 2663 5436 τῆς
2680 5366 2952 5437 ἁμαρτίας
2976 5365 3372 5436 μετεμορφώθη
3393 5383 3406 5395 ο
3438 5363 3522 5418 διὰ
3540 5359 3674 5414 τοῦτο

2122 5457 2212 5513 διὰ
2227 5457 2324 5529 τῆς
2342 5457 2482 5513 κατά
2497 5459 2592 5530 τὴν
2606 5458 2919 5530 προαίρεσιν
2934 5455 3245 5528 ὁμοιότητος
3261 5457 3341 5520 εἰς
3351 5454 3446 5527 τὴν
3460 5448 3670 5521 πονηρὰν
