4002 6218
314 262 419 323 889

1438 261 1712 320 CONTRA
1744 261 2136 328 EUNOMIUM.
2170 264 2300 322 LIB.
2334 263 2452 321 XII.

3459 270 3566 326 890

313 373 637 448 συγγένειαν
664 373 756 428 τοῦ
789 374 997 447 πατρὸς
1029 375 1128 445 τῆς
1153 376 1424 447 ἁμαρτίας
1449 377 1784 448 εἰσεποιήθη.
1801 378 1889 440 Ὠς

1996 377 2188 431 mentis
2208 377 2435 431 arbitrio
2459 376 2745 447 dependet,
2767 376 2832 431 ad
2863 377 3162 446 improbam
3185 379 3561 450 cognationem

315 468 514 538 μηκέτι
538 465 633 520 τοῦ
678 466 1161 538 ἀποκηρυχθέντος
1196 470 1253 522 ἐν
1298 471 1365 540 τῇ
1423 469 1528 541 ἰδία
1565 470 1733 541 κακίᾳ
1756 512 1769 533 ,
1804 469 1895 524 τὸν

314 556 519 626 ἀγαθόν
549 574 608 611 τε
660 558 754 612 καὶ
790 558 1044 630 ἀληθινὸν
1070 555 1206 612 εἶναι
1235 561 1453 632 Πατέρα
1497 578 1556 615 τε
1600 561 1692 614 καὶ
1720 561 1851 614 Θεόν
1879 580 1892 594 ·

313 647 428 702 ἀλλ’
461 647 584 701 ἀντὶ
623 649 723 718 μὲν
752 648 848 704 τοῦ
900 648 1056 718 φύσει
1105 651 1258 714 ὄντος
1308 651 1476 716 Θεοῦ,
1534 652 1671 718 τοὺς
1714 655 1895 723 φύσει

305 737 396 809 μὴ
430 737 612 804 ὄντας
652 739 831 805 θεοὺς
891 739 1188 811 τιμηθῆναι
1257 741 1438 805 καθώς
1478 760 1639 812 φησιν
1665 744 1693 796 6
1733 744 1893 798 Ἀπό-

313 831 502 895 στολος
527 871 542 894 ,
569 830 690 883 ἀντὶ
711 831 769 885 δὲ
795 830 890 884 τοῦ
925 831 1178 902 ἀληθινοῦ
1209 833 1422 904 Πατρὸς
1445 874 1460 898 ,
1490 834 1583 887 τὸν
1625 834 1896 905 ψευδώνυ-

322 941 425 994 μον
454 921 779 993 νομισθῆναι
809 922 1019 994 πατέρα
1044 941 1057 954 ·
1090 923 1269 988 καθώς
1305 943 1407 978 που
1438 922 1843 993 διἀίνίγματος
1867 929 1895 980 ὁ

313 1016 602 1085 προφήτης
642 1012 910 1085 Ἱερεμίας
939 1013 1112 1082 λέγων
1138 1032 1151 1045 ·
1184 1015 1266 1067 ὅτι
1311 1016 1619 1084 Ἑφώνησε
1659 1017 1890 1083 πέρδιξ,

311 1106 662 1174 συνήγαγεν
688 1103 726 1158 d
753 1106 864 1158 οὐκ
892 1103 1119 1158 ἔτεκεν.
1157 1105 1375 1178 Ἐπειδὴ
1406 1107 1585 1160 τοίνυν
1621 1107 1682 1160 τὸ
1728 1108 1895 1176 κεφά-

312 1197 462 1250 λαιον
492 1196 591 1266 τῆς
623 1197 907 1266 συμφορᾶς
943 1195 1101 1266 ἡμῶν
1128 1195 1284 1249 τοῦτο
1317 1193 1384 1268 ἦν
1405 1238 1418 1258 ,
1463 1197 1524 1251 τὸ
1548 1197 1892 1270 ἐξοικειωθῆ-

313 1304 400 1340 ναι
426 1285 520 1339 τοῦ
543 1285 750 1354 ἀγαθοῦ
781 1287 994 1357 Πατρὸς
1024 1287 1084 1340 τὸ
1113 1287 1468 1359 ἀνθρώπινον,
1501 1291 1595 1343 καὶ
1620 1291 1718 1362 τῇς
1745 1289 1894 1355 Θείας

314 1376 566 1445 ἐπόψεως
599 1394 656 1429 τε
686 1377 780 1429 καὶ
811 1377 1137 1448 κηδεμονίας
1170 1377 1276 1443 ἔξω
1304 1379 1594 1448 γενέσθαι·
1622 1380 1710 1433 διὰ
1738 1379 1894 1434 τοῦτο

315 1469 343 1520 6
372 1469 552 1520 πᾶσαν
581 1467 681 1537 τὴν
713 1468 890 1520 κτίσιν
919 1466 1018 1538 τὴν
1045 1467 1270 1538 λογικὴν
1299 1468 1599 1539 ποιμαίνων
1625 1508 1640 1531 ,
1672 1469 1894 1522 καταλι-

315 1557 433 1609 πὼν
463 1557 520 1609 ἐν
546 1559 657 1620 τοῖς
683 1556 907 1627 ὑψηλοῖς
933 1556 1034 1627 τὴν
1066 1557 1282 1628 ἀπλανῆ
1312 1574 1372 1610 τε
1404 1558 1496 1611 καὶ
1527 1558 1892 1630 ὑπερκόσμιον

313 1647 553 1716 ποίμνην
573 1687 586 1710 ,
617 1645 678 1699 τὸ
705 1646 1116 1716 πεπλανημένον
1154 1648 1426 1719 πρόϐατον
1451 1692 1467 1715 ,
1494 1651 1591 1720 τὴν
1617 1649 1890 1721 ἡμετέραν

1996 469 2166 540 patris
2198 471 2404 539 peccati
2437 472 2609 522 ascita
2639 477 2744 524 est.
2775 469 2848 524 Ita
2889 477 2943 522 ιιι
2977 470 3118 538 ejus,
3148 473 3242 542 qui
3282 472 3564 528 abdicatus

1993 575 2075 614 ρει
2103 561 2155 614 in
2187 578 2287 615 suo
2316 571 2556 630 peccato.
2595 577 2700 614 non
2735 562 2966 631 amplius
2991 563 3062 616 sit
3107 563 3281 618 bonus
3310 573 3364 618 et
3398 579 3563 619 verus

1995 649 2157 704 Pater
2184 660 2237 705 ct
2269 651 2432 717 Deus,
2472 653 2562 706 sed
2597 669 2692 721 pro
2721 667 2786 707 eo
2818 654 2909 721 qui
2947 661 3139 706 natura
3173 652 3316 708 Deus
3340 665 3443 717 est,
3483 636 3566 708 illi

1992 743 2081 812 qui
2125 753 2322 795 natura
2367 759 2468 795 non
2504 751 2625 797 sunt
2670 743 2748 796 dii
2789 745 3058 805 colantur,
3109 745 3563 812 quemadmodum

1951 887 1957 894 ,
1995 833 2070 886 ait
2101 832 2397 902 Apostolus
2418 835 2459 900 ",
2501 850 2598 904 pro
2632 849 2762 887 vero
2789 845 2966 887 autem
2999 832 3176 899 Patre,
3215 835 3383 892 falsus
3415 845 3566 908 pater

1993 923 2351 988 existimetur,
2385 924 2526 978 sicut
2553 923 2750 978 alicubi
2782 939 2873 992 per
2894 924 3120 992 amigma
3143 924 3400 992 propheta
3419 924 3566 979 Jure-

1994 1013 2130 1066 mias
2161 1012 2327 1067 dicit:
2385 1011 2581 1066 Perdix
2620 1027 2790 1065 vocem
2825 1013 3011 1076 edidit,
3059 1013 3268 1081 collegit
3317 1029 3433 1084 quia
3463 1031 3565 1068 non

1993 1104 2256 1172 peperit’.
2303 1102 2571 1170 Quoniam
2611 1103 2777 1172 igitur
2816 1113 3017 1158 nostrze
3061 1104 3386 1159 calamitatis
3428 1121 3561 1175 pra--

1993 1192 2216 1262 (ipuum
2245 1201 2408 1263 caput
2433 1192 2538 1247 hoc
2559 1203 2695 1257 erat,
2723 1207 2918 1261 nempe
2945 1192 3086 1262 quod
3115 1191 3348 1249 humana
3373 1203 3566 1249 natura

1995 1297 2024 1335 a
2049 1281 2194 1336 bono
2214 1282 2375 1337 Patre
2395 1283 2734 1338 exltmredata
2763 1292 2904 1346 erat,
2935 1293 2989 1336 et
3016 1298 3045 1336 a
3068 1282 3248 1337 divina
3274 1285 3565 1340 iutuitione

1993 1382 2047 1427 et
2082 1388 2209 1426 cura
2244 1371 2425 1427 diuina
2455 1374 2674 1429 exclusa
2704 1381 2852 1428 erat:
2889 1373 3009 1426 ideo
3041 1374 3130 1442 qui
3165 1389 3379 1428 onmem
3401 1377 3568 1429 ratio-

1994 1461 2170 1515 naletn
2215 1470 2521 1516 creaturam
2575 1463 2771 1534 pascit.
2817 1463 3008 1518 relicto
3050 1463 3102 1517 in
3143 1465 3374 1520 excelsis
3418 1466 3565 1520 iuer-

1993 1561 2148 1604 rante
2180 1560 2229 1604 et
2269 1554 2712 1620 supermutulauo
2744 1567 2925 1623 grege,
2962 1553 3026 1606 ad
3069 1564 3344 1608 errantem
3387 1571 3566 1621 ovem,

1995 1651 2241 1696 nOstram
2295 1643 2539 1712 intelligo
2572 1654 2844 1710 naturam,
2886 1660 2998 1714 pra:
3034 1645 3405 1700 benevolentia
3440 1663 3567 1716 erga

313 1735 457 1803 λέγω
478 1736 677 1804 φύσιν,
706 1735 812 1788 ὑπὸ
859 1735 1269 1806 φιλανθρωπίας
1317 1737 1655 1808 μετέρχεται,
1691 1738 1886 1790 Πολλο-

1996 1750 2160 1804 gcnus
2206 1735 2502 1789 humanum
2537 1737 2779 1791 accedit:
2807 1738 3119 1790 multesima
3149 1739 3292 1792 enim
3331 1747 3384 1792 et
3415 1739 3570 1793 mini-

315 1827 442 1880 στὸν
484 1826 593 1896 γάρ
620 1829 735 1878 ἐστι
764 1826 858 1878 καί
896 1825 1174 1895 ἐλάχιστον
1205 1826 1402 1897 μέρος,
1434 1828 1481 1879 εἰ
1523 1833 1654 1897 πρὸς
1680 1826 1741 1878 τὸ
1787 1827 1894 1880 πᾶν

313 1918 590 1987 κρίνοιτο,
626 1919 660 1988 ὴ
693 1916 1010 1988 ἀνθρωπίνη
1041 1915 1202 1986 φύσις
1223 1957 1238 1980 ,
1287 1918 1321 1987 ή
1370 1919 1504 1988 μόνη
1535 1916 1674 1970 κατά
1700 1916 1761 1970 τὸ
1800 1917 1896 1986 τῆς

313 2009 634 2081 παραϐολῆς
688 2007 952 2079 αἴνιγμα,
996 2010 1094 2078 τῆς
1132 2008 1356 2078 λογικῆς
1405 2007 1757 2070 ὲκατοντάδος
1807 2006 1896 2060 διά

311 2103 415 2174 τῆς
443 2100 643 2165 κακίας
667 2102 1103 2171 ἀποφοιτήσασα.
1146 2101 1302 2154 Ἐπεὶ
1339 2097 1433 2153 οῦν
1464 2097 1897 2164 ἁποξενωθεῖσαν

309 2193 410 2248 τοῦ
432 2192 568 2246 Θεοῦ
598 2193 698 2264 τὴν
725 2192 1000 2263 ἡμετέραν
1033 2190 1179 2262 ζωὴν
1252 2191 1319 2245 δι’
1349 2191 1550 2262 ἑαυτῆς
1594 2191 1755 2245 πάλιν
1804 2192 1898 2245 ἐπὶ

310 2284 416 2355 τὴν
470 2283 680 2354 ὑψηλήν
729 2299 788 2335 τε
838 2282 932 2335 καὶ
985 2280 1235 2353 οὐράνιον
1293 2281 1478 2352 χώραν
1524 2281 1897 2352 ἀναληφθῆναι

309 2376 597 2446 ἀμήχανον
628 2369 697 2445 ἦν
715 2415 730 2439 ,
762 2371 849 2426 διὰ
877 2372 1055 2435 τοῦτο,
1087 2370 1272 2436 καθώς
1311 2390 1476 2442 φησιν
1499 2374 1528 2426 6
1555 2371 1893 2437 Ἀπὸστολος,

323 2467 385 2516 ’0
413 2465 500 2535 μὴ
527 2465 713 2535 γνοὺς
732 2464 1044 2534 ἁμαρτίαν,
1079 2463 1232 2532 ὑπὲρ
1262 2463 1434 2533 ’ἡμῶν
1469 2464 1721 2532 ἁμαρτία
1745 2465 1898 2534 γίνε-

311 2571 431 2617 ται,
464 2554 679 2624 καὶτῆς
715 2554 961 2626 κατάρας
987 2555 1135 2626 ἡμᾶς
1163 2553 1438 2626 ἐλευθεροῖ
1460 2594 1474 2617 ,
1499 2555 1598 2625 τὴν
1625 2555 1897 2627 ἡμετέραν

313 2646 565 2716 κατάραν
595 2646 1049 2717 οἰκειωσάμενος,
1072 2678 1076 2683 ›
1100 2645 1194 2699 καὶ
1237 2646 1335 2718 τὴν
1373 2646 1570 2718 ἔχθραν
1609 2647 1764 2717 ἡμῶν
1799 2648 1898 2718 τὴν

315 2739 409 2793 διά
434 2739 531 2808 τῆς
560 2737 829 2809 ἁμαρτίας
859 2737 995 2810 πρὸς
1021 2736 1112 2790 τὸν
1139 2736 1272 2790 Θεὸν
1294 2737 1666 2808 γεγενημένην
1695 2737 1898 2791 ἀναλα-

311 2830 432 2883 ϐὼν
454 2871 470 2894 ,
501 2829 595 2882 καὶ
643 2831 700 2882 ὲν
735 2830 913 2900 ἑαυτῷ
945 2829 1272 2893 ἀποκτείνας
1299 2830 1440 2884 κατὰ
1468 2831 1556 2883 τὸν
1603 2830 1697 2883 τοῦ
1741 2833 1898 2884 Ἀποο

313 2920 507 2974 στόλου
535 2919 692 2989 λόγον
725 2919 914 2992 (ἔχθρα
950 2921 1006 2974 δὲ
1035 2916 1104 2992 ἦν
1144 2921 1178 2991 ἡ
1213 2920 1473 2993 ἁμαρτία)
1497 2961 1512 2982 ,
1541 2921 1637 2974 καὶ
1670 2920 1898 2992 γενόμεο

309 3027 410 3075 νος
443 3012 578 3082 ὅπερ
616 3012 814 3082 ἡμεῖς,
866 3011 934 3065 δι’
979 3011 1174 3065 ἑαυτοῦ
1214 3010 1377 3064 πάλιν
1427 3011 1632 3082 συνῆψε
1668 3011 1744 3083 τῷ
1780 3011 1897 3084 Θεῷ

309 3100 380 3154 τὸ
415 3098 775 3172 ἀνθρώπινον.
812 3100 918 3154 Τὸν
969 3100 1081 3172 γάρ
1141 3101 1323 3155 καινὸν
1377 3102 1582 3154 ἐκεῖνον
1615 3101 1896 3174 ἄνθρωπον

308 3191 410 3243 τὸν
443 3189 583 3244 κατά
609 3189 741 3245 Θεὸν
790 3189 1080 3244 κτισθέντα
1103 3230 1118 3255 ,
1151 3191 1209 3243 ὲν
1241 3184 1286 3259 ᾦ
1331 3189 1619 3260 κατῴκησε
1666 3191 1728 3244 τὸ
1756 3191 1894 3262 πλή-

313 3297 482 3354 ρωμα
531 3279 632 3350 τῆς
680 3279 936 3352 θεότητος
980 3280 1345 3352 σωματικῶς,
1376 3279 1564 3333 τοῦτον
1597 3279 1684 3334 διὰ
1729 3279 1898 3334 καθα-

312 3373 546 3447 ρότητος
575 3375 641 3444 τῇ
677 3371 964 3443 συγγενείᾳ
995 3372 1090 3426 τοῦ
1125 3371 1339 3444 Πατρὸς
1367 3373 1465 3442 τῆς
1497 3371 1711 3442 φύσεως
1740 3371 1898 3441 ἡμῶν

313 3465 780 3538 προσοικειώσας,
833 3466 1014 3518 πᾶσαν
1061 3463 1161 3536 τὴν
1212 3464 1467 3518 κοινωνὸν
1511 3463 1606 3516 τοῦ
1650 3462 1898 3534 σώματος

312 3555 486 3610 αὑτοῦ
533 3556 628 3610 καὶ
681 3556 917 3627 συγγενῆ
973 3555 1135 3625 φύσιν
1175 3554 1314 3627 πρὸς
1360 3538 1459 3625 την
1513 3554 1684 3625 αὐτὴν
1737 3555 1897 3624 χάριν

314 3645 799 3715 συνεφειλκὺσατο.
823 3645 935 3698 Καὶ
955 3645 1112 3700 τοῦτο
1132 3645 1220 3701 διά
1250 3645 1350 3716 τῆς
1385 3645 1641 3712 γυναικὸς
1673 3646 1731 3700 οὐ
1764 3646 1900 3718 πρὸς

312 3737 568 3801 ἐκείνους
603 3738 731 3801 τοὺς
762 3737 1010 3808 μαθητὰς
1045 3737 1234 3809 μόνον,
1273 3737 1410 3791 ἀλλά
1457 3737 1551 3791 καὶ
1587 3738 1720 3809 πρὸς
1763 3737 1900 3791 πάν-

312 3846 416 3895 τας
451 3831 574 3892 τοὺς
606 3828 770 3901 μέχρι
820 3828 912 3882 τοῦ
943 3828 1038 3883 νῦν
1079 3829 1547 3901 μαθητευομένους
1574 3829 1716 3901 λόγῳ
1744 3829 1900 3898 εὐαγο

311 3920 624 3990 ’(ελίζεται·
665 3919 747 3973 ὅτι
805 3919 988 3974 οὐκέτι
1022 3922 1079 3974 ὲν
1107 3920 1510 3992 ἀποκηρύκτοις
1535 3921 1564 3974 6
1591 3920 1898 3991 ἄνθρωπος,

313 4013 445 4068 οῦδὲ
476 4012 576 4083 τῆς
605 4009 702 4067 τοῦ
724 4011 861 4066 Θεοῦ
891 4011 1166 4082 βασιλείας
1203 4011 1507 4081 ἀπόϐλητος
1527 4028 1542 4042 ο
1579 4011 1712 4064 ἀλλά
1741 4011 1901 4065 πάλιν

318 4103 441 4167 υίὸς
464 4143 480 4166 ,
523 4101 687 4155 πάλιν
725 4101 832 4155 ὑπὸ
873 4101 965 4155 τὸν
993 4100 1125 4155 Θεὸν
1165 4101 1533 4172 τεταγμένος,
1577 4103 1642 4172 τῇ
1677 4101 1900 4174 άπαρχῇ

316 4191 425 4262 τῆς
467 4189 878 4263 ἀνθρωπότητος
908 4183 1362 4258 συναγιασθέντος
1399 4191 1493 4244 καὶ
1521 4189 1613 4244 τοῦ
1643 4191 1900 4261 φυράμα-

316 4301 435 4348 τος.
453 4283 608 4339 Ἰὄοὺ
637 4283 766 4351 γὰρ,
788 4283 973 4353 φησὶν,
998 4281 1112 4352 ἐγὼ
1134 4281 1324 4337 καὶτὰ
1347 4281 1553 4336 παιδία
1583 4281 1621 4337 ἄ
1638 4299 1737 4352 μοι
1764 4282 1903 4337 ἐδω-

317 4388 434 4424 κεν
464 4373 497 4422 δ
531 4370 706 4439 Θεόςο
731 4370 853 4424 ὅθεν
903 4370 1060 4438 ὑμεῖς
1110 4370 1542 4442 άπεφοιτήσατε,
1580 4370 1780 4441 σάρκες
1807 4371 1901 4424 καὶ

318 4458 464 4533 αἷμα
500 4461 589 4514 διά
622 4465 721 4532 τὴν
761 4461 1036 4532 ἁμαρτίαν
1068 4462 1380 4532 γενόμενοι,
1413 4445 1530 4516 ἐκεῖ
1561 4463 1720 4517 πάλιν
1755 4463 1899 4533 ὑμᾶς

317 4550 611 4606 ἀναλαϐὼν
665 4561 1016 4629 ἐπανήγαγεν
1085 4554 1114 4606 6
1168 4552 1235 4606 δι’
1286 4555 1434 4624 ἡμᾶς
1489 4555 1900 4628 κεκοινωνηκὼς

323 4642 532 4714 σαρκός
560 4659 621 4695 τε
651 4643 745 4696 καὶ
771 4643 1020 4712 αἵματος.
1057 4643 1167 4696 Καὶ
1199 4641 1342 4698 οὕτω
1368 4645 1556 4714 γέγονε
1580 4647 1674 4700 καὶ
1702 4647 1901 4718 ἡμέτε-

321 4749 421 4806 ρος
449 4731 639 4802 Πατὴρ
660 4732 756 4786 καὶ
776 4731 937 4798 Θεὸς,
961 4727 1023 4788 οῦ
1048 4733 1311 4806 πρότερον
1335 4733 1420 4788 διά
1443 4737 1540 4806 τῆς
1568 4737 1902 4802 άποστσσίας

314 4823 784 4896 ηλλωριὼθημεν.
817 4824 1027 4880 Οὐκοῦν
1077 4826 1486 4894 εὐαγγελίζεται
1542 4829 1641 4900 τὴν
1691 4831 1901 4902 ἀγαθὴν

313 4912 527 4984 ταύτην
552 4915 872 4987 εὐεργεσίαν
892 4916 980 4970 διὰ
1011 4917 1119 4970 τῶν
1147 4919 1454 4989 εἰρημένων
1484 4919 1512 4970 6
1535 4920 1754 4991 Κύριος.
1793 4923 1902 4975 Καὶ

314 5004 438 5058 ἔστι
465 5004 534 5057 τά
567 5007 806 5076 ῥήματα,
837 5007 896 5060 οὐ
923 5007 1019 5079 τῆς
1047 5007 1142 5061 τοῦ
1174 5008 1304 5062 Υἰοῦ
1333 5011 1716 5081 ταπεινότητος
1745 5011 1899 5079 ἔλεγ-

313 5111 448 5165 χος,
486 5093 623 5149 ἀλλὰ
660 5095 758 5165 τῆς
787 5097 1063 5168 ἡμετέρας
1102 5099 1238 5170 πρὸς
1268 5099 1359 5152 τὸν
1397 5100 1529 5154 Θεὸν
1558 5103 1902 5174 καταλλαγῆς

312 5184 633 5252 εὐαγγέλια.
669 5185 745 5239 Τὸ
790 5186 900 5258 γὰρ
939 5188 1064 5258 περὶ
1093 5188 1185 5241 τὸν
1245 5189 1385 5243 κατὰ
1414 5191 1647 5260 Χριστὸν
1692 5192 1899 5264 ἄνθρω-

315 5294 424 5330 πον
453 5278 816 5350 γεγενημένον
840 5317 856 5342 ,
886 5278 1039 5349 κοινὴ
1069 5279 1166 5350 τῆς
1193 5280 1426 5344 πίστεως
1463 5280 1571 5334 τῶν
1598 5283 1900 5357 ἀνθρώπων

314 5368 481 5440 χάρις
509 5369 677 5424 ἐστίν.
701 5371 911 5442 Ὥσπερ
939 5369 1048 5442 γὰρ
1077 5371 1138 5424 τὸ
1173 5374 1482 5446 κατωφερὲς
1545 5373 1641 5428 καὶ
1686 5375 1765 5440 εἰς
1796 5377 1899 5448 γῆν

1997 1841 2082 1877 tua
2116 1841 2264 1894 pars,
2318 1827 2362 1880 si
2396 1843 2517 1880 cum
2556 1829 2808 1882 universo
2853 1828 3188 1894 conferatur,
3238 1840 3428 1884 natura
3466 1832 3590 1886 hu-'

1996 1930 2178 1980 manu,
2207 1933 2328 1985 qua!
2359 1919 2472 1972 sola
2510 1920 2808 1972 secundum
2842 1920 3113 1988 parabolae
3136 1921 3366 1990 aenigma
3395 1923 3565 1975 ratio-

1998 2007 2139 2061 nalis
2177 2010 2438 2062 ceuttn-iae
2479 2017 2702 2078 propter
2750 2009 2938 2064 vitium
2973 2025 3002 2063 a
3049 2025 3212 2081 grege
3243 2021 3561 2067 secesserat.

1996 2096 2261 2163 Quoniam
2296 2100 2460 2168 igitur
2488 2101 2712 2154 omnino
2745 2100 2858 2155 fieri
2891 2115 2996 2155 non
3034 2112 3267 2173 poterat,
3309 2110 3368 2157 ut
3397 2120 3425 2157 a
3457 2101 3569 2159 Deo

1997 2189 2298 2244 abalienata
2330 2201 2520 2246 nostra
2565 2193 2692 2254 vita,
2743 2207 2928 2262 per-se
2961 2207 3153 2248 rursus
3195 2193 3260 2248 ad
3292 2195 3568 2249 excelsum

1995 2292 2051 2337 et
2076 2284 2353 2338 cwlestem
2401 2283 2577 2338 locum
2623 2292 3026 2351 assumeretur,
3055 2284 3265 2341 idcirco
3293 2288 3571 2356 quemad—

1999 2375 2219 2428 modum
2246 2375 2321 2428 ait
2350 2373 2677 2444 Apostolus,
2707 2375 2810 2441 Qui
2842 2392 2943 2428 non
2978 2377 3118 2430 novit
3147 2385 3440 2445 peccatum,
3473 2393 3570 2445 pro

2000 2466 2156 2520 nobis
2183 2476 2455 2534 peccatum
2486 2467 2542 2535 ﬁl
2578 2467 2651 2532 '°,
2684 2476 2738 2521 et
2770 2483 2870 2521 nos
2896 2481 2925 2521 a
2952 2468 3333 2522 maledictioue
3356 2469 3568 2533 liberat,

1999 2563 2244 2610 nostram
2291 2555 2728 2610 maledictionem
2782 2557 2884 2610 sibi
2938 2559 3213 2627 propriam
3268 2558 3566 2613 faciens":

1997 2657 2051 2702 ct
2084 2649 2425 2704 inimicitiam
2456 2657 2698 2703 nostram
2727 2665 2822 2720 per
2852 2659 3133 2720 peccatum
3163 2665 3286 2704 eum
3325 2649 3433 2705 Deo
3469 2652 3572 2705 ini-

2000 2746 2108 2791 tam
2137 2754 2448 2801 assumens,
2491 2747 2544 2793 et
2584 2740 2636 2792 in
2669 2741 2966 2810 semetipso
3007 2740 3342 2795 interﬁciens
3373 2757 3572 2796 secun-

1999 2829 2128 2884 dum
2180 2830 2426 2900 Apostoli
2480 2833 2852 2885 sermonem“I
2896 2831 3210 2902 (inimicitia
3257 2833 3399 2886 enim
3454 2840 3573 2887 erat

1998 2919 2335 2990 peccatum);
2358 2929 2411 2974 et
2457 2919 2634 2974 factus
2675 2918 2813 2974 idem
2853 2920 2994 2990 quod
3032 2935 3152 2985 nos,
3204 2935 3300 2990 per
3330 2921 3569 2990 seipsuut

2001 3026 2194 3067 rursus
2222 3010 2330 3066 Deo
2359 3027 2527 3082 genus
2553 3011 2848 3065 humanum
2869 3012 3175 3080 conjunxit.
3195 3010 3402 3066 Novum
3425 3011 3571 3066 enim

1999 3101 2150 3156 illum
2177 3101 2449 3156 hominem
2477 3101 2567 3170 qui
2600 3101 2899 3156 secundum
2931 3100 3098 3160 Deum
3127 3111 3338 3158 creatus
3370 3111 3474 3163 est.
3504 3102 3569 3169 ,in

1997 3207 2106 3263 quo
2149 3192 2327 3247 omnis
2362 3190 2643 3262 plenitudo
2687 3192 2990 3247 divinitatis
3025 3193 3386 3263 corporaliter
3415 3192 3572 3248 habi-

2008 3290 2091 3337 tat
2116 3281 2181 3348 ¹⁸,
2221 3281 2368 3335 hunc
2392 3297 2486 3349 per
2513 3281 2800 3351 puritatem
2821 3283 3132 3353 eognationi
3166 3281 3341 3338 Patris
3368 3293 3575 3337 natura:

1999 3382 2199 3429 nostra:
2232 3373 2566 3443 adiungens:
2613 3387 2828 3427 omnem
2859 3376 3076 3444 corpori
3124 3389 3227 3429 suo
3270 3374 3577 3429 communi-

1997 3472 2212 3520 cantem
2249 3470 2302 3519 et
2336 3472 2624 3535 cognatam
2657 3471 2907 3518 naturam
2943 3463 3010 3519 ad
3049 3465 3294 3519 eamdem
3342 3465 3571 3535 gratiam

1999 3573 2106 3612 una
2135 3557 2296 3612 etiam
2332 3557 2516 3612 traxit.
2562 3559 2738 3626 Atque
2767 3557 2869 3610 hoc
2917 3571 3013 3627 per
3046 3557 3325 3611 mulierem
3364 3572 3470 3609 non
3502 3555 3568 3608 ad

1999 3649 2124 3704 illos
2152 3647 2454 3716 discipulos
2485 3648 2684 3714 solum,
2707 3647 2802 3703 sed
2833 3645 2901 3701 ad
2941 3661 3130 3704 omnes
3169 3647 3236 3700 ad
3265 3647 3367 3702 hoc
3397 3662 3574 3717 usque

1999 3749 2216 3808 tempus
2235 3737 2326 3806 qui
2356 3737 2791 3799 instituerentur,
2821 3737 3260 3808 evangelizatur:
3295 3737 3438 3808 quod
3466 3754 3573 3792 non

2001 3828 2233 3898 amplius
2281 3828 2424 3882 inter
2455 3827 2737 3883 abdicatos
2778 3829 2944 3883 homo
2978 3837 3082 3893 est,
3121 3843 3298 3898 neque
3345 3844 3375 3883 a
3409 3844 3576 3898 rcguo

2001 3918 2096 3974 Dei
2124 3919 2427 3990 depulsus;
2473 3918 2570 3973 sed
2599 3920 2797 3974 iterum
2853 3917 3023 3980 filius,
3061 3933 3252 3972 rursus
3294 3916 3400 3971 Dvo
3438 3919 3573 3972 sub-

1995 4012 2199 4081 jectus,
2233 4027 2328 4082 per
2367 4011 2634 4080 primitias
2662 4009 3012 4065 humanitatis
3048 4009 3385 4064 sanctilicato
3411 4009 3572 4062 etiam

2003 4106 2288 4161 fermento.
2325 4103 2456 4163 Ecce
2482 4104 2644 4169 enim,
2677 4103 2874 4173 inquit,
2910 4118 3002 4172 ego
3029 4110 3078 4155 et
3110 4101 3265 4169 ﬁlioli
3292 4118 3420 4170 quos
3447 4101 3574 4154 mihi

2001 4195 2142 4250 dedit
2175 4194 2312 4249 Deus
2337 4195 2407 4247 ’δε
2436 4194 2578 4247 unde
2614 4208 2711 4246 vos
2736 4191 3098 4253 discessistis,
3137 4205 3334 4244 carnes
3371 4199 3425 4243 ct
3456 4206 3579 4244 san-

2002 4286 2124 4358 guis
2157 4301 2251 4356 pcr
2271 4292 2552 4355 peccatum
2581 4283 2732 4348 facti,
2764 4284 2893 4338 illuc
2919 4298 3113 4337 rursus
3140 4297 3237 4336 vos
3266 4291 3577 4351 aSStnuptos

1933 4401 1974 4456 ι)
2003 4376 2254 4438 reduxit,
2290 4374 2382 4444 qui
2419 4384 2640 4444 propter
2665 4389 2764 4429 nos
2794 4375 2980 4428 carnis
3009 4382 3063 4428 ct
3090 4373 3373 4444 sanguinis
3404 4373 3577 4441 parti-

2004 4482 2136 4536 ccps
2163 4482 2286 4521 esse
2319 4465 2511 4520 voluit.
2541 4465 2720 4535 Atque
2756 4467 2836 4521 sic
2877 4465 3053 4520 iac-tus
3097 4475 3179 4518 est
3217 4465 3380 4518 etiam
3415 4462 3577 4517 Pater

2005 4568 2214 4622 noster,
2249 4567 2303 4612 et
2331 4557 2471 4612 Deus
2510 4572 2539 4610 a
2570 4573 2679 4628 quo
2713 4558 2864 4629 prius
2910 4573 3003 4627 per
3035 4555 3392 4610 defectionem
3444 4554 3577 4607 alie-

2006 4649 2117 4704 nati
2166 4665 2406 4706 eramus.
2443 4649 2582 4720 Ergo
2622 4652 2823 4703 bonum
2874 4648 2976 4701 hoc
3006 4647 3326 4702 beneﬁcium
3377 4660 3474 4714 per
3511 4659 3574 4697 ea

2005 4757 2126 4812 qua:
2155 4742 2301 4797 dicta
2328 4750 2457 4797 sunt
2503 4741 2838 4812 evangelizat
2861 4739 3142 4793 Dominus.
3174 4737 3235 4790 Et
3267 4747 3395 4792 sunt
3416 4737 3574 4790 verba

2008 4833 2143 4895 luec.
2201 4849 2308 4888 non
2341 4831 2462 4886 Filii
2503 4832 2727 4886 vilitatis
2769 4841 3172 4901 argumentum,
3225 4829 3318 4882 sed
3376 4839 3576 4881 nostra!

2003 4939 2127 4978 cum
2161 4921 2270 4978 Deo
2299 4922 2762 4977 reconciliationis
2805 4921 3103 4991 evangvlia.
3139 4919 3293 4986 Quod
3329 4917 3474 4972 enim
3521 4916 3575 4968 in

2005 5016 2344 5070 humanitate
2388 5030 2417 5068 a
2448 5016 2666 5069 Christo
2707 5024 2986 5083 assumpta
3039 5014 3238 5066 factum
3282 5020 3388 5072 est,
3420 5025 3576 5063 com-

2005 5106 2187 5162 munis
2227 5107 2350 5161 iidei
2391 5105 2672 5160 hominum
2723 5107 2896 5176 gratia
2943 5113 3050 5160 est.
3105 5101 3574 5168 Qucmadmmhnn

2002 5199 2145 5251 cnim
2180 5212 2303 5251 cum
2345 5197 2474 5252 illud
2511 5197 2656 5268 quod
2713 5205 2905 5266 suapte
2939 5204 3132 5250 natura
3163 5194 3417 5247 d:-0rsutn
3452 5199 3574 5246 ten-

2004 5289 2083 5342 dit
2127 5296 2182 5342 et
2220 5287 2286 5342 ad
2323 5297 2524 5342 terram
2573 5289 2812 5360 pondere
2846 5303 2947 5343 suo
2989 5286 3163 5356 vergit
3206 5301 3428 5355 corpus,
3481 5298 3577 5352 per

1997 5390 2177 5432 aerem
2200 5377 2266 5432 ad
2293 5379 2464 5434 cmlos
2489 5379 2615 5434 ferri
2648 5380 2946 5443 intuemur,
2973 5376 3247 5432 credimus
3272 5373 3573 5431 secundum

389 5631 597 5712 ﬁlium.
625 5648 641 5686 ι
669 5630 806 5712 ,_2_l.
844 5632 864 5665 ’
893 5630 1094 5690 Jerem.
1131 5646 1261 5702 xm,
1305 5632 1388 5690 ll.
1454 5637 1495 5668 '°
1534 5633 1577 5692 ﬂ
1613 5635 1742 5694 Cor.
1782 5653 1836 5704 ν,
1876 5637 1897 5692 ﬁ

2023 5640 2061 5674 “
2098 5636 2220 5696 Gal.
2255 5654 2336 5708 ιιι,
2375 5639 2458 5696 15.
2539 5640 2578 5672 ¹²
2619 5637 2817 5712 Εριιςε.
2851 5653 2910 5704 ιι,
2954 5637 3035 5705 l6,
3113 5637 3153 5670 "
3187 5635 3397 5696 Coloss.
3428 5651 3489 5710 ιι,
3519 5635 3571 5690 9.

321 5703 368 5735 ”
399 5701 507 5760 isa.
545 5717 667 5774 rm,
701 5703 787 5760 18.
