4002 6218
477 287 576 344 ειη

1677 272 1735 328 8.
1777 272 2103 330 CREGORII
2143 272 2436 329 NYSSENI

3625 265 3730 323 892

475 400 720 472 Apostoli
742 411 1047 455 sermonem
1063 436 1078 460 ,
1094 410 1182 449 nos
1201 404 1409 464 raptum
1438 392 1503 446 iri
1526 393 1581 446 in
1610 389 1830 446 nubibus
1850 390 2020 444 obvim

2122 390 2345 461 ,Bplliov
2393 392 2487 446 τοῦ
2540 396 2818 463 σώματος,
2870 390 3107 460 διαέριον
3156 388 3244 443 ἐπὶ
3290 388 3415 450 τοὺς
3469 383 3729 453 οὐρανοί-ς

477 489 689 546 Christo
718 490 773 543 in
805 504 931 541 aera
957 485 1001 517 "
1025 500 1037 536 :
1067 485 1149 543 sic
1178 501 1302 542 cum
1333 484 1642 539 audivimus
1665 484 1809 554 quod
1836 492 2045 538 nostra'

476 598 599 636 rum
653 579 1019 651 primitiarum
1068 575 1235 633 Pater
1272 587 1327 633 et
1370 576 1514 632 Deus
1566 575 1741 631 factus
1793 583 1899 641 est,
1958 576 2050 646 qui

473 688 638 727 verus
665 680 752 727 est
803 670 945 727 Deus
986 679 1042 728 et
1073 668 1257 734 Pater,
1313 685 1422 725 nou
1452 668 1688 739 amplius
1720 666 2050 738 amhigimus

472 764 723 817 eumdem
759 770 814 817 et
841 769 1090 817 nostrum
1116 758 1333 815 Patrem
1369 765 1424 813 et
1468 755 1635 812 Deum
1670 754 1873 810 factum
1902 770 2044 822 esse,

470 854 567 924 qui
624 854 918 910 didicimus
970 851 1116 922 quod
1170 849 1417 906 eamdem
1464 850 1607 903 viam
1654 848 2043 920 ingrediemur,

471 962 634 1018 quam
690 956 879 1002 noster
931 962 1237 1016 przeeursor
1280 958 1379 1015 pro
1411 942 1569 998 nobis
1619 941 1906 1011 ingressus
1960 948 2047 996 est

400 1040 415 1065 ’⁷
469 1039 742 1095 Christus.
779 1038 933 1106 Quod
958 1047 1140 1095 autem
1171 1054 1266 1108 per
1300 1036 1583 1091 nmlierem
1618 1033 1886 1104 ejusmodi
1922 1048 2047 1104 gra-

468 1130 545 1183 tia
585 1129 945 1200 signiﬁcetur,
1011 1130 1113 1183 hoc
1165 1128 1343 1197 ipsum
1388 1126 1551 1182 etiam
1604 1139 1907 1180 consonum
1960 1131 2044 1178 est

466 1220 678 1275 notioni
742 1220 988 1275 redditae.
1049 1218 1342 1285 Quoniam,
1396 1216 1540 1272 sicut
1591 1215 1669 1271 ait
1723 1215 2040 1284 Apostolus,

466 1312 659 1365 mulier
686 1311 902 1365 seducta
931 1311 983 1365 in
1004 1308 1439 1379 prwvaricatione
1471 1307 1572 1378 fuit
1597 1308 1671 1375 ἐς
1705 1315 1761 1363 ct
1789 1306 2044 1361 defectio-

463 1400 553 1456 nis
579 1417 607 1454 a
638 1401 747 1456 Deo
775 1417 895 1472 qua:
925 1416 1019 1471 per
1046 1400 1469 1456 inobcdientiam
1502 1398 1642 1453 facta
1670 1408 1755 1454 est
1784 1397 1893 1451 dux
1917 1396 2037 1450 fuit:

462 1492 670 1547 idcirco
711 1493 1131 1547 resurrectionis
1184 1492 1358 1561 prima
1389 1490 1446 1544 lit
1490 1490 1665 1554 testis,
1718 1497 1778 1544 ut
1824 1489 2039 1542 ruinam

462 1599 585 1654 qua:
612 1599 678 1638 ex
710 1584 1159 1656 prevaricatione
1186 1594 1375 1638 secuta
1400 1590 1505 1648 est,
1546 1597 1639 1650 per
1669 1579 1829 1636 (idem
1857 1595 2041 1635 resur-

2157 483 2356 546 ίδόντες
2387 482 2685 554 φερόμενον
2711 523 2727 548 ,
2777 482 3102 552 πιστεύομεν
3138 479 3277 535 κατὰ
3307 479 3401 533 τὸν
3427 476 3525 530 τοῦ
3567 476 3729 528 Ἀπο-

2153 571 2338 625 στόλου
2381 571 2538 640 λόγον
2580 572 2675 627 καὶ
2720 572 2886 644 ἡμεῖς
2941 570 3397 642 ἀρπαγήσεσθαι
3446 566 3519 620 ἐν
3544 563 3729 637 ,νεεςὲ-

2150 666 2290 730 λαις
2316 665 2405 727 εἰς
2450 661 2798 730 ἀπάντησιν
2828 661 2934 716 τοῦ
2962 663 3180 731 Kvplov
3222 663 3309 727 εἰς
3337 659 3503 726 ἀέρα.
3535 655 3724 716 Οὕτως

2151 755 2449 827 ἀκηκοότες
2474 795 2490 822 ,
2521 754 2604 809 ὅτι
2646 754 2744 826 τῆς
2786 754 3059 826 ἡμετέρας
3091 752 3346 824 ἀπαρχῂ
3384 748 3575 819 Πατὴρ
3626 745 3724 799 καὶ

2147 847 2283 911 Θεὸς
2338 846 2563 917 γέγονεν
2612 848 2641 901 ό
2678 846 2928 919 ἀληθινὸς
2969 845 3102 910 θεὸς
3148 843 3242 899 καί
3279 841 3507 914 Πατὴρ,
3535 840 3722 893 οὐκέτι

2144 939 2558 1010 ἀμφιϐάλλομεν
2583 980 2598 1004 ,
2636 936 2729 992 τὸν
2756 938 2918 992 αὑτὸν
2944 939 3039 992 καὶ
3082 936 3347 1008 ἡμέτερον
3375 936 3597 1006 Πατέρα
3625 934 3722 987 καὶ

2143 1030 2277 1084 Θεὸν
2314 1030 2564 1099 γενέσθαι
2588 1069 2604 1095 ,
2664 1029 2927 1101 μαθόντες
2979 1029 3062 1082 ὅτι
3102 1030 3183 1092 εἰς
3234 1027 3332 1098 τὴν
3386 1026 3558 1097 αὐτὴν
3606 1027 3720 1078 εἰσ-

2142 1122 2475 1194 ελευσόμεθα
2496 1161 2511 1186 ,
2539 1123 2672 1176 ὅπου
2707 1121 3013 1193 πρόδρομος
3043 1120 3185 1192 ὑπὲρ
3210 1118 3366 1191 ἡμῶν
3407 1118 3663 1187 εἰσῆλθεν
3688 1118 3720 1169 ό

2141 1213 2394 1285 Χριστός.
2424 1212 2498 1266 Τὸ
2529 1213 2587 1267 δὲ
2633 1211 2723 1266 διά
2767 1211 3026 1283 γυναικὸς
3069 1211 3167 1283 τὴν
3197 1211 3356 1283 χάριν
3390 1209 3719 1282 μηνύεσθαι,

2141 1309 2235 1362 καὶ
2280 1307 2412 1361 αὐτὸ
2458 1305 2746 1377 σύμφωνόν
2800 1307 2916 1360 ἐστι
2962 1306 3040 1378 τῷ
3086 1306 3398 1361 ἀποδοθέντι
3457 1307 3718 1377 νοήματι.

2139 1398 2359 1469 Ἐπειδὴ
2392 1397 2533 1469 γάρ,
2571 1396 2753 1458 καθὼς
2784 1414 2948 1468 φησιν
2988 1399 3017 1451 ό
3057 1398 3374 1461 Ἀπόστολος
3398 1438 3412 1459 ,
3457 1397 3519 1451 Ἠ
3557 1396 3718 1467 γυνὴ

2136 1489 2577 1558 ἐξαπατηθεῖσα
2609 1490 2678 1544 ἐν
2704 1488 3035 1556 παραϐάσει
3062 1490 3290 1561 γέγονε,
3319 1490 3411 1543 καὶ
3442 1490 3543 1558 τῆς
3577 1491 3719 1543 ἀποι-

2138 1583 2379 1646 στάσεως
2404 1583 2504 1653 τῆς
2526 1582 2634 1636 ἀπὸ
2663 1581 2756 1637 τοῦ
2800 1582 2936 1636 Θεοῦ
2978 1582 3067 1638 διὰ
3096 1584 3194 1655 τῆς
3224 1583 3507 1657 παρακοῆς
3535 1599 3716 1652 προη-

458 1676 721 1731 reetionis
752 1675 1007 1747 erigeret.
1040 1674 1105 1729 Et
1134 1674 1592 1745 quemadmodum
1625 1687 1938 1729 sermonum
1967 1670 2020 1724 al

2128 1676 2344 1745 γήσατο
2366 1689 2380 1703 ·
2422 1673 2510 1729 διά
2553 1672 2713 1729 τοῦτο
2757 1673 2860 1745 τῆς
2889 1675 3237 1740 ἀναστάσεως
3274 1673 3467 1747 πρώτη
3500 1674 3725 1743 γίνεται

457 1765 616 1821 initio
662 1766 934 1838 serpentis
981 1765 1052 1821 ad
1095 1766 1270 1821 virum
1310 1766 1563 1820 ministra
1612 1774 1667 1819 et
1718 1762 2020 1830 eonsiliaria

2138 1766 2346 1838 μάρτυς
2368 1802 2384 1829 .
2413 1764 2500 1818 ἴνα
2545 1763 2644 1836 τὴν
2687 1765 2752 1817 ὲκ
2797 1764 2897 1835 τῆς
2929 1764 3291 1837 παραόάσεως
3324 1746 3717 1835 καταστροφὴν

457 1854 602 1909 facta
628 1855 693 1918 ".
727 1836 1057 1927 principium
1091 1854 1215 1908 mali
1250 1861 1304 1908 et
1342 1836 1621 1924 sequelam
1653 1853 1778 1908 vitae
1811 1851 2028 1907 intulit:

456 1947 539 2001 sic
571 1946 691 2016 ejus
717 1947 809 2017 qui
834 1946 994 2000 morti
1028 1946 1177 2002 dedit
1208 1945 1541 2002 defectorem
1571 1945 1888 2013 draconem,
1914 1960 2032 2000 ser-

456 2054 649 2094 mones
681 2036 750 2091 ad
793 2036 1098 2108 discipulos
1132 2037 1434 2108 perferens.
1468 2036 1783 2092 hominibus
1832 2036 1939 2091 dux
1975 2044 2030 2092 et

452 2130 709 2201 princeps
745 2128 869 2185 ﬁdei
920 2128 1246 2197 eﬂiceretur,
1297 2145 1393 2201 per
1436 2146 1599 2200 quam
1633 2130 1826 2184 merito
1855 2126 2027 2200 prima

452 2221 646 2277 mortis
671 2221 890 2276 occasio
914 2220 1255 2276 dissolvitur.
1293 2218 1400 2275 Sed
1449 2220 1741 2276 verisimile
1766 2230 1849 2275 est
1881 2235 1911 2273 a
1939 2217 2027 2273 di-

451 2312 831 2380 ligentioribus
860 2311 1132 2367 utiliorem
1163 2313 1403 2381 aliquam
1438 2310 1856 2382 explicationem
1900 2327 2028 2381 pro-

450 2403 753 2473 positorum
801 2417 962 2472 posse
1004 2402 1257 2456 inveniri.
1290 2402 1444 2469 Quod
1490 2402 1535 2457 si
1571 2402 1736 2457 etiam
1766 2400 1901 2455 nihil
1939 2402 2024 2455 in-

448 2491 748 2553 veniretur,
801 2488 950 2542 illam
988 2497 1320 2560 tamenquae
1346 2488 1414 2543 ab
1446 2489 1776 2544 adversariis
1809 2489 2025 2559 profer-

447 2586 556 2642 tur,
593 2593 820 2648 prorsus
844 2578 1078 2636 otiosam
1101 2595 1223 2637 esse
1242 2590 1296 2636 et
1322 2580 1561 2643 inanem,
1594 2580 1639 2636 si
1671 2581 1736 2637 ad
1760 2597 1879 2635 eam
1903 2597 2023 2652 quae

445 2670 662 2725 inventa
706 2678 791 2726 est
827 2670 1165 2735 conferatur,
1208 2673 1506 2743 quemlibet
1558 2674 1644 2743 pie
1695 2674 2020 2728 sentientem

442 2761 866 2831 astipulaturum
901 2778 1025 2820 esse
1070 2763 1330 2819 arbitror.
1376 2763 1471 2818 Illa
1511 2766 1729 2835 quidem
1780 2766 1848 2822 ad
1884 2765 2019 2821 Uni-

439 2849 606 2920 geniti
645 2849 833 2920 gloriae
882 2850 1311 2907 destructionem
1345 2854 1577 2907 conﬁcta
1614 2862 1720 2917 est,
1774 2864 1829 2909 et
1880 2855 2019 2910 nihil

440 2933 705 3010 amplius:
739 2940 853 2995 haec
880 2956 1007 2996 vero
1032 2945 1253 3011 (nostra
1285 2942 1526 3013 scilicet)
1560 2944 1880 3000 meonomia:
1903 2945 2019 3000 sive

436 3030 864 3102 dispensationis
883 3034 1183 3088 secundum
1202 3033 1478 3089 hominem
1501 3049 1728 3106 scopum
1750 3039 2015 3103 continuet,

440 3113 880 3174 Demonstratqu
909 3129 995 3175 est
1024 3121 1171 3174 enim
1198 3120 1342 3191 quod
1370 3138 1476 3177 non
1503 3123 1593 3177 ille
1617 3125 1711 3195 qui
1740 3126 1883 3197 tangi
1907 3142 2018 3181 non

437 3217 638 3277 potest,
677 3225 849 3279 neque
883 3213 1263 3275 transmutari,
1298 3229 1475 3284 neque
1500 3215 1709 3282 videri;
1740 3219 1834 3272 sed
1871 3218 2015 3287 quod

434 3299 587 3354 cerui
611 3306 667 3355 et
695 3302 902 3356 moveri
926 3310 979 3357 et
1011 3305 1215 3374 palpari
1252 3315 1451 3376 potest,
1482 3308 1625 3377 quod
1659 3309 1877 3379 quidem
1917 3313 2018 3365 hu-

437 3405 614 3446 manae
648 3399 859 3446 natura:
890 3394 1173 3465 proprium
1204 3406 1307 3458 est,
1356 3395 1541 3452 Maria:
1567 3401 1881 3455 mandatum
1916 3401 2014 3456 da-

436 3482 528 3537 bat
554 3482 622 3538 ad
653 3480 851 3539 fratres
879 3501 1184 3541 sermonem
1214 3488 1446 3544 deferre.

504 3742 769 3803 Praeterea
815 3748 918 3832 hoc
952 3751 1114 3805 «tiam
1151 3752 1377 3826 insuper
1414 3757 1808 3827 examinemus,
1846 3779 2007 3832 quam

432 3836 803 3894 defensionem
844 3828 972 3895 facit
1011 3858 1110 3912 pro
1156 3844 1223 3899 iis
1278 3845 1328 3898 in
1366 3847 1563 3916 quibus
1602 3865 1632 3902 a
1676 3828 1876 3923 magno
1908 3853 2011 3906 Ba-

430 3929 555 3984 silio
580 3931 981 4000 reprenhensus
1014 3941 1118 3997 est,
1149 3936 1496 3990 tenebrarum
1539 3940 1843 4007 portionem
1884 3942 2008 3994 uni-

428 4020 612 4091 genito
638 4019 746 4076 ἰ)ςο
785 4022 1095 4093 assignans.
1121 4023 1247 4078 dum
1294 4024 1427 4078 dicit
1460 4041 1473 4077 :
1522 4026 1793 4091 Quantum
1837 4029 2005 4083 distat

426 4110 667 4179 gettitum
711 4113 780 4166 ab
819 4112 1081 4186 ingenito,
1124 4126 1332 4173 tantum
1368 4119 1600 4175 dissidet
1647 4122 1827 4177 lumen
1867 4140 1898 4177 ιι
1923 4126 2003 4179 ln-

425 4202 591 4259 mine.
626 4204 761 4258 Cum
797 4208 939 4260 enim
973 4208 1062 4262 ille
1090 4208 1520 4266 demonstrasset
1565 4230 1672 4268 non
1703 4219 1999 4271 secundum

426 4293 802 4349 remissionem
859 4298 1093 4368 aliquam
1147 4308 1202 4356 et
1258 4302 1610 4359 intentionem
1657 4307 1822 4377 geniti
1874 4323 1997 4361 eum

2132 1854 2222 1909 διὰ
2254 1855 2351 1926 τῆς
2378 1853 2518 1907 κατὰ
2556 1853 2655 1926 τὴν
2682 1852 2977 1908 ἀνάστασιν
3005 1853 3242 1918 πίστεως
3265 1852 3569 1926 ἀνορθώσῃ.
3598 1855 3719 1907 Καὶ

2130 1944 2317 2017 ὥσπερ
2348 1945 2457 2000 τῶν
2489 1944 2583 1999 τοῦ
2616 1945 2792 2013 ὄφεως
2821 1944 2996 2014 λόγων
3036 1944 3097 1999 τδ
3129 1944 3408 2017 καταρχὰς
3436 1944 3722 2016 γενομένη

2130 2038 2267 2109 πρὸς
2316 2037 2406 2091 τὸν
2431 2037 2599 2109 ἀνδρα
2646 2036 2893 2101 διάκονός
2921 2054 2980 2090 τε
3012 2038 3108 2090 καὶ
3151 2036 3451 2107 σύμϐουλος
3472 2075 3487 2097 ,
3531 2033 3721 2106 ἀρχὴν

2127 2122 2222 2177 τοῦ
2258 2122 2428 2180 κακοῦ
2454 2124 2532 2196 τῷ
2568 2124 2668 2196 βίῳ
2702 2125 2797 2179 καὶ
2828 2124 3148 2180 ἀκολουθίαν
3182 2124 3495 2195 εἰσήνεγκεν
3516 2138 3531 2152 ⁸
3561 2123 3722 2179 οὕτω

2124 2213 2220 2269 τοῦ
2252 2214 2656 2281 θανατώσαντος
2695 2216 2786 2270 τὸν
2813 2216 3122 2287 ἀποστάτην
3157 2216 3424 2288 δράκοντα
3458 2216 3583 2280 τοὺς
3616 2214 3712 2269 λό-

2125 2324 2256 2377 γους
2297 2310 2409 2373 τοῖς
2440 2308 2709 2379 μαθηταῖς
2736 2308 3098 2380 διακομίσασα
3122 2348 3139 2375 ,
3173 2310 3417 2382 ἀρχηγὸς
3447 2311 3563 2373 τοῖς
3608 2309 3711 2364 ἀν·

2124 2394 2363 2469 θρώποις
2400 2397 2500 2469 τῆς
2542 2397 2778 2463 πίστεως
2806 2397 3048 2470 γένηται,
3081 2399 3150 2452 δι’
3179 2394 3250 2473 ἧς
3294 2398 3519 2462 εἰκότως
3564 2400 3712 2453 ἀνα.-

2122 2485 2306 2542 λύεται
2347 2489 2381 2561 ἡ
2420 2486 2610 2563 πρώτη
2641 2488 2736 2543 τοῦ
2766 2488 2995 2545 θανάτου
3036 2490 3330 2561 ἀπόφασις.
3374 2490 3518 2546 Ἀλλ’
3541 2491 3709 2562 εὕρε-

2122 2576 2283 2646 θῆναι
2305 2578 2403 2649 μὲν
2427 2578 2572 2643 εἰκὸς
2609 2578 2760 2652 παρά
2793 2577 2902 2634 τῶν
2943 2580 3381 2653 ἐπιμελεστέρων
3409 2580 3709 2651 ὠφελιμω-

2121 2667 2285 2741 τέραν
2330 2669 2454 2724 τινά
2503 2669 2613 2725 τῶν
2662 2669 3038 2743 προκειμένων
3069 2671 3366 2743 ἐξήγησιν·
3411 2672 3459 2725 εἰ
3512 2671 3568 2724 δὲ
3606 2670 3711 2725 καὶ

2123 2760 2288 2831 μηδὲν
2319 2760 2623 2838 εὑρίσκοιτο
2643 2801 2659 2827 ,
2692 2762 2909 2835 ἐκείνην
2942 2762 3154 2827 πάντως
3185 2763 3375 2833 ἀργεῖν
3404 2762 3502 2832 τὴν
3542 2762 3707 2833 παρά

2118 2851 2229 2905 τῶν
2264 2851 2472 2925 ἐχθρῶν
2499 2854 2945 2925 προφερομένην,
2981 2853 3263 2926 συγκρίσει
3311 2853 3413 2924 τῆς
3453 2854 3709 2925 εὖρεθεί-

2120 2961 2259 3015 σης,
2303 2944 2480 2999 πάντα
2528 2941 2680 3016 οἶμαι
2710 2944 2802 3001 τὸν
2842 2945 3168 3000 εὐσεόοὖντα
3202 2944 3578 3016 συνθήσεσθαι.
3634 2945 3704 2998 Ἣ

2124 3035 2223 3106 μὲν
2254 3032 2363 3106 γάρ
2406 3033 2498 3088 ἐπὶ
2529 3034 2842 3106 καθαιρέσει
2878 3035 2977 3106 τῆς
3029 3033 3123 3089 τοῦ
3161 3032 3495 3105 Μονογενοῦς
3535 3034 3705 3105 δόξης

2124 3126 2540 3196 συμπέπλασται
2558 3167 2575 3194 ,
2606 3127 2700 3181 καὶ
2744 3126 2903 3183 πλέον
2934 3126 3087 3182 οὐδέν
3110 3141 3125 3159 ’
3158 3126 3299 3197 αὕτη
3324 3126 3380 3180 δὲ
3420 3126 3518 3197 τῆς
3549 3125 3702 3180 κατά

2117 3216 2210 3269 τὸν
2265 3216 2551 3289 ἄνθρωπον
2612 3216 2925 3289 οἰκονομίας
2985 3217 3078 3272 τὸν
3148 3217 3351 3271 σκοπὸν
3421 3218 3698 3286 περιέχει.

2130 3305 2372 3378 Ἐδείχθη
2419 3306 2528 3379 γάρ
2558 3306 2641 3360 ὅτι
2668 3305 2766 3378 οὐχ
2798 3308 2827 3360 ό
2854 3307 3070 3378 ἀναφὴς
3098 3323 3159 3360 τε
3201 3307 3294 3361 καὶ
3332 3304 3697 3377 ἀμετάθετος,

2116 3395 2211 3449 καὶ
2241 3396 2497 3469 ἀόρατος,
2523 3396 2659 3452 ἀλλά
2682 3395 2743 3450 τὸ
2770 3397 3098 3469 βλεπόμενόν
3127 3413 3188 3450 τε
3231 3397 3327 3451 καὶ
3373 3394 3698 3464 κινούμενον

2114 3487 2209 3540 καὶ
2257 3487 2684 3559 ψηλαφώμενονο
2728 3489 2865 3563 ὅπερ
2917 3488 3020 3561 τῆς
3078 3487 3419 3559 ἀνθρωπίνης
3470 3485 3696 3555 φύσεως

2116 3578 2242 3634 ἴδιόν
2269 3580 2414 3644 ἐστι,
2453 3584 2520 3652 τῇ
2553 3580 2741 3654 Μαρίᾳ
2773 3580 2872 3652 τὴν
2916 3579 3132 3651 ἐντολὴν
3173 3578 3341 3633 ἐδίδου
3382 3578 3520 3650 πρὸς
3560 3580 3693 3641 τοὺς

2111 3669 2370 3740 ἀδελφοὺς
2397 3669 2711 3742 διακονῆσαι
2746 3671 2837 3725 τὸν
2867 3670 3047 3740 λόγον.

2184 3760 2304 3813 Ἔτι
2333 3761 2427 3814 καὶ
2453 3759 2612 3813 τθῦτο
2667 3760 3152 3832 προσεξετάσωμεν
3176 3774 3190 3788 '
3225 3759 3343 3813 οἷαν
3390 3758 3687 3827 πεποίηται

2109 3850 2206 3922 τὴν
2248 3851 2540 3921 ἀπολογίαν
2569 3852 2709 3923 ὑπὲρ
2739 3846 2815 3905 ὧν
2847 3850 3161 3924 ἀπηλέγχθη
3192 3851 3345 3921 παρά
3386 3849 3480 3903 τοῦ
3514 3851 3689 3931 μεγά-

2106 3941 2197 3996 λου
2224 3942 2521 4007 Βασιλείαν,
2553 3944 2632 4007 εἰς
2658 3943 2756 4015 τὴν
2781 3942 2874 3996 τοῦ
2907 3944 3129 4006 σκότους
3168 3945 3363 4013 μοῖραν
3402 3942 3493 3995 τὸν
3525 3960 3685 4014 μονο-

2104 4035 2235 4106 γενῆ
2260 4035 2392 4090 Θεὸν
2415 4037 2688 4109 ἀφορίζων
2716 4040 2773 4091 ἐν
2800 4036 2879 4108 τῷ
2905 4036 3082 4105 λέγειν
3105 4054 3117 4065 ·
3149 4036 3311 4089 Ὅσον
3338 4035 3589 4106 διέστηκε
3618 4037 3683 4088 τὸ

2102 4127 2360 4198 γεννητὸν
2389 4128 2525 4200 πρὸς
2552 4128 2614 4182 τὸ
2633 4129 2925 4200 ἀγέννητον
2949 4171 2964 4196 ,
3003 4129 3253 4183 τοσοῦτον
3297 4129 3679 4200 παρήλλακται

2101 4216 2164 4270 τὸ
2186 4217 2300 4286 φῶς
2329 4217 2462 4288 πρὸς
2491 4218 2552 4271 τὸ
2579 4217 2712 4288 φῶς.
2738 4219 3018 4286 Δείξαντος
3042 4219 3150 4290 γάρ
3182 4220 3393 4273 ἐκείνου
3434 4220 3513 4290 μὴ
3537 4219 3678 4273 κατά

2101 4307 2291 4377 ὖφεσέν
2344 4325 2464 4362 τινα
2524 4310 2617 4362 καὶ
2652 4310 2900 4364 ἐπίτασιν
2957 4310 3052 4364 τοῦ
3106 4311 3366 4382 γεννητοῦ
3421 4311 3559 4383 πρὸς
3609 4310 3677 4364 τὸ

423 4383 666 4453 ingenito
693 4384 1006 4442 distantiam
1046 4404 1201 4447 esse:
1237 4394 1331 4448 sed
1374 4408 1439 4448 ex
1475 4395 1736 4452 diametro
1774 4401 1989 4468 opposi-

2122 4399 2393 4470 ιγέννητον
2444 4399 2543 4469 τὴν
2589 4398 2866 4454 διάστασιν
2898 4397 3069 4455 εἶναι·
3125 4401 3239 4455 ἀλλ’
3271 4404 3335 4455 ὲκ
3377 4402 3674 4473 διαμέτρου

422 4481 624 4529 t.onem
678 4476 732 4531 in
784 4478 1107 4549 signiﬁcatis
1157 4497 1313 4551 esse;
1370 4492 1533 4555 atque
1580 4502 1646 4541 ex
1692 4493 1992 4558 positorum

421 4565 809 4632 consequentia
859 4568 1205 4633 coniecisset,
1266 4572 1409 4640 quod
1440 4574 1486 4627 si
1529 4575 1717 4631 eadem
1772 4594 1997 4649 propor-

420 4658 567 4706 tione
594 4659 875 4721 paternum
912 4655 1087 4712 lumen
1118 4673 1147 4712 a
1180 4656 1298 4713 Filii
1324 4660 1529 4718 lumine
1566 4664 1766 4729 diﬂ‘ert,
1807 4683 1871 4721 ac
1911 4668 1997 4723 in-

418 4745 659 4813 ιςιεηίιυηι
711 4745 935 4803 distata
968 4749 1172 4820 genito,
1223 4767 1448 4809 necesse
1494 4767 1578 4810 est
1612 4758 1833 4812 omnino
1886 4777 1993 4817 non

421 4836 642 4892 luminis
678 4837 1109 4896 innninntioncm
1156 4842 1209 4898 in
1253 4841 1390 4899 Filio
1424 4845 1671 4914 intelligi,
1701 4850 1795 4904 sed
1837 4851 1996 4905 abso-

418 4931 587 4984 lutam
615 4930 1022 4996 alienationem,
1071 4936 1185 4991 sive
1215 4937 1594 5008 privationem.
1628 4940 1696 4996 Ut
1713 4945 1855 4998 enim
1887 4964 1995 5002 non

417 5022 541 5078 licet
608 5023 791 5080 dicere
846 5028 1248 5097 generationem
1280 5046 1400 5087 esse
1431 5035 1716 5089 remissam
1764 5037 1993 5110 ἀγεννη-

416 5114 561 5181 σίαν,
589 5116 704 5171 sive
727 5116 1211 5187 ingenerationem,
1245 5122 1338 5177 sed
1370 5122 1425 5178 in
1468 5126 1783 5182 universum
1818 5143 1987 5201 oppo-

413 5205 573 5261 sitive
605 5207 810 5264 distant
843 5210 985 5264 inter
1014 5225 1072 5265 se
1121 5210 1424 5282 signiﬁcata
1465 5213 1889 5286 ingenerationis
1936 5229 1991 5275 et

2099 4491 2198 4561 τὴν
2224 4490 2494 4545 ἀντίθεσιν
2522 4493 2580 4544 ὲν
2622 4494 2735 4556 τοῖς
2787 4494 3207 4565 σημαινομένοις
3232 4494 3499 4565 ὑπάρχειν
3525 4510 3539 4522 ’
3574 4494 3674 4547 καὶ

2099 4582 2555 4654 συλλογισαμένου
2604 4583 2692 4639 διὰ
2738 4585 2837 4655 τῆς
2873 4585 2981 4638 τῶν
3012 4585 3275 4639 τεθέντων
3308 4587 3627 4651 ἀκολουθίας
3648 4622 3669 4651 ,

2093 4677 2175 4731 ὅτι
2204 4676 2480 4746 ἀναλόγως
2514 4680 2579 4749 τῇ
2621 4678 2918 4750 ἀγεννησίᾳ
2972 4678 3066 4731 καὶ
3112 4681 3179 4748 τῇ
3233 4681 3516 4751 γεννήσει,
3566 4681 3668 4733 τοῦ

2095 4766 2365 4841 πατρικοῦ
2398 4768 2576 4836 φωτὸς
2607 4766 2740 4840 πρὸς
2784 4769 2845 4822 τὸ
2875 4769 2969 4823 τοῦ
3015 4770 3144 4824 Υἰοῦ
3174 4772 3667 4842 παραλλάσσοντος.

2093 4858 2307 4929 ἀνάγκη
2359 4860 2509 4912 πᾶσα
2571 4857 2646 4931 μὴ
2694 4859 2986 4914 ἐλάττωσιν
3033 4861 3209 4931 φωτὸς
3257 4862 3350 4914 ἐπὶ
3401 4861 3493 4915 τοῦ
3530 4861 3667 4914 Υἰοῦ

2101 4948 2389 5019 νοηθῆναι,
2420 4941 2554 5003 ἀλλά
2600 4951 2839 5023 παντελῆ
2877 4952 3248 5025 ἀλλοτρίωσιν.
3293 4955 3380 5017 Ὠς
3417 4957 3518 5024 γὰρ
3555 4954 3666 5006 οὐκ

2090 5041 2237 5094 ἔστιν
2266 5043 2440 5095 εἰπεῖν
2463 5042 2760 5116 ὑφιεμένην
2804 5047 3127 5117 ἀγεννησίαν
3156 5042 3294 5102 εἰναι
3335 5047 3432 5118 τὴν
3472 5046 3665 5117 γέννη-

2093 5149 2203 5186 σινι
2238 5133 2375 5188 ἀλλά
2406 5134 2633 5188 καθόλου
2678 5135 2959 5207 διέστηκεν
2996 5137 3344 5201 ἀντιθετικῶς
3376 5139 3466 5194 ἀπ’
3496 5137 3660 5206 ἀλλή-

2088 5226 2196 5280 λων
2222 5226 2291 5281 τά
2322 5228 2696 5300 σημαινόμενα
2720 5229 2821 5299 τῆς
2848 5230 3171 5299 άγεννησίας
3207 5233 3303 5286 καὶ
3342 5233 3436 5303 τῆς
3465 5233 3660 5301 γεννή-

410 5301 812 5367 gcneratiunis:
847 5300 925 5356 sic
956 5302 1000 5356 si
1039 5302 1282 5357 eamdem
1313 5318 1528 5361 servant
1562 5307 1981 5379 discrepantiam

2122 5331 2226 5376 ‘30),“
2251 5328 2265 5341 ·
2304 5315 2474 5379 οὕτως
2510 5318 2557 5369 εἰ
2596 5317 2692 5389 τὴν
2726 5320 2892 5392 αὐτὴν
2932 5322 3191 5392 φυλάσσοι
3219 5322 3560 5396 παραλλαγὴν
3589 5320 3659 5375 τὸ

412 5393 696 5455 paternum
754 5391 933 5446 lumen
982 5409 1106 5447 eum
1167 5411 1232 5449 eo
1282 5395 1485 5452 lumine
1530 5398 1674 5467 quod
1732 5399 1785 5454 in
1844 5399 1983 5457 Filio

2122 5405 2353 5475 τατρικὸν
2379 5406 2492 5476 φῶς
2519 5407 2653 5479 πρὸς
2691 5409 2753 5462 τὸ
2778 5412 2835 5465 ἐν
2852 5391 2941 5482 τῷ
2973 5411 3084 5483 Υἰῷ
3103 5391 3392 5484 νοούμενον
3423 5410 3555 5480 ιεὼς,
3582 5414 3658 5465 ὲκ

409 5478 747 5550 intelligitur,
772 5498 835 5537 ex
859 5487 1247 5557 consequentia
1272 5504 1380 5544 non
1408 5490 1642 5562 amplius
1666 5490 1836 5550 Filius
1862 5509 1985 5551 esse

2122 5496 2187 5568 ῆς
2218 5496 2535 5564 ἀκολουθίας
2564 5502 2745 5557 οὐκέτι
2798 5506 2827 5557 ό
2861 5504 2983 5569 Υἱὸς
3014 5501 3152 5561 εἶναι
3198 5506 3653 5579 ὑπολητθήσεται,

482 5650 578 5710 "i
644 5650 833 5713 Thess.
878 5674 951 5726 tv,
985 5659 1072 5716 ιϐ.
1150 5664 1192 5697 ι’
1222 5663 1242 5720 i
1274 5644 1414 5721 Tim.
1446 5682 1505 5736 ιι,
1541 5667 1627 5725 ti.
1698 5669 1738 5704 "
1778 5658 1977 5731 Cenes.
2009 5687 2020 5729 ι

2132 5672 2181 5730 ι.
2219 5691 2341 5749 sqq.
