  <div class='ocr_page' id='page_1' title='image "/cluster/home/n/w/nwhite01/storage/ocr_20150623/45/hvd.32044073501876/464.png"; bbox 0 0 4002 6218; ppageno 0'>
   <div class='ocr_carea' id='block_1_1' title="bbox 265 269 374 330">
    <p class='ocr_par' dir='ltr' id='par_1_1' title="bbox 265 269 374 330">
     <span class='ocr_line' id='line_1_1' title="bbox 265 269 374 330; baseline 0 0"><span class='ocrx_word' id='word_1_1' title='bbox 265 269 374 330; x_wconf 76' lang='lat'><strong>893</strong></span> 
     </span>
    </p>
   </div>
   <div class='ocr_carea' id='block_1_2' title="bbox 1391 267 2385 338">
    <p class='ocr_par' dir='ltr' id='par_1_2' title="bbox 1391 267 2385 338">
     <span class='ocr_line' id='line_1_2' title="bbox 1391 267 2385 338; baseline 0.001 -11"><span class='ocrx_word' id='word_1_2' title='bbox 1391 267 1669 327; x_wconf 80' lang='lat' dir='ltr'><strong>CONTRA</strong></span> <span class='ocrx_word' id='word_1_3' title='bbox 1693 269 2081 338; x_wconf 67' lang='lat' dir='ltr'><strong>EUNOHIUM,</strong></span> <span class='ocrx_word' id='word_1_4' title='bbox 2111 269 2238 328; x_wconf 85' lang='lat' dir='ltr'><strong>LIB.</strong></span> <span class='ocrx_word' id='word_1_5' title='bbox 2270 270 2385 328; x_wconf 75' lang='grc' dir='ltr'>ΧΠ.</span> 
     </span>
    </p>
   </div>
   <div class='ocr_carea' id='block_1_3' title="bbox 3414 273 3519 332">
    <p class='ocr_par' dir='ltr' id='par_1_3' title="bbox 3414 273 3519 332">
     <span class='ocr_line' id='line_1_3' title="bbox 3414 273 3519 332; baseline 0 0"><span class='ocrx_word' id='word_1_6' title='bbox 3414 273 3519 332; x_wconf 67' lang='grc'><strong>894</strong></span> 
     </span>
    </p>
   </div>
   <div class='ocr_carea' id='block_1_4' title="bbox 265 379 1838 457">
    <p class='ocr_par' dir='ltr' id='par_1_4' title="bbox 265 379 1838 454">
     <span class='ocr_line' id='line_1_4' title="bbox 265 379 1838 454; baseline 0 -16"><span class='ocrx_word' id='word_1_7' title='bbox 265 381 467 453; x_wconf 74' lang='grc' dir='ltr'>ιπίσης</span> <span class='ocrx_word' id='word_1_8' title='bbox 494 379 666 452; x_wconf 82' lang='grc' dir='ltr'>αὐτῆς</span> <span class='ocrx_word' id='word_1_9' title='bbox 697 396 758 435; x_wconf 75' lang='grc' dir='ltr'><strong>τε</strong></span> <span class='ocrx_word' id='word_1_10' title='bbox 781 380 878 453; x_wconf 85' lang='grc' dir='ltr'>τῆς</span> <span class='ocrx_word' id='word_1_11' title='bbox 909 382 1238 453; x_wconf 78' lang='grc' dir='ltr'>ἀγεννησίας</span> <span class='ocrx_word' id='word_1_12' title='bbox 1265 382 1361 437; x_wconf 80' lang='grc' dir='ltr'>καὶ</span> <span class='ocrx_word' id='word_1_13' title='bbox 1392 380 1488 435; x_wconf 81' lang='grc' dir='ltr'><strong>τοῦ</strong></span> <span class='ocrx_word' id='word_1_14' title='bbox 1530 383 1651 437; x_wconf 81' lang='grc' dir='ltr'>κατ’</span> <span class='ocrx_word' id='word_1_15' title='bbox 1675 382 1838 454; x_wconf 78' lang='grc' dir='ltr'>αὐτὴν</span> 
     </span>
    </p>
   </div>
   <div class='ocr_carea' id='block_1_5' title="bbox 1938 379 3517 457">
    <p class='ocr_par' dir='ltr' id='par_1_5' title="bbox 1944 382 3517 457">
     <span class='ocr_line' id='line_1_5' title="bbox 1944 382 3517 457; baseline 0.003 -18"><span class='ocrx_word' id='word_1_16' title='bbox 1944 382 2366 448; x_wconf 81' lang='lat' dir='ltr'><strong>esistimabitur,</strong></span> <span class='ocrx_word' id='word_1_17' title='bbox 2396 399 2461 438; x_wconf 80' lang='lat' dir='ltr'><strong>ex</strong></span> <span class='ocrx_word' id='word_1_18' title='bbox 2488 398 2645 454; x_wconf 65' lang='lat' dir='ltr'><strong>aquo</strong></span> <span class='ocrx_word' id='word_1_19' title='bbox 2675 390 2785 437; x_wconf 90' lang='lat' dir='ltr'><strong>tam</strong></span> <span class='ocrx_word' id='word_1_20' title='bbox 2824 383 2892 439; x_wconf 87' lang='lat' dir='ltr'><strong>ab</strong></span> <span class='ocrx_word' id='word_1_21' title='bbox 2922 385 3042 455; x_wconf 88' lang='lat' dir='ltr'><strong>ipso</strong></span> <span class='ocrx_word' id='word_1_22' title='bbox 3082 385 3320 455; x_wconf 77' lang='lat' dir='ltr'><strong>ingenito</strong></span> <span class='ocrx_word' id='word_1_23' title='bbox 3359 404 3517 457; x_wconf 84' lang='lat' dir='ltr'><strong>quam</strong></span> 
     </span>
    </p>
   </div>
   <div class='ocr_carea' id='block_1_6' title="bbox 265 471 1839 545">
    <p class='ocr_par' dir='ltr' id='par_1_6' title="bbox 265 471 1839 545">
     <span class='ocr_line' id='line_1_6' title="bbox 265 471 1839 545; baseline 0.002 -19"><span class='ocrx_word' id='word_1_24' title='bbox 265 474 448 544; x_wconf 72' lang='grc' dir='ltr'>φωτὸς</span> <span class='ocrx_word' id='word_1_25' title='bbox 471 471 578 539; x_wconf 76' lang='grc' dir='ltr'><strong>ἔξω</strong></span> <span class='ocrx_word' id='word_1_26' title='bbox 601 472 885 544; x_wconf 80' lang='grc' dir='ltr'><strong>γινόμενος</strong></span> <span class='ocrx_word' id='word_1_27' title='bbox 908 490 922 503; x_wconf 88' lang='grc'><strong>·</strong></span> <span class='ocrx_word' id='word_1_28' title='bbox 945 476 974 529; x_wconf 99' lang='lat'><strong>6</strong></span> <span class='ocrx_word' id='word_1_29' title='bbox 1001 474 1058 527; x_wconf 82' lang='grc' dir='ltr'>δὲ</span> <span class='ocrx_word' id='word_1_30' title='bbox 1088 473 1216 528; x_wconf 76' lang='grc' dir='ltr'>ἄλλο</span> <span class='ocrx_word' id='word_1_31' title='bbox 1237 490 1289 527; x_wconf 82' lang='grc' dir='ltr'><strong>τι</strong></span> <span class='ocrx_word' id='word_1_32' title='bbox 1315 471 1465 545; x_wconf 86' lang='grc' dir='ltr'><strong>παρά</strong></span> <span class='ocrx_word' id='word_1_33' title='bbox 1503 472 1566 526; x_wconf 82' lang='grc' dir='ltr'>τὸ</span> <span class='ocrx_word' id='word_1_34' title='bbox 1588 472 1705 545; x_wconf 80' lang='grc' dir='ltr'><strong>φῶς</strong></span> <span class='ocrx_word' id='word_1_35' title='bbox 1741 474 1839 541; x_wconf 83' lang='grc' dir='ltr'>ῶν,</span> 
     </span>
    </p>
   </div>
   <div class='ocr_carea' id='block_1_7' title="bbox 263 564 1843 637">
    <p class='ocr_par' dir='ltr' id='par_1_7' title="bbox 263 564 1843 637">
     <span class='ocr_line' id='line_1_7' title="bbox 263 564 1843 637; baseline 0 -18"><span class='ocrx_word' id='word_1_36' title='bbox 263 564 467 637; x_wconf 76' lang='grc' dir='ltr'>δηλαδὴ</span> <span class='ocrx_word' id='word_1_37' title='bbox 498 565 637 636; x_wconf 85' lang='grc' dir='ltr'>πρὸς</span> <span class='ocrx_word' id='word_1_38' title='bbox 684 566 747 620; x_wconf 78' lang='grc' dir='ltr'>τὸ</span> <span class='ocrx_word' id='word_1_39' title='bbox 779 565 1165 635; x_wconf 66' lang='grc' dir='ltr'><strong>ἀντικείμενον</strong></span> <span class='ocrx_word' id='word_1_40' title='bbox 1197 564 1411 628; x_wconf 75' lang='grc' dir='ltr'><strong>οἰκείως</strong></span> <span class='ocrx_word' id='word_1_41' title='bbox 1440 565 1581 619; x_wconf 77' lang='grc' dir='ltr'>κατὰ</span> <span class='ocrx_word' id='word_1_42' title='bbox 1624 565 1686 618; x_wconf 82' lang='grc' dir='ltr'>τὸ</span> <span class='ocrx_word' id='word_1_43' title='bbox 1715 565 1843 620; x_wconf 84' lang='grc' dir='ltr'>ἀκό-</span> 
     </span>
    </p>
   </div>
   <div class='ocr_carea' id='block_1_8' title="bbox 265 654 1843 728">
    <p class='ocr_par' dir='ltr' id='par_1_8' title="bbox 265 654 1843 728">
     <span class='ocr_line' id='line_1_8' title="bbox 265 654 1843 728; baseline -0.001 -17"><span class='ocrx_word' id='word_1_44' title='bbox 265 655 456 711; x_wconf 86' lang='grc' dir='ltr'>λουθον</span> <span class='ocrx_word' id='word_1_45' title='bbox 497 654 631 721; x_wconf 71' lang='grc' dir='ltr'>ἔξει.</span> <span class='ocrx_word' id='word_1_46' title='bbox 667 658 887 728; x_wconf 82' lang='grc' dir='ltr'><strong>Ταύτης</strong></span> <span class='ocrx_word' id='word_1_47' title='bbox 926 657 1104 710; x_wconf 77' lang='grc' dir='ltr'>τοίνυν</span> <span class='ocrx_word' id='word_1_48' title='bbox 1129 656 1230 727; x_wconf 79' lang='grc' dir='ltr'><strong>τῆς</strong></span> <span class='ocrx_word' id='word_1_49' title='bbox 1261 656 1491 719; x_wconf 77' lang='grc' dir='ltr'>ἀτοπίας</span> <span class='ocrx_word' id='word_1_50' title='bbox 1524 658 1590 710; x_wconf 75' lang='grc' dir='ltr'>ὲκ</span> <span class='ocrx_word' id='word_1_51' title='bbox 1615 656 1723 710; x_wconf 86' lang='grc' dir='ltr'><strong>τῶν</strong></span> <span class='ocrx_word' id='word_1_52' title='bbox 1754 673 1843 710; x_wconf 81' lang='grc' dir='ltr'>τε·</span> 
     </span>
    </p>
   </div>
   <div class='ocr_carea' id='block_1_9' title="bbox 267 746 1842 819">
    <p class='ocr_par' dir='ltr' id='par_1_9' title="bbox 267 746 1842 819">
     <span class='ocr_line' id='line_1_9' title="bbox 267 746 1842 819; baseline -0.001 -16"><span class='ocrx_word' id='word_1_53' title='bbox 267 747 467 803; x_wconf 66' lang='grc' dir='ltr'>θέντων</span> <span class='ocrx_word' id='word_1_54' title='bbox 503 748 874 819; x_wconf 76' lang='grc' dir='ltr'>ἀναφανείσης</span> <span class='ocrx_word' id='word_1_55' title='bbox 897 787 913 812; x_wconf 84' lang='grc'><em>,</em></span> <span class='ocrx_word' id='word_1_56' title='bbox 942 746 1193 801; x_wconf 78' lang='grc' dir='ltr'><strong>ἀναλύειν</strong></span> <span class='ocrx_word' id='word_1_57' title='bbox 1229 748 1493 818; x_wconf 70' lang='grc' dir='ltr'>ἐπιχειρεῖ</span> <span class='ocrx_word' id='word_1_58' title='bbox 1522 747 1551 801; x_wconf 89' lang='lat'><strong>6</strong></span> <span class='ocrx_word' id='word_1_59' title='bbox 1582 746 1842 818; x_wconf 84' lang='grc' dir='ltr'>Εὑνόμιος</span> 
     </span>
    </p>
   </div>
   <div class='ocr_carea' id='block_1_10' title="bbox 263 835 1842 905">
    <p class='ocr_par' dir='ltr' id='par_1_10' title="bbox 263 835 1842 905">
     <span class='ocr_line' id='line_1_10' title="bbox 263 835 1842 905; baseline 0.001 -16"><span class='ocrx_word' id='word_1_60' title='bbox 263 836 384 900; x_wconf 86' lang='grc' dir='ltr'>ταῖς</span> <span class='ocrx_word' id='word_1_61' title='bbox 408 838 687 905; x_wconf 83' lang='grc' dir='ltr'>τεχνικαῖς</span> <span class='ocrx_word' id='word_1_62' title='bbox 716 836 923 903; x_wconf 74' lang='grc' dir='ltr'>ἐφόδοις</span> <span class='ocrx_word' id='word_1_63' title='bbox 959 835 1067 889; x_wconf 89' lang='grc' dir='ltr'><strong>τῶν</strong></span> <span class='ocrx_word' id='word_1_64' title='bbox 1113 835 1442 902; x_wconf 80' lang='grc' dir='ltr'>ἀποδείξεων</span> <span class='ocrx_word' id='word_1_65' title='bbox 1465 877 1481 902; x_wconf 86' lang='grc'><strong><em>,</em></strong></span> <span class='ocrx_word' id='word_1_66' title='bbox 1511 837 1708 891; x_wconf 75' lang='grc' dir='ltr'>οὑτωσὶ</span> <span class='ocrx_word' id='word_1_67' title='bbox 1756 836 1842 891; x_wconf 83' lang='grc' dir='ltr'><strong>λέ-</strong></span> 
     </span>
    </p>
   </div>
   <div class='ocr_carea' id='block_1_11' title="bbox 265 927 1838 997">
    <p class='ocr_par' dir='ltr' id='par_1_11' title="bbox 265 927 1838 997">
     <span class='ocr_line' id='line_1_11' title="bbox 265 927 1838 997; baseline 0.003 -18"><span class='ocrx_word' id='word_1_68' title='bbox 265 944 377 997; x_wconf 86' lang='grc' dir='ltr'><strong>γων</strong></span> <span class='ocrx_word' id='word_1_69' title='bbox 402 944 416 958; x_wconf 83' lang='grc'><em>’</em></span> <span class='ocrx_word' id='word_1_70' title='bbox 458 929 663 997; x_wconf 79' lang='grc' dir='ltr'>Ἰσμεν</span> <span class='ocrx_word' id='word_1_71' title='bbox 705 929 818 997; x_wconf 76' lang='grc' dir='ltr'>γὰρ</span> <span class='ocrx_word' id='word_1_72' title='bbox 840 970 856 994; x_wconf 88' lang='grc'><em>,</em></span> <span class='ocrx_word' id='word_1_73' title='bbox 893 928 1074 997; x_wconf 80' lang='grc' dir='ltr'><em>ἴσμεν</em></span> <span class='ocrx_word' id='word_1_74' title='bbox 1115 928 1183 982; x_wconf 87' lang='grc' dir='ltr'>τὸ</span> <span class='ocrx_word' id='word_1_75' title='bbox 1237 927 1363 997; x_wconf 66' lang='grc' dir='ltr'>φῶς</span> <span class='ocrx_word' id='word_1_76' title='bbox 1413 929 1482 983; x_wconf 84' lang='grc' dir='ltr'>τὸ</span> <span class='ocrx_word' id='word_1_77' title='bbox 1527 928 1838 997; x_wconf 76' lang='grc' dir='ltr'>ἀληθινὸν,</span> 
     </span>
    </p>
   </div>
   <div class='ocr_carea' id='block_1_12' title="bbox 264 1012 1842 1087">
    <p class='ocr_par' dir='ltr' id='par_1_12' title="bbox 264 1012 1842 1087">
     <span class='ocr_line' id='line_1_12' title="bbox 264 1012 1842 1087; baseline 0.001 -17"><span class='ocrx_word' id='word_1_78' title='bbox 264 1017 448 1087; x_wconf 77' lang='grc' dir='ltr'>ισμεν</span> <span class='ocrx_word' id='word_1_79' title='bbox 490 1016 602 1070; x_wconf 83' lang='grc' dir='ltr'>τὸν</span> <span class='ocrx_word' id='word_1_80' title='bbox 629 1018 925 1071; x_wconf 79' lang='grc' dir='ltr'>κτίσαντα</span> <span class='ocrx_word' id='word_1_81' title='bbox 959 1014 1026 1070; x_wconf 83' lang='grc' dir='ltr'>τὸ</span> <span class='ocrx_word' id='word_1_82' title='bbox 1080 1012 1206 1084; x_wconf 68' lang='grc' dir='ltr'>φῶς</span> <span class='ocrx_word' id='word_1_83' title='bbox 1254 1015 1404 1084; x_wconf 83' lang='grc' dir='ltr'><strong>μετά</strong></span> <span class='ocrx_word' id='word_1_84' title='bbox 1433 1015 1540 1069; x_wconf 83' lang='grc' dir='ltr'>τὸν</span> <span class='ocrx_word' id='word_1_85' title='bbox 1579 1016 1842 1083; x_wconf 81' lang='grc' dir='ltr'>οὐρανόν</span> 
     </span>
    </p>
   </div>
   <div class='ocr_carea' id='block_1_13' title="bbox 263 1104 1837 1178">
    <p class='ocr_par' dir='ltr' id='par_1_13' title="bbox 263 1104 1837 1178">
     <span class='ocr_line' id='line_1_13' title="bbox 263 1104 1837 1178; baseline -0.002 -15"><span class='ocrx_word' id='word_1_86' title='bbox 263 1108 363 1163; x_wconf 77' lang='grc' dir='ltr'>καὶ</span> <span class='ocrx_word' id='word_1_87' title='bbox 418 1106 541 1176; x_wconf 77' lang='grc' dir='ltr'>τὴν</span> <span class='ocrx_word' id='word_1_88' title='bbox 591 1105 747 1178; x_wconf 72' lang='grc' dir='ltr'>γῆν·</span> <span class='ocrx_word' id='word_1_89' title='bbox 777 1106 1135 1175; x_wconf 77' lang='grc' dir='ltr'>ἠκούσαμεν</span> <span class='ocrx_word' id='word_1_90' title='bbox 1182 1104 1368 1173; x_wconf 81' lang='grc' dir='ltr'>αὐτῆς</span> <span class='ocrx_word' id='word_1_91' title='bbox 1395 1106 1505 1175; x_wconf 79' lang='grc' dir='ltr'>τῆς</span> <span class='ocrx_word' id='word_1_92' title='bbox 1553 1105 1702 1175; x_wconf 83' lang='grc' dir='ltr'><strong>ζωῆς</strong></span> <span class='ocrx_word' id='word_1_93' title='bbox 1738 1107 1837 1162; x_wconf 76' lang='grc' dir='ltr'>καὶ</span> 
     </span>
    </p>
   </div>
   <div class='ocr_carea' id='block_1_14' title="bbox 262 1195 1841 1268">
    <p class='ocr_par' dir='ltr' id='par_1_14' title="bbox 262 1195 1841 1268">
     <span class='ocr_line' id='line_1_14' title="bbox 262 1195 1841 1268; baseline -0.001 -14"><span class='ocrx_word' id='word_1_94' title='bbox 262 1198 556 1267; x_wconf 68' lang='grc' dir='ltr'>ἀληθείας</span> <span class='ocrx_word' id='word_1_95' title='bbox 580 1197 839 1267; x_wconf 78' lang='grc' dir='ltr'><strong>Χριστοῦ</strong></span> <span class='ocrx_word' id='word_1_96' title='bbox 880 1195 1168 1268; x_wconf 69' lang='grc' dir='ltr'>λέγοντος</span> <span class='ocrx_word' id='word_1_97' title='bbox 1218 1198 1343 1264; x_wconf 80' lang='grc' dir='ltr'>τοῖς</span> <span class='ocrx_word' id='word_1_98' title='bbox 1393 1197 1613 1253; x_wconf 77' lang='grc' dir='ltr'>ἑαυτοῦ</span> <span class='ocrx_word' id='word_1_99' title='bbox 1651 1202 1841 1268; x_wconf 80' lang='grc' dir='ltr'>μαθη-</span> 
     </span>
    </p>
   </div>
   <div class='ocr_carea' id='block_1_15' title="bbox 263 1275 1840 1360">
    <p class='ocr_par' dir='ltr' id='par_1_15' title="bbox 263 1275 1840 1360">
     <span class='ocr_line' id='line_1_15' title="bbox 263 1275 1840 1360; baseline -0.001 -16"><span class='ocrx_word' id='word_1_100' title='bbox 263 1289 424 1357; x_wconf 78' lang='grc' dir='ltr'>ταῖςο</span> <span class='ocrx_word' id='word_1_101' title='bbox 463 1289 651 1360; x_wconf 79' lang='grc' dir='ltr'>Ὑμεῖς</span> <span class='ocrx_word' id='word_1_102' title='bbox 678 1275 823 1343; x_wconf 74' lang='grc' dir='ltr'>ἐστε</span> <span class='ocrx_word' id='word_1_103' title='bbox 860 1287 928 1344; x_wconf 82' lang='grc' dir='ltr'>τὸ</span> <span class='ocrx_word' id='word_1_104' title='bbox 958 1286 1084 1358; x_wconf 72' lang='grc' dir='ltr'>φῶς</span> <span class='ocrx_word' id='word_1_105' title='bbox 1128 1287 1238 1342; x_wconf 86' lang='grc' dir='ltr'><strong>τοῦ</strong></span> <span class='ocrx_word' id='word_1_106' title='bbox 1281 1290 1534 1358; x_wconf 80' lang='grc' dir='ltr'><strong>κόσμου.</strong></span> <span class='ocrx_word' id='word_1_107' title='bbox 1565 1287 1840 1359; x_wconf 78' lang='grc' dir='ltr'>Μεμαθή·</span> 
     </span>
    </p>
   </div>
   <div class='ocr_carea' id='block_1_16' title="bbox 265 1377 1841 1452">
    <p class='ocr_par' dir='ltr' id='par_1_16' title="bbox 265 1377 1841 1452">
     <span class='ocr_line' id='line_1_16' title="bbox 265 1377 1841 1452; baseline -0.003 -16"><span class='ocrx_word' id='word_1_108' title='bbox 265 1397 458 1452; x_wconf 77' lang='grc' dir='ltr'>καμεν</span> <span class='ocrx_word' id='word_1_109' title='bbox 480 1381 641 1449; x_wconf 69' lang='grc' dir='ltr'>παρὰ</span> <span class='ocrx_word' id='word_1_110' title='bbox 683 1380 790 1435; x_wconf 85' lang='grc' dir='ltr'>τοῦ</span> <span class='ocrx_word' id='word_1_111' title='bbox 814 1378 1114 1449; x_wconf 77' lang='grc' dir='ltr'><strong>μακαρίου</strong></span> <span class='ocrx_word' id='word_1_112' title='bbox 1151 1380 1396 1435; x_wconf 71' lang='grc' dir='ltr'>Παύλου</span> <span class='ocrx_word' id='word_1_113' title='bbox 1439 1377 1567 1449; x_wconf 75' lang='grc' dir='ltr'>φῶς</span> <span class='ocrx_word' id='word_1_114' title='bbox 1595 1381 1841 1448; x_wconf 78' lang='grc' dir='ltr'>ἀπρόσι-</span> 
     </span>
    </p>
   </div>
   <div class='ocr_carea' id='block_1_17' title="bbox 266 1469 1840 1542">
    <p class='ocr_par' dir='ltr' id='par_1_17' title="bbox 266 1469 1840 1542">
     <span class='ocr_line' id='line_1_17' title="bbox 266 1469 1840 1542; baseline -0.002 -14"><span class='ocrx_word' id='word_1_115' title='bbox 266 1490 375 1528; x_wconf 87' lang='grc' dir='ltr'><strong>τον</strong></span> <span class='ocrx_word' id='word_1_116' title='bbox 422 1470 818 1542; x_wconf 79' lang='grc' dir='ltr'>ὀνομάζοντος</span> <span class='ocrx_word' id='word_1_117' title='bbox 848 1469 957 1525; x_wconf 85' lang='grc' dir='ltr'>τὸν</span> <span class='ocrx_word' id='word_1_118' title='bbox 1001 1469 1102 1524; x_wconf 75' lang='grc' dir='ltr'><strong>ἐπὶ</strong></span> <span class='ocrx_word' id='word_1_119' title='bbox 1144 1470 1386 1526; x_wconf 78' lang='grc' dir='ltr'>πάντων</span> <span class='ocrx_word' id='word_1_120' title='bbox 1438 1470 1589 1527; x_wconf 78' lang='grc' dir='ltr'>Θεὸν</span> <span class='ocrx_word' id='word_1_121' title='bbox 1608 1511 1623 1534; x_wconf 83' lang='grc'><strong><em>,</em></strong></span> <span class='ocrx_word' id='word_1_122' title='bbox 1672 1469 1746 1540; x_wconf 80' lang='grc' dir='ltr'>τῇ</span> <span class='ocrx_word' id='word_1_123' title='bbox 1777 1487 1840 1525; x_wconf 80' lang='grc' dir='ltr'><strong>τε</strong></span> 
     </span>
    </p>
   </div>
   <div class='ocr_carea' id='block_1_18' title="bbox 264 1562 1839 1633">
    <p class='ocr_par' dir='ltr' id='par_1_18' title="bbox 264 1562 1839 1633">
     <span class='ocr_line' id='line_1_18' title="bbox 264 1562 1839 1633; baseline 0 -14"><span class='ocrx_word' id='word_1_124' title='bbox 264 1562 583 1633; x_wconf 69' lang='grc' dir='ltr'>προσθήκῃ</span> <span class='ocrx_word' id='word_1_125' title='bbox 627 1562 988 1631; x_wconf 79' lang='grc' dir='ltr'>διορίζοντος</span> <span class='ocrx_word' id='word_1_126' title='bbox 1008 1602 1023 1625; x_wconf 86' lang='grc'>,</span> <span class='ocrx_word' id='word_1_127' title='bbox 1074 1563 1172 1617; x_wconf 72' lang='grc' dir='ltr'>καὶ</span> <span class='ocrx_word' id='word_1_128' title='bbox 1221 1562 1338 1632; x_wconf 78' lang='grc' dir='ltr'>τὴν</span> <span class='ocrx_word' id='word_1_129' title='bbox 1380 1563 1691 1633; x_wconf 78' lang='grc' dir='ltr'><strong>ὑπεροχὴν</strong></span> <span class='ocrx_word' id='word_1_130' title='bbox 1732 1563 1839 1619; x_wconf 85' lang='grc' dir='ltr'>τοῦ</span> 
     </span>
    </p>
   </div>
   <div class='ocr_carea' id='block_1_19' title="bbox 264 1647 1840 1723">
    <p class='ocr_par' dir='ltr' id='par_1_19' title="bbox 264 1647 1840 1723">
     <span class='ocr_line' id='line_1_19' title="bbox 264 1647 1840 1723; baseline 0.001 -18"><span class='ocrx_word' id='word_1_131' title='bbox 264 1651 462 1723; x_wconf 73' lang='grc' dir='ltr'>φωτὸς</span> <span class='ocrx_word' id='word_1_132' title='bbox 478 1649 963 1718; x_wconf 73' lang='grc' dir='ltr'>ἐκδιδάσκοντος.</span> <span class='ocrx_word' id='word_1_133' title='bbox 993 1647 1137 1707; x_wconf 74' lang='grc' dir='ltr'>Εἶτα</span> <span class='ocrx_word' id='word_1_134' title='bbox 1176 1652 1481 1720; x_wconf 84' lang='grc' dir='ltr'>τοσαύτην</span> <span class='ocrx_word' id='word_1_135' title='bbox 1515 1652 1707 1722; x_wconf 71' lang='grc' dir='ltr'>φωτὸς</span> <span class='ocrx_word' id='word_1_136' title='bbox 1731 1667 1840 1706; x_wconf 80' lang='lat' dir='ltr'><strong>:ra-</strong></span> 
     </span>
    </p>
   </div>
   <div class='ocr_carea' id='block_1_20' title="bbox 1907 474 3521 549">
    <p class='ocr_par' dir='ltr' id='par_1_20' title="bbox 1907 474 3521 549">
     <span class='ocr_line' id='line_1_20' title="bbox 1907 474 3521 549; baseline 0.003 -20"><span class='ocrx_word' id='word_1_137' title='bbox 1907 490 1979 536; x_wconf 47' lang='lat' dir='ltr'><strong>\a</strong></span> <span class='ocrx_word' id='word_1_138' title='bbox 2022 474 2228 530; x_wconf 86' lang='lat' dir='ltr'><strong>lumine</strong></span> <span class='ocrx_word' id='word_1_139' title='bbox 2253 475 2397 545; x_wconf 89' lang='lat' dir='ltr'><strong>quod</strong></span> <span class='ocrx_word' id='word_1_140' title='bbox 2444 475 2497 528; x_wconf 91' lang='lat' dir='ltr'><strong>in</strong></span> <span class='ocrx_word' id='word_1_141' title='bbox 2537 475 2657 545; x_wconf 88' lang='lat' dir='ltr'><strong>ipso</strong></span> <span class='ocrx_word' id='word_1_142' title='bbox 2703 487 2806 538; x_wconf 78' lang='lat' dir='ltr'><strong>eat.</strong></span> <span class='ocrx_word' id='word_1_143' title='bbox 2841 477 3093 534; x_wconf 79' lang='lat' dir='ltr'><strong>seclusus</strong></span> <span class='ocrx_word' id='word_1_144' title='bbox 3130 485 3183 533; x_wconf 85' lang='lat' dir='ltr'><strong>et</strong></span> <span class='ocrx_word' id='word_1_145' title='bbox 3228 487 3378 533; x_wconf 76' lang='lat' dir='ltr'><strong>extra</strong></span> <span class='ocrx_word' id='word_1_146' title='bbox 3426 495 3521 549; x_wconf 81' lang='lat' dir='ltr'><strong>po-</strong></span> 
     </span>
    </p>
   </div>
   <div class='ocr_carea' id='block_1_21' title="bbox 1946 562 3519 634">
    <p class='ocr_par' dir='ltr' id='par_1_21' title="bbox 1946 562 3519 634">
     <span class='ocr_line' id='line_1_21' title="bbox 1946 562 3519 634; baseline 0.004 -16"><span class='ocrx_word' id='word_1_147' title='bbox 1946 564 2108 618; x_wconf 89' lang='lat' dir='ltr'><strong>situs.</strong></span> <span class='ocrx_word' id='word_1_148' title='bbox 2139 562 2240 629; x_wconf 85' lang='lat' dir='ltr'><strong>Qui</strong></span> <span class='ocrx_word' id='word_1_149' title='bbox 2295 571 2474 618; x_wconf 85' lang='lat' dir='ltr'><strong>autem</strong></span> <span class='ocrx_word' id='word_1_150' title='bbox 2521 564 2666 618; x_wconf 85' lang='lat' dir='ltr'><strong>aliud</strong></span> <span class='ocrx_word' id='word_1_151' title='bbox 2717 564 2848 634; x_wconf 84' lang='lat' dir='ltr'><strong>quid</strong></span> <span class='ocrx_word' id='word_1_152' title='bbox 2895 581 3059 634; x_wconf 90' lang='lat' dir='ltr'><strong>quam</strong></span> <span class='ocrx_word' id='word_1_153' title='bbox 3096 568 3276 622; x_wconf 85' lang='lat' dir='ltr'><strong>lumen</strong></span> <span class='ocrx_word' id='word_1_154' title='bbox 3314 579 3420 633; x_wconf 85' lang='lat' dir='ltr'><strong>est,</strong></span> <span class='ocrx_word' id='word_1_155' title='bbox 3453 586 3519 624; x_wconf 72' lang='lat' dir='ltr'><strong>ex</strong></span> 
     </span>
    </p>
   </div>
   <div class='ocr_carea' id='block_1_22' title="bbox 1946 646 3522 730">
    <p class='ocr_par' dir='ltr' id='par_1_22' title="bbox 1946 646 3522 730">
     <span class='ocr_line' id='line_1_22' title="bbox 1946 646 3522 730; baseline 0.004 -20"><span class='ocrx_word' id='word_1_156' title='bbox 1946 646 2339 724; x_wconf 84' lang='lat' dir='ltr'><strong>consequentia</strong></span> <span class='ocrx_word' id='word_1_157' title='bbox 2367 655 2621 725; x_wconf 87' lang='lat' dir='ltr'><strong>opposito</strong></span> <span class='ocrx_word' id='word_1_158' title='bbox 2650 657 2808 713; x_wconf 80' lang='lat' dir='ltr'><strong>aﬂine</strong></span> <span class='ocrx_word' id='word_1_159' title='bbox 2855 655 3037 713; x_wconf 89' lang='lat' dir='ltr'><strong>fuerit.</strong></span> <span class='ocrx_word' id='word_1_160' title='bbox 3075 656 3188 713; x_wconf 83' lang='lat' dir='ltr'><strong>llac</strong></span> <span class='ocrx_word' id='word_1_161' title='bbox 3237 660 3395 730; x_wconf 76' lang='lat' dir='ltr'><strong>igitur</strong></span> <span class='ocrx_word' id='word_1_162' title='bbox 3431 661 3522 717; x_wconf 88' lang='lat' dir='ltr'><strong>ab-</strong></span> 
     </span>
    </p>
   </div>
   <div class='ocr_carea' id='block_1_23' title="bbox 1947 744 3523 817">
    <p class='ocr_par' dir='ltr' id='par_1_23' title="bbox 1947 744 3523 817">
     <span class='ocr_line' id='line_1_23' title="bbox 1947 744 3523 817; baseline 0.003 -16"><span class='ocrx_word' id='word_1_163' title='bbox 1947 744 2215 801; x_wconf 80' lang='lat' dir='ltr'><strong>surdittte</strong></span> <span class='ocrx_word' id='word_1_164' title='bbox 2261 759 2325 799; x_wconf 80' lang='lat' dir='ltr'><strong>es</strong></span> <span class='ocrx_word' id='word_1_165' title='bbox 2360 746 2551 815; x_wconf 76' lang='lat' dir='ltr'><strong>positis</strong></span> <span class='ocrx_word' id='word_1_166' title='bbox 2582 746 2875 801; x_wconf 82' lang='lat' dir='ltr'><strong>manifesto</strong></span> <span class='ocrx_word' id='word_1_167' title='bbox 2922 757 3236 817; x_wconf 83' lang='lat' dir='ltr'><strong>apparente,</strong></span> <span class='ocrx_word' id='word_1_168' title='bbox 3278 759 3523 805; x_wconf 72' lang='lat' dir='ltr'><strong>retexere</strong></span> 
     </span>
    </p>
   </div>
   <div class='ocr_carea' id='block_1_24' title="bbox 1944 834 3517 895">
    <p class='ocr_par' dir='ltr' id='par_1_24' title="bbox 1944 834 3517 895">
     <span class='ocr_line' id='line_1_24' title="bbox 1944 834 3517 895; baseline 0.004 -7"><span class='ocrx_word' id='word_1_169' title='bbox 1944 847 2175 889; x_wconf 88' lang='lat' dir='ltr'><strong>conatur</strong></span> <span class='ocrx_word' id='word_1_170' title='bbox 2214 834 2511 890; x_wconf 84' lang='lat' dir='ltr'><strong>Eunomius</strong></span> <span class='ocrx_word' id='word_1_171' title='bbox 2548 836 2859 893; x_wconf 81' lang='lat' dir='ltr'><strong>artificiosis</strong></span> <span class='ocrx_word' id='word_1_172' title='bbox 2906 838 3366 895; x_wconf 88' lang='lat' dir='ltr'><strong>insinuatiouibus</strong></span> <span class='ocrx_word' id='word_1_173' title='bbox 3421 840 3517 895; x_wconf 63' lang='lat' dir='ltr'><strong>de-</strong></span> 
     </span>
    </p>
   </div>
   <div class='ocr_carea' id='block_1_25' title="bbox 1944 926 3520 987">
    <p class='ocr_par' dir='ltr' id='par_1_25' title="bbox 1944 926 3520 987">
     <span class='ocr_line' id='line_1_25' title="bbox 1944 926 3520 987; baseline 0.004 -7"><span class='ocrx_word' id='word_1_174' title='bbox 1944 926 2399 987; x_wconf 74' lang='lat' dir='ltr'><strong>monstrationem</strong></span> <span class='ocrx_word' id='word_1_175' title='bbox 2441 927 2522 982; x_wconf 88' lang='lat' dir='ltr'><strong>sic</strong></span> <span class='ocrx_word' id='word_1_176' title='bbox 2563 926 2751 982; x_wconf 82' lang='lat' dir='ltr'><strong>dit-ens</strong></span> <span class='ocrx_word' id='word_1_177' title='bbox 2795 943 2810 979; x_wconf 91' lang='lat'><strong>:</strong></span> <span class='ocrx_word' id='word_1_178' title='bbox 2868 926 3078 983; x_wconf 78' lang='lat' dir='ltr'><strong>Scimus</strong></span> <span class='ocrx_word' id='word_1_179' title='bbox 3110 930 3247 983; x_wconf 88' lang='lat' dir='ltr'><strong>enim</strong></span> <span class='ocrx_word' id='word_1_180' title='bbox 3288 939 3335 984; x_wconf 82' lang='lat' dir='ltr'><strong>et</strong></span> <span class='ocrx_word' id='word_1_181' title='bbox 3384 941 3520 986; x_wconf 82' lang='lat' dir='ltr'><strong>recte</strong></span> 
     </span>
    </p>
   </div>
   <div class='ocr_carea' id='block_1_26' title="bbox 1942 1012 3515 1090">
    <p class='ocr_par' dir='ltr' id='par_1_26' title="bbox 1942 1012 3515 1090">
     <span class='ocr_line' id='line_1_26' title="bbox 1942 1012 3515 1090; baseline 0.001 -18"><span class='ocrx_word' id='word_1_182' title='bbox 1942 1019 2139 1072; x_wconf 83' lang='lat' dir='ltr'><strong>scimus</strong></span> <span class='ocrx_word' id='word_1_183' title='bbox 2201 1017 2376 1072; x_wconf 77' lang='lat' dir='ltr'><strong>lumen</strong></span> <span class='ocrx_word' id='word_1_184' title='bbox 2438 1034 2615 1072; x_wconf 81' lang='lat' dir='ltr'><strong>verum</strong></span> <span class='ocrx_word' id='word_1_185' title='bbox 2641 1056 2657 1081; x_wconf 91' lang='lat'><strong>,</strong></span> <span class='ocrx_word' id='word_1_186' title='bbox 2733 1018 2930 1072; x_wconf 72' lang='lat' dir='ltr'><strong>scimus</strong></span> <span class='ocrx_word' id='word_1_187' title='bbox 2990 1035 3108 1074; x_wconf 85' lang='lat' dir='ltr'><strong>eum</strong></span> <span class='ocrx_word' id='word_1_188' title='bbox 3169 1012 3257 1090; x_wconf 88' lang='lat' dir='ltr'><strong>qui</strong></span> <span class='ocrx_word' id='word_1_189' title='bbox 3323 1023 3515 1075; x_wconf 80' lang='lat' dir='ltr'><strong>creavit</strong></span> 
     </span>
    </p>
   </div>
   <div class='ocr_carea' id='block_1_27' title="bbox 1946 1110 3518 1182">
    <p class='ocr_par' dir='ltr' id='par_1_27' title="bbox 1946 1110 3518 1182">
     <span class='ocr_line' id='line_1_27' title="bbox 1946 1110 3518 1182; baseline 0.003 -18"><span class='ocrx_word' id='word_1_190' title='bbox 1946 1110 2116 1164; x_wconf 78' lang='lat' dir='ltr'><strong>lucem</strong></span> <span class='ocrx_word' id='word_1_191' title='bbox 2177 1120 2293 1178; x_wconf 82' lang='lat' dir='ltr'><strong>post</strong></span> <span class='ocrx_word' id='word_1_192' title='bbox 2354 1110 2540 1164; x_wconf 65' lang='lat' dir='ltr'><strong>celum</strong></span> <span class='ocrx_word' id='word_1_193' title='bbox 2590 1119 2640 1163; x_wconf 88' lang='lat' dir='ltr'><strong>et</strong></span> <span class='ocrx_word' id='word_1_194' title='bbox 2700 1118 2934 1174; x_wconf 86' lang='lat' dir='ltr'><strong>terram,</strong></span> <span class='ocrx_word' id='word_1_195' title='bbox 2994 1110 3290 1166; x_wconf 69' lang='lat' dir='ltr'><strong>audivimus</strong></span> <span class='ocrx_word' id='word_1_196' title='bbox 3346 1113 3518 1182; x_wconf 78' lang='lat' dir='ltr'><strong>ipsum</strong></span> 
     </span>
    </p>
   </div>
   <div class='ocr_carea' id='block_1_28' title="bbox 1944 1198 3519 1258">
    <p class='ocr_par' dir='ltr' id='par_1_28' title="bbox 1944 1198 3519 1258">
     <span class='ocr_line' id='line_1_28' title="bbox 1944 1198 3519 1258; baseline 0.003 -3"><span class='ocrx_word' id='word_1_197' title='bbox 1944 1201 2107 1255; x_wconf 77' lang='lat' dir='ltr'><strong>vitam</strong></span> <span class='ocrx_word' id='word_1_198' title='bbox 2154 1210 2204 1254; x_wconf 88' lang='lat' dir='ltr'><strong>et</strong></span> <span class='ocrx_word' id='word_1_199' title='bbox 2260 1200 2527 1254; x_wconf 79' lang='lat' dir='ltr'><strong>ueritatem</strong></span> <span class='ocrx_word' id='word_1_200' title='bbox 2577 1198 2846 1254; x_wconf 80' lang='lat' dir='ltr'><strong>Christum</strong></span> <span class='ocrx_word' id='word_1_201' title='bbox 2896 1198 3151 1256; x_wconf 83' lang='lat' dir='ltr'><strong>dicentem</strong></span> <span class='ocrx_word' id='word_1_202' title='bbox 3199 1203 3311 1257; x_wconf 89' lang='lat' dir='ltr'><strong>suis</strong></span> <span class='ocrx_word' id='word_1_203' title='bbox 3354 1203 3519 1258; x_wconf 81' lang='lat' dir='ltr'><strong>disci-</strong></span> 
     </span>
    </p>
   </div>
   <div class='ocr_carea' id='block_1_29' title="bbox 1943 1287 3518 1359">
    <p class='ocr_par' dir='ltr' id='par_1_29' title="bbox 1943 1287 3518 1359">
     <span class='ocr_line' id='line_1_29' title="bbox 1943 1287 3518 1359; baseline 0.003 -18"><span class='ocrx_word' id='word_1_204' title='bbox 1943 1290 2084 1359; x_wconf 81' lang='lat' dir='ltr'><strong>pulis</strong></span> <span class='ocrx_word' id='word_1_205' title='bbox 2115 1305 2134 1343; x_wconf 92' lang='lat'><strong><em>:</em></strong></span> <span class='ocrx_word' id='word_1_206' title='bbox 2186 1287 2290 1344; x_wconf 84' lang='lat' dir='ltr'><strong>Vas</strong></span> <span class='ocrx_word' id='word_1_207' title='bbox 2326 1290 2452 1343; x_wconf 86' lang='lat' dir='ltr'><strong>estis</strong></span> <span class='ocrx_word' id='word_1_208' title='bbox 2506 1288 2598 1343; x_wconf 78' lang='lat' dir='ltr'><strong>ina:</strong></span> <span class='ocrx_word' id='word_1_209' title='bbox 2634 1288 2815 1342; x_wconf 81' lang='lat' dir='ltr'><strong>mundi</strong></span> <span class='ocrx_word' id='word_1_210' title='bbox 2845 1289 2917 1353; x_wconf 71' lang='grc' dir='ltr'>ης</span> <span class='ocrx_word' id='word_1_211' title='bbox 2954 1290 3234 1344; x_wconf 80' lang='lat' dir='ltr'><strong>didirimns</strong></span> <span class='ocrx_word' id='word_1_212' title='bbox 3261 1307 3327 1346; x_wconf 77' lang='lat' dir='ltr'><strong>ea:</strong></span> <span class='ocrx_word' id='word_1_213' title='bbox 3368 1292 3518 1346; x_wconf 83' lang='lat' dir='ltr'><strong>beato</strong></span> 
     </span>
    </p>
   </div>
   <div class='ocr_carea' id='block_1_30' title="bbox 1945 1380 3517 1450">
    <p class='ocr_par' dir='ltr' id='par_1_30' title="bbox 1945 1380 3517 1450">
     <span class='ocr_line' id='line_1_30' title="bbox 1945 1380 3517 1450; baseline 0.001 -15"><span class='ocrx_word' id='word_1_214' title='bbox 1945 1381 2151 1443; x_wconf 84' lang='lat' dir='ltr'><strong>Paula,</strong></span> <span class='ocrx_word' id='word_1_215' title='bbox 2196 1380 2285 1450; x_wconf 88' lang='lat' dir='ltr'><strong>qui</strong></span> <span class='ocrx_word' id='word_1_216' title='bbox 2325 1380 2492 1433; x_wconf 84' lang='lat' dir='ltr'><strong>lucem</strong></span> <span class='ocrx_word' id='word_1_217' title='bbox 2535 1380 2948 1434; x_wconf 79' lang='lat' dir='ltr'><strong>innccessibilent</strong></span> <span class='ocrx_word' id='word_1_218' title='bbox 2984 1381 3026 1412; x_wconf 81' lang='lat'><strong>&quot;</strong></span> <span class='ocrx_word' id='word_1_219' title='bbox 3071 1383 3303 1434; x_wconf 87' lang='lat' dir='ltr'><strong>nominat</strong></span> <span class='ocrx_word' id='word_1_220' title='bbox 3353 1382 3517 1437; x_wconf 87' lang='lat' dir='ltr'><strong>Deum</strong></span> 
     </span>
    </p>
   </div>
   <div class='ocr_carea' id='block_1_31' title="bbox 1942 1470 3518 1543">
    <p class='ocr_par' dir='ltr' id='par_1_31' title="bbox 1942 1470 3518 1543">
     <span class='ocr_line' id='line_1_31' title="bbox 1942 1470 3518 1543; baseline 0.002 -18"><span class='ocrx_word' id='word_1_221' title='bbox 1942 1474 2035 1543; x_wconf 87' lang='lat' dir='ltr'><strong>qui</strong></span> <span class='ocrx_word' id='word_1_222' title='bbox 2069 1480 2148 1525; x_wconf 85' lang='lat' dir='ltr'><strong>est</strong></span> <span class='ocrx_word' id='word_1_223' title='bbox 2196 1486 2351 1539; x_wconf 82' lang='lat' dir='ltr'><strong>super</strong></span> <span class='ocrx_word' id='word_1_224' title='bbox 2398 1471 2576 1524; x_wconf 86' lang='lat' dir='ltr'><strong>omnia</strong></span> <span class='ocrx_word' id='word_1_225' title='bbox 2613 1486 2632 1525; x_wconf 92' lang='lat'><strong><em>:</em></strong></span> <span class='ocrx_word' id='word_1_226' title='bbox 2680 1486 2743 1524; x_wconf 81' lang='lat' dir='ltr'><strong>ac</strong></span> <span class='ocrx_word' id='word_1_227' title='bbox 2786 1470 3047 1540; x_wconf 85' lang='lat' dir='ltr'><strong>ejusmodi</strong></span> <span class='ocrx_word' id='word_1_228' title='bbox 3091 1472 3380 1541; x_wconf 71' lang='lat' dir='ltr'><strong>adjectione</strong></span> <span class='ocrx_word' id='word_1_229' title='bbox 3423 1474 3518 1528; x_wconf 83' lang='lat' dir='ltr'><strong>de-</strong></span> 
     </span>
    </p>
   </div>
   <div class='ocr_carea' id='block_1_32' title="bbox 1944 1562 3517 1633">
    <p class='ocr_par' dir='ltr' id='par_1_32' title="bbox 1944 1562 3517 1633">
     <span class='ocr_line' id='line_1_32' title="bbox 1944 1562 3517 1633; baseline 0.001 -18"><span class='ocrx_word' id='word_1_230' title='bbox 1944 1563 2133 1633; x_wconf 79' lang='lat' dir='ltr'><strong>ﬁniens</strong></span> <span class='ocrx_word' id='word_1_231' title='bbox 2159 1577 2315 1632; x_wconf 81' lang='lat' dir='ltr'><strong>atque</strong></span> <span class='ocrx_word' id='word_1_232' title='bbox 2341 1562 2866 1631; x_wconf 75' lang='lat' dir='ltr'><strong>superexceuentiam</strong></span> <span class='ocrx_word' id='word_1_233' title='bbox 2907 1562 3041 1618; x_wconf 88' lang='lat' dir='ltr'><strong>lucis</strong></span> <span class='ocrx_word' id='word_1_234' title='bbox 3075 1568 3288 1620; x_wconf 81' lang='lat' dir='ltr'><strong>docens.</strong></span> <span class='ocrx_word' id='word_1_235' title='bbox 3321 1566 3517 1621; x_wconf 82' lang='lat' dir='ltr'><strong>Deinde</strong></span> 
     </span>
    </p>
   </div>
   <div class='ocr_carea' id='block_1_33' title="bbox 1943 1649 3519 1718">
    <p class='ocr_par' dir='ltr' id='par_1_33' title="bbox 1943 1649 3519 1718">
     <span class='ocr_line' id='line_1_33' title="bbox 1943 1649 3519 1718; baseline 0.003 -12"><span class='ocrx_word' id='word_1_236' title='bbox 1943 1669 2063 1706; x_wconf 81' lang='lat' dir='ltr'><strong>cum</strong></span> <span class='ocrx_word' id='word_1_237' title='bbox 2126 1662 2329 1706; x_wconf 69' lang='lat' dir='ltr'><strong>tanturn</strong></span> <span class='ocrx_word' id='word_1_238' title='bbox 2412 1652 2547 1706; x_wconf 83' lang='lat' dir='ltr'><strong>lucis</strong></span> <span class='ocrx_word' id='word_1_239' title='bbox 2615 1649 2899 1705; x_wconf 82' lang='lat' dir='ltr'><strong>discrimen</strong></span> <span class='ocrx_word' id='word_1_240' title='bbox 2969 1650 3310 1707; x_wconf 82' lang='lat' dir='ltr'><strong>didicerimus</strong></span> <span class='ocrx_word' id='word_1_241' title='bbox 3340 1693 3356 1718; x_wconf 93' lang='lat'><strong>,</strong></span> <span class='ocrx_word' id='word_1_242' title='bbox 3414 1671 3519 1710; x_wconf 88' lang='lat' dir='ltr'><strong>non</strong></span> 
     </span>
    </p>
   </div>
   <div class='ocr_carea' id='block_1_34' title="bbox 259 1730 1838 1813">
    <p class='ocr_par' dir='ltr' id='par_1_34' title="bbox 259 1741 1838 1813">
     <span class='ocr_line' id='line_1_34' title="bbox 259 1741 1838 1813; baseline 0.001 -18"><span class='ocrx_word' id='word_1_243' title='bbox 259 1741 583 1812; x_wconf 65' lang='grc' dir='ltr'>ριιλλιηὴν</span> <span class='ocrx_word' id='word_1_244' title='bbox 629 1742 1038 1811; x_wconf 78' lang='grc' dir='ltr'>μεμαθηκότες</span> <span class='ocrx_word' id='word_1_245' title='bbox 1064 1782 1080 1806; x_wconf 84' lang='grc'>,</span> <span class='ocrx_word' id='word_1_246' title='bbox 1123 1744 1235 1797; x_wconf 78' lang='grc' dir='ltr'>οὐκ</span> <span class='ocrx_word' id='word_1_247' title='bbox 1285 1742 1616 1812; x_wconf 78' lang='grc' dir='ltr'><strong>ἀνεξόμεθα</strong></span> <span class='ocrx_word' id='word_1_248' title='bbox 1663 1743 1838 1813; x_wconf 76' lang='grc' dir='ltr'>μέχρι</span> 
     </span>
    </p>
   </div>
   <div class='ocr_carea' id='block_1_35' title="bbox 1938 1730 3520 1813">
    <p class='ocr_par' dir='ltr' id='par_1_35' title="bbox 1945 1742 3520 1813">
     <span class='ocr_line' id='line_1_35' title="bbox 1945 1742 3520 1813; baseline 0.001 -15"><span class='ocrx_word' id='word_1_249' title='bbox 1945 1743 2317 1798; x_wconf 79' lang='lat' dir='ltr'><strong>sustinebimus</strong></span> <span class='ocrx_word' id='word_1_250' title='bbox 2381 1758 2444 1797; x_wconf 84' lang='lat' dir='ltr'><strong>ne</strong></span> <span class='ocrx_word' id='word_1_251' title='bbox 2511 1743 2719 1813; x_wconf 83' lang='lat' dir='ltr'><strong>quidem</strong></span> <span class='ocrx_word' id='word_1_252' title='bbox 2778 1758 2940 1812; x_wconf 87' lang='lat' dir='ltr'><strong>usque</strong></span> <span class='ocrx_word' id='word_1_253' title='bbox 3000 1742 3070 1797; x_wconf 84' lang='lat' dir='ltr'><strong>ad</strong></span> <span class='ocrx_word' id='word_1_254' title='bbox 3126 1745 3315 1800; x_wconf 77' lang='lat' dir='ltr'><strong>exilem</strong></span> <span class='ocrx_word' id='word_1_255' title='bbox 3362 1746 3520 1801; x_wconf 79' lang='lat' dir='ltr'><strong>audi-</strong></span> 
     </span>
    </p>
   </div>
   <div class='ocr_carea' id='block_1_36' title="bbox 263 1828 1841 1903">
    <p class='ocr_par' dir='ltr' id='par_1_36' title="bbox 263 1828 1841 1903">
     <span class='ocr_line' id='line_1_36' title="bbox 263 1828 1841 1903; baseline -0.011 -12"><span class='ocrx_word' id='word_1_256' title='bbox 263 1829 455 1901; x_wconf 62' lang='grc' dir='ltr'>ψιλῆς</span> <span class='ocrx_word' id='word_1_257' title='bbox 492 1829 641 1902; x_wconf 74' lang='grc' dir='ltr'>γοῦν</span> <span class='ocrx_word' id='word_1_258' title='bbox 670 1831 892 1900; x_wconf 80' lang='grc' dir='ltr'><strong>ἀκοῆς,</strong></span> <span class='ocrx_word' id='word_1_259' title='bbox 920 1829 1036 1899; x_wconf 81' lang='grc' dir='ltr'>τὴν</span> <span class='ocrx_word' id='word_1_260' title='bbox 1080 1830 1277 1901; x_wconf 80' lang='grc' dir='ltr'>αὐτὴν</span> <span class='ocrx_word' id='word_1_261' title='bbox 1322 1828 1474 1886; x_wconf 79' lang='grc' dir='ltr'>εἶναι</span> <span class='ocrx_word' id='word_1_262' title='bbox 1525 1833 1719 1903; x_wconf 73' lang='grc' dir='ltr'>φωτὸς</span> <span class='ocrx_word' id='word_1_263' title='bbox 1751 1834 1841 1887; x_wconf 70' lang='grc' dir='ltr'>έν.</span> 
     </span>
    </p>
   </div>
   <div class='ocr_carea' id='block_1_37' title="bbox 263 1918 1838 1996">
    <p class='ocr_par' dir='ltr' id='par_1_37' title="bbox 263 1918 1838 1996">
     <span class='ocr_line' id='line_1_37' title="bbox 263 1918 1838 1996; baseline 0 -18"><span class='ocrx_word' id='word_1_264' title='bbox 263 1939 478 1987; x_wconf 86' lang='grc' dir='ltr'>νοιαν;</span> <span class='ocrx_word' id='word_1_265' title='bbox 515 1918 664 1994; x_wconf 74' lang='grc' dir='ltr'>’Δρα</span> <span class='ocrx_word' id='word_1_266' title='bbox 696 1921 1014 1987; x_wconf 79' lang='grc' dir='ltr'><strong>σπουδάζων</strong></span> <span class='ocrx_word' id='word_1_267' title='bbox 1039 1926 1111 1978; x_wconf 74' lang='grc' dir='ltr'><strong>τά</strong></span> <span class='ocrx_word' id='word_1_268' title='bbox 1131 1922 1354 1977; x_wconf 84' lang='grc' dir='ltr'>τοιαῦτα</span> <span class='ocrx_word' id='word_1_269' title='bbox 1383 1923 1471 1978; x_wconf 79' lang='grc' dir='ltr'><strong>διά</strong></span> <span class='ocrx_word' id='word_1_270' title='bbox 1497 1924 1606 1978; x_wconf 86' lang='grc' dir='ltr'><strong>τῶν</strong></span> <span class='ocrx_word' id='word_1_271' title='bbox 1635 1927 1838 1996; x_wconf 72' lang='grc' dir='ltr'><strong>ὲπιχει⁴</strong></span> 
     </span>
    </p>
   </div>
   <div class='ocr_carea' id='block_1_38' title="bbox 267 2012 1839 2089">
    <p class='ocr_par' dir='ltr' id='par_1_38' title="bbox 267 2012 1839 2089">
     <span class='ocr_line' id='line_1_38' title="bbox 267 2012 1839 2089; baseline 0.003 -23"><span class='ocrx_word' id='word_1_272' title='bbox 267 2015 528 2087; x_wconf 79' lang='grc' dir='ltr'>ρημάτων</span> <span class='ocrx_word' id='word_1_273' title='bbox 573 2012 713 2067; x_wconf 81' lang='grc' dir='ltr'><strong>κατά</strong></span> <span class='ocrx_word' id='word_1_274' title='bbox 754 2013 855 2085; x_wconf 84' lang='grc' dir='ltr'>τῆς</span> <span class='ocrx_word' id='word_1_275' title='bbox 904 2013 1160 2085; x_wconf 79' lang='grc' dir='ltr'><strong>ἀληθείας</strong></span> <span class='ocrx_word' id='word_1_276' title='bbox 1213 2014 1685 2087; x_wconf 77' lang='grc' dir='ltr'>προϐάλλεται;ἢ</span> <span class='ocrx_word' id='word_1_277' title='bbox 1739 2017 1839 2089; x_wconf 81' lang='grc' dir='ltr'>τῆς</span> 
     </span>
    </p>
   </div>
   <div class='ocr_carea' id='block_1_39' title="bbox 261 2104 1838 2177">
    <p class='ocr_par' dir='ltr' id='par_1_39' title="bbox 261 2104 1838 2177">
     <span class='ocr_line' id='line_1_39' title="bbox 261 2104 1838 2177; baseline 0.001 -17"><span class='ocrx_word' id='word_1_278' title='bbox 261 2104 622 2177; x_wconf 82' lang='grc' dir='ltr'>ἀναισθησίας</span> <span class='ocrx_word' id='word_1_279' title='bbox 647 2107 757 2160; x_wconf 88' lang='grc' dir='ltr'><strong>τῶν</strong></span> <span class='ocrx_word' id='word_1_280' title='bbox 787 2105 1067 2176; x_wconf 78' lang='grc' dir='ltr'>ἑπομένων</span> <span class='ocrx_word' id='word_1_281' title='bbox 1100 2105 1263 2160; x_wconf 67' lang='grc' dir='ltr'>αὺτοῦ</span> <span class='ocrx_word' id='word_1_282' title='bbox 1294 2110 1414 2171; x_wconf 86' lang='grc' dir='ltr'>ταῖς</span> <span class='ocrx_word' id='word_1_283' title='bbox 1439 2106 1675 2172; x_wconf 76' lang='grc' dir='ltr'>ἀπάταις</span> <span class='ocrx_word' id='word_1_284' title='bbox 1705 2108 1838 2161; x_wconf 83' lang='grc' dir='ltr'>ἀπο-</span> 
     </span>
    </p>
   </div>
   <div class='ocr_carea' id='block_1_40' title="bbox 260 2197 1837 2271">
    <p class='ocr_par' dir='ltr' id='par_1_40' title="bbox 260 2197 1837 2271">
     <span class='ocr_line' id='line_1_40' title="bbox 260 2197 1837 2271; baseline -0.001 -20"><span class='ocrx_word' id='word_1_285' title='bbox 260 2197 643 2271; x_wconf 73' lang='grc' dir='ltr'>πειρώμενοςς</span> <span class='ocrx_word' id='word_1_286' title='bbox 673 2198 906 2269; x_wconf 86' lang='grc' dir='ltr'>Πότερον</span> <span class='ocrx_word' id='word_1_287' title='bbox 931 2197 1185 2251; x_wconf 82' lang='grc' dir='ltr'>δύνανται</span> <span class='ocrx_word' id='word_1_288' title='bbox 1211 2198 1440 2253; x_wconf 81' lang='grc' dir='ltr'><strong>συνιδεῖν</strong></span> <span class='ocrx_word' id='word_1_289' title='bbox 1467 2199 1558 2252; x_wconf 72' lang='grc' dir='ltr'><strong>τὸν</strong></span> <span class='ocrx_word' id='word_1_290' title='bbox 1578 2197 1837 2270; x_wconf 86' lang='grc' dir='ltr'>παιδιώδη</span> 
     </span>
    </p>
   </div>
   <div class='ocr_carea' id='block_1_41' title="bbox 259 2287 1838 2364">
    <p class='ocr_par' dir='ltr' id='par_1_41' title="bbox 259 2287 1838 2364">
     <span class='ocr_line' id='line_1_41' title="bbox 259 2287 1838 2364; baseline -0.003 -18"><span class='ocrx_word' id='word_1_291' title='bbox 259 2290 675 2364; x_wconf 76' lang='grc' dir='ltr'>παραλογισμδν</span> <span class='ocrx_word' id='word_1_292' title='bbox 710 2288 805 2344; x_wconf 81' lang='grc' dir='ltr'><strong>τοῦ</strong></span> <span class='ocrx_word' id='word_1_293' title='bbox 835 2288 1196 2361; x_wconf 77' lang='grc' dir='ltr'>σοφίσματος,</span> <span class='ocrx_word' id='word_1_294' title='bbox 1225 2289 1259 2360; x_wconf 85' lang='grc' dir='ltr'>ἢ</span> <span class='ocrx_word' id='word_1_295' title='bbox 1291 2288 1386 2344; x_wconf 76' lang='grc' dir='ltr'>καὶ</span> <span class='ocrx_word' id='word_1_296' title='bbox 1418 2287 1552 2360; x_wconf 79' lang='grc' dir='ltr'>πρὸς</span> <span class='ocrx_word' id='word_1_297' title='bbox 1573 2288 1672 2361; x_wconf 82' lang='grc' dir='ltr'>τὴν</span> <span class='ocrx_word' id='word_1_298' title='bbox 1696 2287 1838 2342; x_wconf 76' lang='grc' dir='ltr'>οὕτω</span> 
     </span>
    </p>
   </div>
   <div class='ocr_carea' id='block_1_42' title="bbox 259 2374 1836 2455">
    <p class='ocr_par' dir='ltr' id='par_1_42' title="bbox 259 2374 1836 2455">
     <span class='ocr_line' id='line_1_42' title="bbox 259 2374 1836 2455; baseline -0.001 -21"><span class='ocrx_word' id='word_1_299' title='bbox 259 2381 529 2455; x_wconf 77' lang='grc' dir='ltr'>πρόδηλον</span> <span class='ocrx_word' id='word_1_300' title='bbox 555 2380 770 2451; x_wconf 79' lang='grc' dir='ltr'>ἀπάτην</span> <span class='ocrx_word' id='word_1_301' title='bbox 793 2378 1237 2451; x_wconf 53' lang='grc' dir='ltr'>ἀπισθητοῦσιη</span> <span class='ocrx_word' id='word_1_302' title='bbox 1266 2377 1407 2447; x_wconf 84' lang='grc' dir='ltr'><strong>Ἐγὼ</strong></span> <span class='ocrx_word' id='word_1_303' title='bbox 1431 2380 1529 2450; x_wconf 86' lang='grc' dir='ltr'>μὲν</span> <span class='ocrx_word' id='word_1_304' title='bbox 1552 2379 1658 2449; x_wconf 75' lang='grc' dir='ltr'><strong>γάρ</strong></span> <span class='ocrx_word' id='word_1_305' title='bbox 1684 2374 1836 2450; x_wconf 76' lang='grc' dir='ltr'>οἶμαι</span> 
     </span>
    </p>
   </div>
   <div class='ocr_carea' id='block_1_43' title="bbox 262 2468 1837 2544">
    <p class='ocr_par' dir='ltr' id='par_1_43' title="bbox 262 2468 1837 2544">
     <span class='ocr_line' id='line_1_43' title="bbox 262 2468 1837 2544; baseline -0.002 -18"><span class='ocrx_word' id='word_1_306' title='bbox 262 2473 472 2544; x_wconf 78' lang='grc' dir='ltr'>μηδένα</span> <span class='ocrx_word' id='word_1_307' title='bbox 502 2471 672 2535; x_wconf 79' lang='grc' dir='ltr'>οὕτως</span> <span class='ocrx_word' id='word_1_308' title='bbox 704 2472 931 2541; x_wconf 88' lang='grc' dir='ltr'>ἀνόητον</span> <span class='ocrx_word' id='word_1_309' title='bbox 950 2507 968 2536; x_wconf 83' lang='grc'><em>,</em></span> <span class='ocrx_word' id='word_1_310' title='bbox 1018 2469 1094 2534; x_wconf 83' lang='grc' dir='ltr'>ὡς</span> <span class='ocrx_word' id='word_1_311' title='bbox 1137 2469 1211 2542; x_wconf 84' lang='grc' dir='ltr'>μὴ</span> <span class='ocrx_word' id='word_1_312' title='bbox 1239 2469 1475 2524; x_wconf 81' lang='grc' dir='ltr'>συνιέναι</span> <span class='ocrx_word' id='word_1_313' title='bbox 1503 2469 1601 2541; x_wconf 81' lang='grc' dir='ltr'>τὴν</span> <span class='ocrx_word' id='word_1_314' title='bbox 1644 2471 1708 2523; x_wconf 80' lang='grc' dir='ltr'>ὲκ</span> <span class='ocrx_word' id='word_1_315' title='bbox 1740 2468 1837 2539; x_wconf 86' lang='grc' dir='ltr'>τῆς</span> 
     </span>
    </p>
   </div>
   <div class='ocr_carea' id='block_1_44' title="bbox 258 2555 1836 2637">
    <p class='ocr_par' dir='ltr' id='par_1_44' title="bbox 258 2555 1836 2637">
     <span class='ocr_line' id='line_1_44' title="bbox 258 2555 1836 2637; baseline -0.006 -17"><span class='ocrx_word' id='word_1_316' title='bbox 258 2563 584 2637; x_wconf 77' lang='grc' dir='ltr'>ὁμωνυμίας</span> <span class='ocrx_word' id='word_1_317' title='bbox 621 2562 836 2634; x_wconf 79' lang='grc' dir='ltr'>ἀπάτην</span> <span class='ocrx_word' id='word_1_318' title='bbox 856 2600 872 2626; x_wconf 91' lang='lat'><strong>,</strong></span> <span class='ocrx_word' id='word_1_319' title='bbox 901 2561 968 2615; x_wconf 83' lang='lat' dir='ltr'><strong>6t‘</strong></span> <span class='ocrx_word' id='word_1_320' title='bbox 996 2555 1065 2634; x_wconf 79' lang='grc' dir='ltr'>ἧς</span> <span class='ocrx_word' id='word_1_321' title='bbox 1093 2563 1121 2615; x_wconf 89' lang='lat'><strong>6</strong></span> <span class='ocrx_word' id='word_1_322' title='bbox 1148 2560 1408 2630; x_wconf 83' lang='grc' dir='ltr'>Εὑνόμιος</span> <span class='ocrx_word' id='word_1_323' title='bbox 1438 2560 1628 2613; x_wconf 78' lang='grc' dir='ltr'>ἑαυτόν</span> <span class='ocrx_word' id='word_1_324' title='bbox 1656 2575 1715 2612; x_wconf 89' lang='grc' dir='ltr'><strong>τε</strong></span> <span class='ocrx_word' id='word_1_325' title='bbox 1743 2559 1836 2613; x_wconf 79' lang='grc' dir='ltr'>καὶ</span> 
     </span>
    </p>
   </div>
   <div class='ocr_carea' id='block_1_45' title="bbox 258 2649 1835 2724">
    <p class='ocr_par' dir='ltr' id='par_1_45' title="bbox 258 2649 1835 2724">
     <span class='ocr_line' id='line_1_45' title="bbox 258 2649 1835 2724; baseline -0.01 -10"><span class='ocrx_word' id='word_1_326' title='bbox 258 2659 388 2721; x_wconf 81' lang='grc' dir='ltr'>τοὺς</span> <span class='ocrx_word' id='word_1_327' title='bbox 418 2657 540 2709; x_wconf 75' lang='grc' dir='ltr'>κατ’</span> <span class='ocrx_word' id='word_1_328' title='bbox 566 2653 730 2710; x_wconf 78' lang='grc' dir='ltr'>αὐτὸν</span> <span class='ocrx_word' id='word_1_329' title='bbox 766 2651 1192 2724; x_wconf 82' lang='grc' dir='ltr'>παρακρούεται.</span> <span class='ocrx_word' id='word_1_330' title='bbox 1222 2652 1343 2713; x_wconf 78' lang='grc' dir='ltr'><strong>Φῶς</strong></span> <span class='ocrx_word' id='word_1_331' title='bbox 1379 2652 1427 2704; x_wconf 79' lang='lat' dir='ltr'><strong>oi</strong></span> <span class='ocrx_word' id='word_1_332' title='bbox 1453 2649 1712 2721; x_wconf 78' lang='grc' dir='ltr'>μαθηταὶ,</span> <span class='ocrx_word' id='word_1_333' title='bbox 1740 2668 1835 2721; x_wconf 72' lang='grc' dir='ltr'>φη-</span> 
     </span>
    </p>
   </div>
   <div class='ocr_carea' id='block_1_46' title="bbox 259 2741 1832 2818">
    <p class='ocr_par' dir='ltr' id='par_1_46' title="bbox 259 2741 1832 2818">
     <span class='ocr_line' id='line_1_46' title="bbox 259 2741 1832 2818; baseline -0.007 -15"><span class='ocrx_word' id='word_1_334' title='bbox 259 2751 349 2804; x_wconf 74' lang='grc' dir='ltr'>σὶν</span> <span class='ocrx_word' id='word_1_335' title='bbox 368 2789 384 2813; x_wconf 86' lang='grc'><em>,</em></span> <span class='ocrx_word' id='word_1_336' title='bbox 413 2745 812 2818; x_wconf 78' lang='grc' dir='ltr'>ὠνομάσθησαν</span> <span class='ocrx_word' id='word_1_337' title='bbox 833 2783 850 2808; x_wconf 86' lang='grc'><em>,</em></span> <span class='ocrx_word' id='word_1_338' title='bbox 890 2742 1006 2813; x_wconf 77' lang='grc' dir='ltr'><strong>φῶς</strong></span> <span class='ocrx_word' id='word_1_339' title='bbox 1059 2743 1116 2798; x_wconf 85' lang='grc' dir='ltr'>δὲ</span> <span class='ocrx_word' id='word_1_340' title='bbox 1167 2741 1381 2811; x_wconf 86' lang='grc' dir='ltr'>λέγεται</span> <span class='ocrx_word' id='word_1_341' title='bbox 1431 2742 1525 2794; x_wconf 76' lang='grc' dir='ltr'>καὶ</span> <span class='ocrx_word' id='word_1_342' title='bbox 1580 2742 1641 2795; x_wconf 81' lang='grc' dir='ltr'>τὸ</span> <span class='ocrx_word' id='word_1_343' title='bbox 1676 2742 1736 2794; x_wconf 84' lang='grc' dir='ltr'>ὲν</span> <span class='ocrx_word' id='word_1_344' title='bbox 1765 2742 1832 2812; x_wconf 75' lang='grc' dir='ltr'>τῇ</span> 
     </span>
    </p>
   </div>
   <div class='ocr_carea' id='block_1_47' title="bbox 256 2828 1834 2909">
    <p class='ocr_par' dir='ltr' id='par_1_47' title="bbox 256 2828 1834 2909">
     <span class='ocr_line' id='line_1_47' title="bbox 256 2828 1834 2909; baseline -0.007 -15"><span class='ocrx_word' id='word_1_345' title='bbox 256 2841 441 2895; x_wconf 85' lang='grc' dir='ltr'>κτίσει</span> <span class='ocrx_word' id='word_1_346' title='bbox 465 2837 779 2909; x_wconf 78' lang='grc' dir='ltr'>γενόμενον.</span> <span class='ocrx_word' id='word_1_347' title='bbox 813 2830 947 2889; x_wconf 81' lang='grc' dir='ltr'>Εἶτα</span> <span class='ocrx_word' id='word_1_348' title='bbox 1005 2832 1090 2898; x_wconf 83' lang='grc' dir='ltr'><strong>τίς</strong></span> <span class='ocrx_word' id='word_1_349' title='bbox 1124 2834 1226 2887; x_wconf 76' lang='grc' dir='ltr'>οὐκ</span> <span class='ocrx_word' id='word_1_350' title='bbox 1255 2829 1393 2887; x_wconf 74' lang='grc' dir='ltr'>οἶδεν</span> <span class='ocrx_word' id='word_1_351' title='bbox 1426 2833 1508 2885; x_wconf 80' lang='grc' dir='ltr'>ὅτι</span> <span class='ocrx_word' id='word_1_352' title='bbox 1538 2828 1707 2902; x_wconf 76' lang='grc' dir='ltr'>δνομα</span> <span class='ocrx_word' id='word_1_353' title='bbox 1738 2831 1834 2902; x_wconf 66' lang='grc' dir='ltr'>μόα</span> 
     </span>
    </p>
   </div>
   <div class='ocr_carea' id='block_1_48' title="bbox 255 2921 1834 2995">
    <p class='ocr_par' dir='ltr' id='par_1_48' title="bbox 255 2921 1834 2995">
     <span class='ocr_line' id='line_1_48' title="bbox 255 2921 1834 2995; baseline -0.008 -10"><span class='ocrx_word' id='word_1_354' title='bbox 255 2948 353 2985; x_wconf 85' lang='grc' dir='ltr'><strong>νον</strong></span> <span class='ocrx_word' id='word_1_355' title='bbox 385 2932 449 2984; x_wconf 79' lang='grc' dir='ltr'>ὲν</span> <span class='ocrx_word' id='word_1_356' title='bbox 474 2928 687 2990; x_wconf 76' lang='grc' dir='ltr'>τούτοις</span> <span class='ocrx_word' id='word_1_357' title='bbox 721 2926 838 2980; x_wconf 64' lang='grc' dir='ltr'>ἑστι</span> <span class='ocrx_word' id='word_1_358' title='bbox 870 2923 1047 2980; x_wconf 89' lang='grc' dir='ltr'>κοινόν</span> <span class='ocrx_word' id='word_1_359' title='bbox 1071 2962 1090 2992; x_wconf 84' lang='grc'><strong><em>,</em></strong></span> <span class='ocrx_word' id='word_1_360' title='bbox 1123 2921 1187 2977; x_wconf 74' lang='grc' dir='ltr'><strong>τό</strong></span> <span class='ocrx_word' id='word_1_361' title='bbox 1213 2923 1271 2977; x_wconf 71' lang='grc' dir='ltr'>δὲ</span> <span class='ocrx_word' id='word_1_362' title='bbox 1315 2923 1710 2995; x_wconf 85' lang='grc' dir='ltr'>σημαινόμενον</span> <span class='ocrx_word' id='word_1_363' title='bbox 1746 2922 1834 2991; x_wconf 78' lang='grc' dir='ltr'><strong>ἐφ’</strong></span> 
     </span>
    </p>
   </div>
   <div class='ocr_carea' id='block_1_49' title="bbox 254 3011 1834 3092">
    <p class='ocr_par' dir='ltr' id='par_1_49' title="bbox 254 3011 1834 3092">
     <span class='ocr_line' id='line_1_49' title="bbox 254 3011 1834 3092; baseline -0.005 -19"><span class='ocrx_word' id='word_1_364' title='bbox 254 3021 527 3092; x_wconf 65' lang='grc' dir='ltr'>ἑκατέρου</span> <span class='ocrx_word' id='word_1_365' title='bbox 551 3019 839 3090; x_wconf 75' lang='grc' dir='ltr'>διάφορονς</span> <span class='ocrx_word' id='word_1_366' title='bbox 868 3015 941 3070; x_wconf 86' lang='lat' dir='ltr'><strong>T6</strong></span> <span class='ocrx_word' id='word_1_367' title='bbox 968 3015 1067 3086; x_wconf 84' lang='grc' dir='ltr'>μὲν</span> <span class='ocrx_word' id='word_1_368' title='bbox 1096 3013 1204 3087; x_wconf 82' lang='grc' dir='ltr'><strong>γὰρ</strong></span> <span class='ocrx_word' id='word_1_369' title='bbox 1231 3013 1453 3087; x_wconf 71' lang='grc' dir='ltr'>ἡλιακὸν</span> <span class='ocrx_word' id='word_1_370' title='bbox 1479 3013 1626 3084; x_wconf 81' lang='grc' dir='ltr'>φῶς,</span> <span class='ocrx_word' id='word_1_371' title='bbox 1659 3011 1834 3083; x_wconf 73' lang='grc' dir='ltr'>ὄψεώς</span> 
     </span>
    </p>
   </div>
   <div class='ocr_carea' id='block_1_50' title="bbox 254 3092 1906 3183">
    <p class='ocr_par' dir='ltr' id='par_1_50' title="bbox 254 3092 1906 3183">
     <span class='ocr_line' id='line_1_50' title="bbox 254 3092 1906 3183; baseline -0.004 -17"><span class='ocrx_word' id='word_1_372' title='bbox 254 3114 381 3166; x_wconf 64' lang='grc' dir='ltr'>ἔστι</span> <span class='ocrx_word' id='word_1_373' title='bbox 411 3109 764 3183; x_wconf 75' lang='grc' dir='ltr'>διακριτικὸν,</span> <span class='ocrx_word' id='word_1_374' title='bbox 803 3109 832 3163; x_wconf 88' lang='lat'><strong>6</strong></span> <span class='ocrx_word' id='word_1_375' title='bbox 861 3107 918 3162; x_wconf 81' lang='grc' dir='ltr'>δὲ</span> <span class='ocrx_word' id='word_1_376' title='bbox 950 3109 1048 3178; x_wconf 83' lang='grc' dir='ltr'>τῆς</span> <span class='ocrx_word' id='word_1_377' title='bbox 1077 3105 1420 3169; x_wconf 74' lang='grc' dir='ltr'>διδασκαλίας</span> <span class='ocrx_word' id='word_1_378' title='bbox 1443 3104 1553 3159; x_wconf 88' lang='grc' dir='ltr'><strong>τῶν</strong></span> <span class='ocrx_word' id='word_1_379' title='bbox 1583 3104 1836 3176; x_wconf 81' lang='grc' dir='ltr'>μαθητῶν</span> <span class='ocrx_word' id='word_1_380' title='bbox 1863 3092 1906 3150; x_wconf 77' lang='lat' dir='ltr'><strong><em>C</em></strong></span> 
     </span>
    </p>
   </div>
   <div class='ocr_carea' id='block_1_51' title="bbox 254 3194 1887 3268">
    <p class='ocr_par' dir='ltr' id='par_1_51' title="bbox 254 3194 1887 3268">
     <span class='ocr_line' id='line_1_51' title="bbox 254 3194 1887 3268; baseline -0.009 -13"><span class='ocrx_word' id='word_1_381' title='bbox 254 3201 423 3268; x_wconf 83' lang='grc' dir='ltr'>λόγος</span> <span class='ocrx_word' id='word_1_382' title='bbox 446 3239 462 3264; x_wconf 90' lang='grc'><em>,</em></span> <span class='ocrx_word' id='word_1_383' title='bbox 498 3200 618 3261; x_wconf 81' lang='grc' dir='ltr'>ταῖς</span> <span class='ocrx_word' id='word_1_384' title='bbox 661 3197 861 3268; x_wconf 78' lang='grc' dir='ltr'>ψυχαῖς</span> <span class='ocrx_word' id='word_1_385' title='bbox 891 3196 983 3250; x_wconf 78' lang='grc' dir='ltr'>τὸν</span> <span class='ocrx_word' id='word_1_386' title='bbox 1018 3194 1296 3266; x_wconf 77' lang='grc' dir='ltr'>φωτισμὸν</span> <span class='ocrx_word' id='word_1_387' title='bbox 1326 3197 1425 3266; x_wconf 78' lang='grc' dir='ltr'>τῆς</span> <span class='ocrx_word' id='word_1_388' title='bbox 1454 3194 1709 3266; x_wconf 81' lang='grc' dir='ltr'>ἀληθείας</span> <span class='ocrx_word' id='word_1_389' title='bbox 1748 3196 1838 3247; x_wconf 78' lang='grc' dir='ltr'><strong>ὲν-</strong></span> <span class='ocrx_word' id='word_1_390' title='bbox 1883 3237 1887 3241; x_wconf 84' lang='grc'><strong>.</strong></span> 
     </span>
    </p>
   </div>
   <div class='ocr_carea' id='block_1_52' title="bbox 253 3283 1836 3361">
    <p class='ocr_par' dir='ltr' id='par_1_52' title="bbox 253 3283 1836 3361">
     <span class='ocr_line' id='line_1_52' title="bbox 253 3283 1836 3361; baseline -0.004 -16"><span class='ocrx_word' id='word_1_391' title='bbox 253 3292 495 3361; x_wconf 76' lang='grc' dir='ltr'>τίθησιν.</span> <span class='ocrx_word' id='word_1_392' title='bbox 519 3291 582 3345; x_wconf 74' lang='lat' dir='ltr'><strong>Ei</strong></span> <span class='ocrx_word' id='word_1_393' title='bbox 622 3288 721 3361; x_wconf 75' lang='grc' dir='ltr'>μὲν</span> <span class='ocrx_word' id='word_1_394' title='bbox 749 3283 843 3342; x_wconf 74' lang='grc' dir='ltr'>οὖν</span> <span class='ocrx_word' id='word_1_395' title='bbox 882 3286 1083 3356; x_wconf 83' lang='grc' dir='ltr'>ταύτην</span> <span class='ocrx_word' id='word_1_396' title='bbox 1127 3287 1220 3340; x_wconf 77' lang='grc' dir='ltr'>καὶ</span> <span class='ocrx_word' id='word_1_397' title='bbox 1248 3286 1333 3339; x_wconf 77' lang='grc' dir='ltr'><strong>ἐπ’</strong></span> <span class='ocrx_word' id='word_1_398' title='bbox 1367 3286 1575 3340; x_wconf 84' lang='grc' dir='ltr'>ἐκείνου</span> <span class='ocrx_word' id='word_1_399' title='bbox 1601 3286 1693 3340; x_wconf 80' lang='grc' dir='ltr'>τοῦ</span> <span class='ocrx_word' id='word_1_400' title='bbox 1722 3303 1836 3354; x_wconf 78' lang='grc' dir='ltr'>φω-</span> 
     </span>
    </p>
   </div>
   <div class='ocr_carea' id='block_1_53' title="bbox 253 3373 1832 3449">
    <p class='ocr_par' dir='ltr' id='par_1_53' title="bbox 253 3373 1832 3449">
     <span class='ocr_line' id='line_1_53' title="bbox 253 3373 1832 3449; baseline -0.003 -16"><span class='ocrx_word' id='word_1_401' title='bbox 253 3380 354 3442; x_wconf 76' lang='grc' dir='ltr'>τὸς</span> <span class='ocrx_word' id='word_1_402' title='bbox 383 3380 480 3445; x_wconf 80' lang='grc' dir='ltr'>τὴν</span> <span class='ocrx_word' id='word_1_403' title='bbox 507 3378 768 3449; x_wconf 76' lang='grc' dir='ltr'>διαφοράν</span> <span class='ocrx_word' id='word_1_404' title='bbox 795 3373 936 3430; x_wconf 79' lang='grc' dir='ltr'>οἶδεν</span> <span class='ocrx_word' id='word_1_405' title='bbox 956 3392 970 3407; x_wconf 78' lang='grc' dir='ltr'><strong><em>ο</em></strong></span> <span class='ocrx_word' id='word_1_406' title='bbox 1002 3375 1077 3440; x_wconf 83' lang='grc' dir='ltr'>ὡς</span> <span class='ocrx_word' id='word_1_407' title='bbox 1114 3375 1174 3429; x_wconf 79' lang='grc' dir='ltr'>τὸ</span> <span class='ocrx_word' id='word_1_408' title='bbox 1199 3376 1297 3447; x_wconf 84' lang='grc' dir='ltr'>μὲν</span> <span class='ocrx_word' id='word_1_409' title='bbox 1329 3375 1577 3447; x_wconf 86' lang='grc' dir='ltr'>σώματος</span> <span class='ocrx_word' id='word_1_410' title='bbox 1605 3375 1832 3442; x_wconf 69' lang='grc' dir='ltr'>οἴεσθαι,</span> 
     </span>
    </p>
   </div>
   <div class='ocr_carea' id='block_1_54' title="bbox 253 3460 1838 3538">
    <p class='ocr_par' dir='ltr' id='par_1_54' title="bbox 253 3460 1838 3538">
     <span class='ocr_line' id='line_1_54' title="bbox 253 3460 1838 3538; baseline -0.003 -16"><span class='ocrx_word' id='word_1_411' title='bbox 253 3470 323 3522; x_wconf 74' lang='grc' dir='ltr'><strong>τὸ</strong></span> <span class='ocrx_word' id='word_1_412' title='bbox 373 3468 433 3521; x_wconf 80' lang='grc' dir='ltr'>δὲ</span> <span class='ocrx_word' id='word_1_413' title='bbox 468 3466 647 3538; x_wconf 74' lang='grc' dir='ltr'>ψυχῆς</span> <span class='ocrx_word' id='word_1_414' title='bbox 698 3460 840 3520; x_wconf 75' lang='grc' dir='ltr'>εἶναι</span> <span class='ocrx_word' id='word_1_415' title='bbox 875 3463 1027 3536; x_wconf 79' lang='grc' dir='ltr'>φῶς,</span> <span class='ocrx_word' id='word_1_416' title='bbox 1087 3464 1267 3518; x_wconf 73' lang='grc' dir='ltr'>οὐκέτι</span> <span class='ocrx_word' id='word_1_417' title='bbox 1315 3466 1445 3536; x_wconf 77' lang='grc' dir='ltr'>ἡμῖν</span> <span class='ocrx_word' id='word_1_418' title='bbox 1498 3464 1649 3519; x_wconf 75' lang='grc' dir='ltr'>ἔσται</span> <span class='ocrx_word' id='word_1_419' title='bbox 1702 3465 1838 3536; x_wconf 83' lang='grc' dir='ltr'>πρὸς</span> 
     </span>
    </p>
   </div>
   <div class='ocr_carea' id='block_1_55' title="bbox 254 3558 1837 3630">
    <p class='ocr_par' dir='ltr' id='par_1_55' title="bbox 254 3558 1837 3630">
     <span class='ocr_line' id='line_1_55' title="bbox 254 3558 1837 3630; baseline -0.004 -13"><span class='ocrx_word' id='word_1_420' title='bbox 254 3562 429 3617; x_wconf 62' lang='grc' dir='ltr'>αὐτὴν</span> <span class='ocrx_word' id='word_1_421' title='bbox 462 3560 620 3630; x_wconf 86' lang='grc' dir='ltr'>λόγος</span> <span class='ocrx_word' id='word_1_422' title='bbox 656 3559 829 3623; x_wconf 73' lang='grc' dir='ltr'>οὐδεὶς</span> <span class='ocrx_word' id='word_1_423' title='bbox 848 3599 864 3622; x_wconf 92' lang='lat'><strong>,</strong></span> <span class='ocrx_word' id='word_1_424' title='bbox 911 3559 1081 3628; x_wconf 80' lang='grc' dir='ltr'>αὐτῆς</span> <span class='ocrx_word' id='word_1_425' title='bbox 1130 3559 1232 3630; x_wconf 81' lang='grc' dir='ltr'>τῆς</span> <span class='ocrx_word' id='word_1_426' title='bbox 1263 3558 1557 3627; x_wconf 83' lang='grc' dir='ltr'>ἀπολογίας</span> <span class='ocrx_word' id='word_1_427' title='bbox 1594 3560 1687 3612; x_wconf 74' lang='grc' dir='ltr'>καὶ</span> <span class='ocrx_word' id='word_1_428' title='bbox 1730 3558 1837 3629; x_wconf 86' lang='grc' dir='ltr'>πρὸ</span> 
     </span>
    </p>
   </div>
   <div class='ocr_carea' id='block_1_56' title="bbox 255 3647 1836 3723">
    <p class='ocr_par' dir='ltr' id='par_1_56' title="bbox 255 3647 1836 3723">
     <span class='ocr_line' id='line_1_56' title="bbox 255 3647 1836 3723; baseline -0.003 -18"><span class='ocrx_word' id='word_1_429' title='bbox 255 3652 372 3706; x_wconf 88' lang='grc' dir='ltr'><strong>τῶν</strong></span> <span class='ocrx_word' id='word_1_430' title='bbox 402 3650 688 3723; x_wconf 75' lang='grc' dir='ltr'>ἡμετέρων</span> <span class='ocrx_word' id='word_1_431' title='bbox 735 3648 898 3702; x_wconf 81' lang='grc' dir='ltr'>αὑτὸν</span> <span class='ocrx_word' id='word_1_432' title='bbox 954 3647 1126 3717; x_wconf 87' lang='grc' dir='ltr'>λόγων</span> <span class='ocrx_word' id='word_1_433' title='bbox 1171 3648 1620 3720; x_wconf 76' lang='grc' dir='ltr'>κατακρινούσης.</span> <span class='ocrx_word' id='word_1_434' title='bbox 1663 3648 1725 3701; x_wconf 80' lang='lat' dir='ltr'><strong>Ei</strong></span> <span class='ocrx_word' id='word_1_435' title='bbox 1778 3647 1836 3701; x_wconf 78' lang='grc' dir='ltr'>δὲ</span> 
     </span>
    </p>
   </div>
   <div class='ocr_carea' id='block_1_57' title="bbox 254 3738 1834 3814">
    <p class='ocr_par' dir='ltr' id='par_1_57' title="bbox 254 3738 1834 3814">
     <span class='ocr_line' id='line_1_57' title="bbox 254 3738 1834 3814; baseline -0.001 -19"><span class='ocrx_word' id='word_1_436' title='bbox 254 3744 362 3814; x_wconf 72' lang='grc' dir='ltr'>τὴν</span> <span class='ocrx_word' id='word_1_437' title='bbox 388 3741 648 3812; x_wconf 82' lang='grc' dir='ltr'>τοιαύτην</span> <span class='ocrx_word' id='word_1_438' title='bbox 690 3740 778 3794; x_wconf 76' lang='grc' dir='ltr'><strong>ἐπ’</strong></span> <span class='ocrx_word' id='word_1_439' title='bbox 812 3740 1021 3794; x_wconf 71' lang='grc' dir='ltr'>ἐκείνου</span> <span class='ocrx_word' id='word_1_440' title='bbox 1059 3738 1153 3793; x_wconf 78' lang='grc' dir='ltr'><strong>τοῦ</strong></span> <span class='ocrx_word' id='word_1_441' title='bbox 1186 3739 1360 3810; x_wconf 76' lang='grc' dir='ltr'>φωτὸς</span> <span class='ocrx_word' id='word_1_442' title='bbox 1402 3738 1662 3809; x_wconf 72' lang='grc' dir='ltr'>διαφορὰν</span> <span class='ocrx_word' id='word_1_443' title='bbox 1694 3739 1834 3793; x_wconf 83' lang='grc' dir='ltr'>κατὰ</span> 
     </span>
    </p>
   </div>
   <div class='ocr_carea' id='block_1_58' title="bbox 254 3828 1835 3901">
    <p class='ocr_par' dir='ltr' id='par_1_58' title="bbox 254 3828 1835 3901">
     <span class='ocr_line' id='line_1_58' title="bbox 254 3828 1835 3901; baseline -0.003 -15"><span class='ocrx_word' id='word_1_444' title='bbox 254 3832 357 3886; x_wconf 72' lang='grc' dir='ltr'><strong>τὸν</strong></span> <span class='ocrx_word' id='word_1_445' title='bbox 384 3830 486 3901; x_wconf 82' lang='grc' dir='ltr'>τῆς</span> <span class='ocrx_word' id='word_1_446' title='bbox 532 3830 810 3901; x_wconf 78' lang='grc' dir='ltr'>ἐνεργείας</span> <span class='ocrx_word' id='word_1_447' title='bbox 856 3828 1055 3901; x_wconf 79' lang='grc' dir='ltr'>τρόπον</span> <span class='ocrx_word' id='word_1_448' title='bbox 1085 3829 1264 3900; x_wconf 85' lang='grc' dir='ltr'>εὑρεῖν</span> <span class='ocrx_word' id='word_1_449' title='bbox 1302 3829 1401 3883; x_wconf 81' lang='grc' dir='ltr'>οὐκ</span> <span class='ocrx_word' id='word_1_450' title='bbox 1436 3829 1548 3899; x_wconf 73' lang='grc' dir='ltr'>ἔχει</span> <span class='ocrx_word' id='word_1_451' title='bbox 1570 3845 1585 3860; x_wconf 86' lang='grc'><strong>·</strong></span> <span class='ocrx_word' id='word_1_452' title='bbox 1636 3830 1696 3882; x_wconf 82' lang='grc' dir='ltr'>οὐ</span> <span class='ocrx_word' id='word_1_453' title='bbox 1727 3828 1835 3900; x_wconf 87' lang='grc' dir='ltr'><strong>γὰρ</strong></span> 
     </span>
    </p>
   </div>
   <div class='ocr_carea' id='block_1_59' title="bbox 256 3919 1835 3994">
    <p class='ocr_par' dir='ltr' id='par_1_59' title="bbox 256 3919 1835 3994">
     <span class='ocr_line' id='line_1_59' title="bbox 256 3919 1835 3994; baseline -0.004 -15"><span class='ocrx_word' id='word_1_454' title='bbox 256 3922 326 3979; x_wconf 83' lang='grc' dir='ltr'><strong>τδ</strong></span> <span class='ocrx_word' id='word_1_455' title='bbox 364 3922 467 3994; x_wconf 81' lang='grc' dir='ltr'>μὲν</span> <span class='ocrx_word' id='word_1_456' title='bbox 488 3920 788 3992; x_wconf 83' lang='grc' dir='ltr'>ὀφθαλμῶν</span> <span class='ocrx_word' id='word_1_457' title='bbox 807 3920 1008 3992; x_wconf 78' lang='grc' dir='ltr'>σαρκὸς</span> <span class='ocrx_word' id='word_1_458' title='bbox 1026 3961 1041 3986; x_wconf 88' lang='grc'><em>,</em></span> <span class='ocrx_word' id='word_1_459' title='bbox 1073 3919 1134 3973; x_wconf 72' lang='grc' dir='ltr'><strong>τὸ</strong></span> <span class='ocrx_word' id='word_1_460' title='bbox 1163 3920 1219 3973; x_wconf 78' lang='grc' dir='ltr'>δὲ</span> <span class='ocrx_word' id='word_1_461' title='bbox 1248 3919 1482 3984; x_wconf 87' lang='grc' dir='ltr'>διανοίας</span> <span class='ocrx_word' id='word_1_462' title='bbox 1513 3920 1631 3974; x_wconf 69' lang='grc' dir='ltr'>ἐστὶ</span> <span class='ocrx_word' id='word_1_463' title='bbox 1668 3936 1835 3990; x_wconf 83' lang='grc' dir='ltr'>φωτι-</span> 
     </span>
    </p>
   </div>
   <div class='ocr_carea' id='block_1_60' title="bbox 258 4009 1831 4082">
    <p class='ocr_par' dir='ltr' id='par_1_60' title="bbox 258 4009 1831 4082">
     <span class='ocr_line' id='line_1_60' title="bbox 258 4009 1831 4082; baseline -0.001 -16"><span class='ocrx_word' id='word_1_464' title='bbox 258 4013 482 4067; x_wconf 81' lang='grc' dir='ltr'>στικόν’</span> <span class='ocrx_word' id='word_1_465' title='bbox 529 4011 663 4066; x_wconf 83' lang='grc' dir='ltr'><strong>ἀλλά</strong></span> <span class='ocrx_word' id='word_1_466' title='bbox 703 4011 800 4082; x_wconf 87' lang='grc' dir='ltr'><strong>μία</strong></span> <span class='ocrx_word' id='word_1_467' title='bbox 836 4011 930 4065; x_wconf 79' lang='grc' dir='ltr'>καὶ</span> <span class='ocrx_word' id='word_1_468' title='bbox 969 4010 1158 4065; x_wconf 80' lang='grc' dir='ltr'>τούτου</span> <span class='ocrx_word' id='word_1_469' title='bbox 1190 4011 1441 4065; x_wconf 84' lang='grc' dir='ltr'>κάκείνου</span> <span class='ocrx_word' id='word_1_470' title='bbox 1471 4009 1563 4065; x_wconf 78' lang='grc' dir='ltr'>τοῦ</span> <span class='ocrx_word' id='word_1_471' title='bbox 1593 4011 1768 4081; x_wconf 80' lang='grc' dir='ltr'>φωτὸς</span> <span class='ocrx_word' id='word_1_472' title='bbox 1797 4012 1831 4081; x_wconf 77' lang='grc' dir='ltr'>ἡ</span> 
     </span>
    </p>
   </div>
   <div class='ocr_carea' id='block_1_61' title="bbox 254 4099 1834 4172">
    <p class='ocr_par' dir='ltr' id='par_1_61' title="bbox 254 4099 1834 4172">
     <span class='ocr_line' id='line_1_61' title="bbox 254 4099 1834 4172; baseline -0.001 -16"><span class='ocrx_word' id='word_1_473' title='bbox 254 4103 516 4172; x_wconf 73' lang='grc' dir='ltr'>ἆνέργεια</span> <span class='ocrx_word' id='word_1_474' title='bbox 540 4102 634 4155; x_wconf 69' lang='grc' dir='ltr'><strong>ἐπὶ</strong></span> <span class='ocrx_word' id='word_1_475' title='bbox 670 4101 779 4155; x_wconf 88' lang='grc' dir='ltr'><strong>τῶν</strong></span> <span class='ocrx_word' id='word_1_476' title='bbox 807 4100 987 4154; x_wconf 79' lang='grc' dir='ltr'>αὐτῶν</span> <span class='ocrx_word' id='word_1_477' title='bbox 1026 4100 1397 4172; x_wconf 75' lang='grc' dir='ltr'>ἐνεργουμένη</span> <span class='ocrx_word' id='word_1_478' title='bbox 1421 4117 1435 4131; x_wconf 87' lang='grc'><strong>·</strong></span> <span class='ocrx_word' id='word_1_479' title='bbox 1469 4099 1584 4163; x_wconf 87' lang='grc' dir='ltr'><strong>πῶς</strong></span> <span class='ocrx_word' id='word_1_480' title='bbox 1611 4099 1697 4154; x_wconf 72' lang='grc' dir='ltr'><strong>διὰ</strong></span> <span class='ocrx_word' id='word_1_481' title='bbox 1722 4100 1834 4154; x_wconf 88' lang='grc' dir='ltr'><strong>τῶν</strong></span> 
     </span>
    </p>
   </div>
   <div class='ocr_carea' id='block_1_62' title="bbox 253 4188 1833 4267">
    <p class='ocr_par' dir='ltr' id='par_1_62' title="bbox 253 4188 1833 4267">
     <span class='ocr_line' id='line_1_62' title="bbox 253 4188 1833 4267; baseline -0.001 -20"><span class='ocrx_word' id='word_1_482' title='bbox 253 4194 506 4267; x_wconf 61' lang='grc' dir='ltr'><strong>¹ἡλιακῶν</strong></span> <span class='ocrx_word' id='word_1_483' title='bbox 533 4192 767 4248; x_wconf 84' lang='grc' dir='ltr'>ἀκτίνων</span> <span class='ocrx_word' id='word_1_484' title='bbox 816 4192 912 4246; x_wconf 79' lang='grc' dir='ltr'>καὶ</span> <span class='ocrx_word' id='word_1_485' title='bbox 967 4191 1074 4245; x_wconf 89' lang='grc' dir='ltr'><strong>τῶν</strong></span> <span class='ocrx_word' id='word_1_486' title='bbox 1111 4188 1481 4244; x_wconf 82' lang='grc' dir='ltr'>ἀποστολικῶν</span> <span class='ocrx_word' id='word_1_487' title='bbox 1526 4188 1701 4258; x_wconf 80' lang='grc' dir='ltr'>λόγων</span> <span class='ocrx_word' id='word_1_488' title='bbox 1724 4229 1740 4256; x_wconf 87' lang='grc'><em>,</em></span> <span class='ocrx_word' id='word_1_489' title='bbox 1773 4190 1833 4245; x_wconf 74' lang='grc' dir='ltr'>τὸ</span> 
     </span>
    </p>
   </div>
   <div class='ocr_carea' id='block_1_63' title="bbox 253 4282 1833 4359">
    <p class='ocr_par' dir='ltr' id='par_1_63' title="bbox 253 4282 1833 4359">
     <span class='ocr_line' id='line_1_63' title="bbox 253 4282 1833 4359; baseline -0.002 -20"><span class='ocrx_word' id='word_1_490' title='bbox 253 4284 643 4359; x_wconf 80' lang='grc' dir='ltr'>παρηλλάχθαι</span> <span class='ocrx_word' id='word_1_491' title='bbox 689 4284 750 4338; x_wconf 80' lang='grc' dir='ltr'>τὸ</span> <span class='ocrx_word' id='word_1_492' title='bbox 791 4283 1075 4356; x_wconf 79' lang='grc' dir='ltr'>μονογενὲς</span> <span class='ocrx_word' id='word_1_493' title='bbox 1122 4282 1237 4352; x_wconf 85' lang='grc' dir='ltr'><strong>φῶς</strong></span> <span class='ocrx_word' id='word_1_494' title='bbox 1282 4282 1418 4354; x_wconf 83' lang='grc' dir='ltr'>πρὸς</span> <span class='ocrx_word' id='word_1_495' title='bbox 1467 4282 1527 4336; x_wconf 85' lang='grc' dir='ltr'>τὸ</span> <span class='ocrx_word' id='word_1_496' title='bbox 1569 4282 1833 4352; x_wconf 83' lang='grc' dir='ltr'>πατρικὸν</span> 
     </span>
    </p>
   </div>
   <div class='ocr_carea' id='block_1_64' title="bbox 254 4369 1827 4445">
    <p class='ocr_par' dir='ltr' id='par_1_64' title="bbox 254 4369 1827 4445">
     <span class='ocr_line' id='line_1_64' title="bbox 254 4369 1827 4445; baseline -0.001 -18"><span class='ocrx_word' id='word_1_497' title='bbox 254 4375 377 4445; x_wconf 70' lang='grc' dir='ltr'>φῶς</span> <span class='ocrx_word' id='word_1_498' title='bbox 432 4374 856 4439; x_wconf 72' lang='grc' dir='ltr'>ἀποδείκνυσινς</span> <span class='ocrx_word' id='word_1_499' title='bbox 917 4371 1056 4425; x_wconf 82' lang='grc' dir='ltr'>Ἀλλ’</span> <span class='ocrx_word' id='word_1_500' title='bbox 1104 4371 1133 4423; x_wconf 85' lang='lat'><strong>6</strong></span> <span class='ocrx_word' id='word_1_501' title='bbox 1185 4370 1287 4438; x_wconf 79' lang='grc' dir='ltr'>μὲν</span> <span class='ocrx_word' id='word_1_502' title='bbox 1339 4369 1503 4435; x_wconf 73' lang='grc' dir='ltr'><strong>Υἱὸς,</strong></span> <span class='ocrx_word' id='word_1_503' title='bbox 1554 4371 1827 4440; x_wconf 80' lang='grc' dir='ltr'>ἀληθινὸν,</span> 
     </span>
    </p>
   </div>
   <div class='ocr_carea' id='block_1_65' title="bbox 254 4462 1832 4539">
    <p class='ocr_par' dir='ltr' id='par_1_65' title="bbox 254 4462 1832 4539">
     <span class='ocr_line' id='line_1_65' title="bbox 254 4462 1832 4539; baseline -0.003 -19"><span class='ocrx_word' id='word_1_504' title='bbox 254 4468 416 4539; x_wconf 75' lang='grc' dir='ltr'>φησὶ,</span> <span class='ocrx_word' id='word_1_505' title='bbox 451 4463 670 4534; x_wconf 78' lang='grc' dir='ltr'>λέγεται</span> <span class='ocrx_word' id='word_1_506' title='bbox 700 4465 815 4533; x_wconf 79' lang='grc' dir='ltr'><strong>φῶς</strong></span> <span class='ocrx_word' id='word_1_507' title='bbox 835 4503 849 4529; x_wconf 92' lang='grc'>,</span> <span class='ocrx_word' id='word_1_508' title='bbox 878 4464 907 4517; x_wconf 91' lang='lat'><strong>6</strong></span> <span class='ocrx_word' id='word_1_509' title='bbox 940 4463 997 4516; x_wconf 84' lang='grc' dir='ltr'>δὲ</span> <span class='ocrx_word' id='word_1_510' title='bbox 1026 4463 1242 4534; x_wconf 78' lang='grc' dir='ltr'>Πατὴρ,</span> <span class='ocrx_word' id='word_1_511' title='bbox 1282 4462 1591 4534; x_wconf 79' lang='grc' dir='ltr'>ἀπρόσιτον.</span> <span class='ocrx_word' id='word_1_512' title='bbox 1625 4462 1832 4516; x_wconf 75' lang='grc' dir='ltr'>Οὐκοῦν</span> 
     </span>
    </p>
   </div>
   <div class='ocr_carea' id='block_1_66' title="bbox 253 4553 1834 4630">
    <p class='ocr_par' dir='ltr' id='par_1_66' title="bbox 253 4553 1834 4630">
     <span class='ocr_line' id='line_1_66' title="bbox 253 4553 1834 4630; baseline -0.003 -18"><span class='ocrx_word' id='word_1_513' title='bbox 253 4561 305 4612; x_wconf 78' lang='lat' dir='ltr'><strong>oi</strong></span> <span class='ocrx_word' id='word_1_514' title='bbox 357 4556 773 4630; x_wconf 81' lang='grc' dir='ltr'>προσδιορισμοὶ</span> <span class='ocrx_word' id='word_1_515' title='bbox 804 4555 903 4626; x_wconf 72' lang='grc' dir='ltr'>τὴν</span> <span class='ocrx_word' id='word_1_516' title='bbox 937 4553 1077 4608; x_wconf 76' lang='grc' dir='ltr'>κατὰ</span> <span class='ocrx_word' id='word_1_517' title='bbox 1104 4554 1166 4607; x_wconf 79' lang='grc' dir='ltr'>τὸ</span> <span class='ocrx_word' id='word_1_518' title='bbox 1218 4555 1400 4625; x_wconf 73' lang='grc' dir='ltr'>μεῖζον</span> <span class='ocrx_word' id='word_1_519' title='bbox 1440 4555 1699 4627; x_wconf 83' lang='grc' dir='ltr'>διαφοράν</span> <span class='ocrx_word' id='word_1_520' title='bbox 1738 4555 1834 4608; x_wconf 84' lang='grc' dir='ltr'>τοῦ</span> 
     </span>
    </p>
   </div>
   <div class='ocr_carea' id='block_1_67' title="bbox 255 4645 1834 4721">
    <p class='ocr_par' dir='ltr' id='par_1_67' title="bbox 255 4645 1834 4721">
     <span class='ocr_line' id='line_1_67' title="bbox 255 4645 1834 4721; baseline -0.001 -20"><span class='ocrx_word' id='word_1_521' title='bbox 255 4648 532 4721; x_wconf 76' lang='grc' dir='ltr'>πατρικοῦ</span> <span class='ocrx_word' id='word_1_522' title='bbox 565 4647 742 4716; x_wconf 73' lang='grc' dir='ltr'>φωτὸς</span> <span class='ocrx_word' id='word_1_523' title='bbox 767 4645 1177 4718; x_wconf 79' lang='grc' dir='ltr'>ἑρμηνεύουσιν.</span> <span class='ocrx_word' id='word_1_524' title='bbox 1210 4645 1371 4698; x_wconf 81' lang='grc' dir='ltr'>’Δλλο</span> <span class='ocrx_word' id='word_1_525' title='bbox 1397 4646 1505 4718; x_wconf 86' lang='grc' dir='ltr'><strong>γάρ</strong></span> <span class='ocrx_word' id='word_1_526' title='bbox 1529 4663 1581 4699; x_wconf 89' lang='grc' dir='ltr'><strong>τι</strong></span> <span class='ocrx_word' id='word_1_527' title='bbox 1610 4646 1673 4699; x_wconf 80' lang='grc' dir='ltr'><strong>τὸ</strong></span> <span class='ocrx_word' id='word_1_528' title='bbox 1700 4646 1834 4716; x_wconf 85' lang='grc' dir='ltr'>ἀλη-</span> 
     </span>
    </p>
   </div>
   <div class='ocr_carea' id='block_1_68' title="bbox 255 4733 1835 4809">
    <p class='ocr_par' dir='ltr' id='par_1_68' title="bbox 255 4733 1835 4809">
     <span class='ocr_line' id='line_1_68' title="bbox 255 4733 1835 4809; baseline -0.001 -14"><span class='ocrx_word' id='word_1_529' title='bbox 255 4741 428 4803; x_wconf 74' lang='grc' dir='ltr'>θινὸν,</span> <span class='ocrx_word' id='word_1_530' title='bbox 454 4739 551 4793; x_wconf 75' lang='grc' dir='ltr'>καὶ</span> <span class='ocrx_word' id='word_1_531' title='bbox 580 4737 708 4792; x_wconf 74' lang='grc' dir='ltr'>ἄλλο</span> <span class='ocrx_word' id='word_1_532' title='bbox 736 4739 796 4791; x_wconf 77' lang='grc' dir='ltr'>τὸ</span> <span class='ocrx_word' id='word_1_533' title='bbox 822 4737 1116 4809; x_wconf 85' lang='grc' dir='ltr'>ἀπρόσιτον</span> <span class='ocrx_word' id='word_1_534' title='bbox 1144 4737 1338 4794; x_wconf 77' lang='grc' dir='ltr'>οἴεται.</span> <span class='ocrx_word' id='word_1_535' title='bbox 1365 4733 1502 4794; x_wconf 73' lang='grc' dir='ltr'>Εἶτα</span> <span class='ocrx_word' id='word_1_536' title='bbox 1553 4739 1634 4802; x_wconf 76' lang='grc' dir='ltr'><strong>τίς</strong></span> <span class='ocrx_word' id='word_1_537' title='bbox 1664 4737 1835 4803; x_wconf 78' lang='grc' dir='ltr'>οὕτως</span> 
     </span>
    </p>
   </div>
   <div class='ocr_carea' id='block_1_69' title="bbox 253 4827 1833 4900">
    <p class='ocr_par' dir='ltr' id='par_1_69' title="bbox 253 4827 1833 4900">
     <span class='ocr_line' id='line_1_69' title="bbox 253 4827 1833 4900; baseline 0.001 -17"><span class='ocrx_word' id='word_1_538' title='bbox 253 4830 466 4900; x_wconf 61' lang='grc' dir='ltr'>ἠλίθιος</span> <span class='ocrx_word' id='word_1_539' title='bbox 484 4869 501 4891; x_wconf 82' lang='lat'><strong>,</strong></span> <span class='ocrx_word' id='word_1_540' title='bbox 534 4827 610 4892; x_wconf 82' lang='grc' dir='ltr'>ὡς</span> <span class='ocrx_word' id='word_1_541' title='bbox 652 4827 726 4899; x_wconf 79' lang='grc' dir='ltr'>μὴ</span> <span class='ocrx_word' id='word_1_542' title='bbox 753 4830 981 4882; x_wconf 83' lang='grc' dir='ltr'>συνιδεῖν</span> <span class='ocrx_word' id='word_1_543' title='bbox 1009 4827 1106 4899; x_wconf 78' lang='grc' dir='ltr'>τὴν</span> <span class='ocrx_word' id='word_1_544' title='bbox 1134 4829 1241 4882; x_wconf 74' lang='grc' dir='ltr'><strong>τῶν</strong></span> <span class='ocrx_word' id='word_1_545' title='bbox 1266 4830 1677 4898; x_wconf 73' lang='grc' dir='ltr'>σημαινομένων</span> <span class='ocrx_word' id='word_1_546' title='bbox 1706 4832 1833 4884; x_wconf 75' lang='grc' dir='ltr'><strong>ταύ-</strong></span> 
     </span>
    </p>
   </div>
   <div class='ocr_carea' id='block_1_70' title="bbox 254 4917 1801 4988">
    <p class='ocr_par' dir='ltr' id='par_1_70' title="bbox 254 4917 1801 4988">
     <span class='ocr_line' id='line_1_70' title="bbox 254 4917 1801 4988; baseline 0 -14"><span class='ocrx_word' id='word_1_547' title='bbox 254 4921 494 4988; x_wconf 75' lang='grc' dir='ltr'>τότητας</span> <span class='ocrx_word' id='word_1_548' title='bbox 522 4918 599 4971; x_wconf 85' lang='lat' dir='ltr'><strong>T6</strong></span> <span class='ocrx_word' id='word_1_549' title='bbox 628 4919 736 4987; x_wconf 79' lang='grc' dir='ltr'>γὰρ</span> <span class='ocrx_word' id='word_1_550' title='bbox 764 4917 1017 4987; x_wconf 82' lang='grc' dir='ltr'>ἀληθινόν</span> <span class='ocrx_word' id='word_1_551' title='bbox 1038 4934 1095 4970; x_wconf 89' lang='grc' dir='ltr'><strong>τε</strong></span> <span class='ocrx_word' id='word_1_552' title='bbox 1124 4919 1215 4971; x_wconf 71' lang='grc' dir='ltr'>καὶ</span> <span class='ocrx_word' id='word_1_553' title='bbox 1251 4918 1311 4970; x_wconf 77' lang='grc' dir='ltr'>τὸ</span> <span class='ocrx_word' id='word_1_554' title='bbox 1346 4918 1641 4985; x_wconf 73' lang='grc' dir='ltr'>ἀπρόσιτον</span> <span class='ocrx_word' id='word_1_555' title='bbox 1666 4962 1681 4983; x_wconf 84' lang='grc'><em>,</em></span> <span class='ocrx_word' id='word_1_556' title='bbox 1709 4921 1801 4974; x_wconf 79' lang='grc' dir='ltr'>ἐπί</span> 
     </span>
    </p>
   </div>
   <div class='ocr_carea' id='block_1_71' title="bbox 258 5009 1832 5083">
    <p class='ocr_par' dir='ltr' id='par_1_71' title="bbox 258 5009 1832 5083">
     <span class='ocr_line' id='line_1_71' title="bbox 258 5009 1832 5083; baseline -0.001 -20"><span class='ocrx_word' id='word_1_557' title='bbox 258 5029 357 5081; x_wconf 73' lang='lat' dir='ltr'><strong>eq;</strong></span> <span class='ocrx_word' id='word_1_558' title='bbox 394 5012 510 5073; x_wconf 85' lang='grc' dir='ltr'>τοῖς</span> <span class='ocrx_word' id='word_1_559' title='bbox 540 5009 681 5063; x_wconf 86' lang='grc' dir='ltr'><strong>κατά</strong></span> <span class='ocrx_word' id='word_1_560' title='bbox 720 5009 780 5062; x_wconf 84' lang='grc' dir='ltr'>τὸ</span> <span class='ocrx_word' id='word_1_561' title='bbox 823 5010 1064 5063; x_wconf 79' lang='grc' dir='ltr'>ἐναντίον</span> <span class='ocrx_word' id='word_1_562' title='bbox 1106 5009 1415 5079; x_wconf 83' lang='grc' dir='ltr'>νοουμένοις</span> <span class='ocrx_word' id='word_1_563' title='bbox 1453 5009 1600 5063; x_wconf 77' lang='grc' dir='ltr'>ἐστὶν</span> <span class='ocrx_word' id='word_1_564' title='bbox 1627 5012 1832 5083; x_wconf 86' lang='grc' dir='ltr'>ἀπροσ-</span> 
     </span>
    </p>
   </div>
   <div class='ocr_carea' id='block_1_72' title="bbox 256 5096 1833 5169">
    <p class='ocr_par' dir='ltr' id='par_1_72' title="bbox 256 5096 1833 5169">
     <span class='ocr_line' id='line_1_72' title="bbox 256 5096 1833 5169; baseline 0.001 -17"><span class='ocrx_word' id='word_1_565' title='bbox 256 5100 565 5152; x_wconf 75' lang='grc' dir='ltr'>πέλαστον·</span> <span class='ocrx_word' id='word_1_566' title='bbox 598 5098 673 5161; x_wconf 82' lang='grc' dir='ltr'>ὡς</span> <span class='ocrx_word' id='word_1_567' title='bbox 705 5097 816 5169; x_wconf 84' lang='grc' dir='ltr'><strong>γάρ</strong></span> <span class='ocrx_word' id='word_1_568' title='bbox 866 5096 927 5149; x_wconf 83' lang='grc' dir='ltr'>τὸ</span> <span class='ocrx_word' id='word_1_569' title='bbox 979 5096 1174 5167; x_wconf 80' lang='grc' dir='ltr'>ἀληθὲς</span> <span class='ocrx_word' id='word_1_570' title='bbox 1222 5098 1320 5166; x_wconf 79' lang='grc' dir='ltr'>τὴν</span> <span class='ocrx_word' id='word_1_571' title='bbox 1378 5097 1471 5150; x_wconf 79' lang='grc' dir='ltr'><strong>τοῦ</strong></span> <span class='ocrx_word' id='word_1_572' title='bbox 1522 5097 1747 5167; x_wconf 72' lang='grc' dir='ltr'>ψεύδους</span> <span class='ocrx_word' id='word_1_573' title='bbox 1773 5101 1833 5153; x_wconf 74' lang='grc' dir='ltr'>οὐ</span> 
     </span>
    </p>
   </div>
   <div class='ocr_carea' id='block_1_73' title="bbox 1950 1833 3518 1906">
    <p class='ocr_par' dir='ltr' id='par_1_73' title="bbox 1950 1833 3518 1906">
     <span class='ocr_line' id='line_1_73' title="bbox 1950 1833 3518 1906; baseline 0.004 -18"><span class='ocrx_word' id='word_1_574' title='bbox 1950 1844 2061 1888; x_wconf 83' lang='lat' dir='ltr'><strong>tum</strong></span> <span class='ocrx_word' id='word_1_575' title='bbox 2087 1833 2320 1887; x_wconf 85' lang='lat' dir='ltr'><strong>eamdem</strong></span> <span class='ocrx_word' id='word_1_576' title='bbox 2362 1849 2475 1888; x_wconf 85' lang='lat' dir='ltr'><strong>esse</strong></span> <span class='ocrx_word' id='word_1_577' title='bbox 2517 1833 2650 1887; x_wconf 79' lang='lat' dir='ltr'><strong>lucis</strong></span> <span class='ocrx_word' id='word_1_578' title='bbox 2687 1834 2982 1887; x_wconf 81' lang='lat' dir='ltr'><strong>notitiam?</strong></span> <span class='ocrx_word' id='word_1_579' title='bbox 3027 1836 3107 1888; x_wconf 81' lang='lat' dir='ltr'><strong>An</strong></span> <span class='ocrx_word' id='word_1_580' title='bbox 3158 1836 3303 1890; x_wconf 81' lang='lat' dir='ltr'><strong>serio</strong></span> <span class='ocrx_word' id='word_1_581' title='bbox 3351 1851 3518 1906; x_wconf 77' lang='lat' dir='ltr'><strong>agens</strong></span> 
     </span>
    </p>
   </div>
   <div class='ocr_carea' id='block_1_74' title="bbox 1944 1927 3521 1999">
    <p class='ocr_par' dir='ltr' id='par_1_74' title="bbox 1944 1927 3521 1999">
     <span class='ocr_line' id='line_1_74' title="bbox 1944 1927 3521 1999; baseline 0.002 -19"><span class='ocrx_word' id='word_1_582' title='bbox 1944 1927 2070 1980; x_wconf 81' lang='lat' dir='ltr'><strong>talia</strong></span> <span class='ocrx_word' id='word_1_583' title='bbox 2090 1942 2183 1996; x_wconf 85' lang='lat' dir='ltr'><strong>per</strong></span> <span class='ocrx_word' id='word_1_584' title='bbox 2200 1927 2697 1993; x_wconf 64' lang='lat' dir='ltr'><strong>argumentationes</strong></span> <span class='ocrx_word' id='word_1_585' title='bbox 2719 1934 2908 1979; x_wconf 85' lang='lat' dir='ltr'><strong>contra</strong></span> <span class='ocrx_word' id='word_1_586' title='bbox 2928 1927 3210 1981; x_wconf 78' lang='lat' dir='ltr'><strong>veritatem</strong></span> <span class='ocrx_word' id='word_1_587' title='bbox 3229 1929 3480 1999; x_wconf 85' lang='lat' dir='ltr'><strong>proponit</strong></span> <span class='ocrx_word' id='word_1_588' title='bbox 3494 1929 3521 1983; x_wconf 73' lang='grc' dir='ltr'><strong><em>τ</em></strong></span> 
     </span>
    </p>
   </div>
   <div class='ocr_carea' id='block_1_75' title="bbox 1948 2013 3519 2084">
    <p class='ocr_par' dir='ltr' id='par_1_75' title="bbox 1948 2013 3519 2084">
     <span class='ocr_line' id='line_1_75' title="bbox 1948 2013 3519 2084; baseline 0.001 -14"><span class='ocrx_word' id='word_1_589' title='bbox 1948 2031 2020 2070; x_wconf 94' lang='lat' dir='ltr'><strong>an</strong></span> <span class='ocrx_word' id='word_1_590' title='bbox 2078 2025 2408 2071; x_wconf 79' lang='lat' dir='ltr'><strong>seetatorum</strong></span> <span class='ocrx_word' id='word_1_591' title='bbox 2475 2030 2697 2069; x_wconf 88' lang='lat' dir='ltr'><strong>suorum</strong></span> <span class='ocrx_word' id='word_1_592' title='bbox 2753 2023 3031 2084; x_wconf 79' lang='lat' dir='ltr'><strong>stuporem</strong></span> <span class='ocrx_word' id='word_1_593' title='bbox 3106 2014 3222 2069; x_wconf 86' lang='lat' dir='ltr'><strong>suis</strong></span> <span class='ocrx_word' id='word_1_594' title='bbox 3285 2013 3519 2072; x_wconf 79' lang='lat' dir='ltr'><strong>fallaciis</strong></span> 
     </span>
    </p>
   </div>
   <div class='ocr_carea' id='block_1_76' title="bbox 1944 2107 3518 2197">
    <p class='ocr_par' dir='ltr' id='par_1_76' title="bbox 1944 2107 3518 2197">
     <span class='ocr_line' id='line_1_76' title="bbox 1944 2107 3518 2197; baseline 0.001 -34"><span class='ocrx_word' id='word_1_595' title='bbox 1944 2109 2155 2164; x_wconf 87' lang='lat' dir='ltr'><strong>teutat?</strong></span> <span class='ocrx_word' id='word_1_596' title='bbox 2193 2116 2375 2162; x_wconf 86' lang='lat' dir='ltr'><strong>utrum</strong></span> <span class='ocrx_word' id='word_1_597' title='bbox 2409 2108 2621 2197; x_wconf 77' lang='lat' dir='ltr'><strong>possint</strong></span> <span class='ocrx_word' id='word_1_598' title='bbox 2674 2107 2932 2176; x_wconf 90' lang='lat' dir='ltr'><strong>puerilem</strong></span> <span class='ocrx_word' id='word_1_599' title='bbox 2968 2107 3386 2179; x_wconf 75' lang='lat' dir='ltr'><strong>paralogismum</strong></span> <span class='ocrx_word' id='word_1_600' title='bbox 3427 2122 3518 2164; x_wconf 87' lang='lat' dir='ltr'><strong>so-</strong></span> 
     </span>
    </p>
   </div>
   <div class='ocr_carea' id='block_1_77' title="bbox 1942 2196 3513 2270">
    <p class='ocr_par' dir='ltr' id='par_1_77' title="bbox 1942 2196 3513 2270">
     <span class='ocr_line' id='line_1_77' title="bbox 1942 2196 3513 2270; baseline 0.001 -17"><span class='ocrx_word' id='word_1_601' title='bbox 1942 2200 2225 2270; x_wconf 85' lang='lat' dir='ltr'><strong>phismatis</strong></span> <span class='ocrx_word' id='word_1_602' title='bbox 2245 2196 2541 2269; x_wconf 76' lang='lat' dir='ltr'><strong>percipere,</strong></span> <span class='ocrx_word' id='word_1_603' title='bbox 2583 2212 2652 2252; x_wconf 90' lang='lat' dir='ltr'><strong>au</strong></span> <span class='ocrx_word' id='word_1_604' title='bbox 2678 2198 2844 2252; x_wconf 88' lang='lat' dir='ltr'><strong>etiam</strong></span> <span class='ocrx_word' id='word_1_605' title='bbox 2886 2196 2953 2252; x_wconf 88' lang='lat' dir='ltr'><strong>ad</strong></span> <span class='ocrx_word' id='word_1_606' title='bbox 3003 2206 3114 2252; x_wconf 84' lang='lat' dir='ltr'><strong>tam</strong></span> <span class='ocrx_word' id='word_1_607' title='bbox 3162 2198 3513 2270; x_wconf 86' lang='lat' dir='ltr'><strong>perspicuum</strong></span> 
     </span>
    </p>
   </div>
   <div class='ocr_carea' id='block_1_78' title="bbox 1940 2287 3519 2346">
    <p class='ocr_par' dir='ltr' id='par_1_78' title="bbox 1940 2287 3519 2346">
     <span class='ocr_line' id='line_1_78' title="bbox 1940 2287 3519 2346; baseline -0.003 0"><span class='ocrx_word' id='word_1_608' title='bbox 1940 2305 2182 2346; x_wconf 88' lang='lat' dir='ltr'><strong>errorem</strong></span> <span class='ocrx_word' id='word_1_609' title='bbox 2239 2296 2294 2344; x_wconf 79' lang='lat' dir='ltr'><strong>et</strong></span> <span class='ocrx_word' id='word_1_610' title='bbox 2345 2289 2613 2344; x_wconf 79' lang='lat' dir='ltr'><strong>fallaciam</strong></span> <span class='ocrx_word' id='word_1_611' title='bbox 2667 2288 2965 2344; x_wconf 82' lang='lat' dir='ltr'><strong>hebescunt</strong></span> <span class='ocrx_word' id='word_1_612' title='bbox 3022 2304 3187 2345; x_wconf 88' lang='lat' dir='ltr'><strong>sensu</strong></span> <span class='ocrx_word' id='word_1_613' title='bbox 3222 2287 3519 2346; x_wconf 71' lang='lat' dir='ltr'><strong>carentes?</strong></span> 
     </span>
    </p>
   </div>
   <div class='ocr_carea' id='block_1_79' title="bbox 1941 2380 3517 2451">
    <p class='ocr_par' dir='ltr' id='par_1_79' title="bbox 1941 2380 3517 2451">
     <span class='ocr_line' id='line_1_79' title="bbox 1941 2380 3517 2451; baseline -0.001 -15"><span class='ocrx_word' id='word_1_614' title='bbox 1941 2380 2203 2451; x_wconf 86' lang='lat' dir='ltr'><strong>Equidem</strong></span> <span class='ocrx_word' id='word_1_615' title='bbox 2224 2380 2461 2435; x_wconf 81' lang='lat' dir='ltr'><strong>arbitror</strong></span> <span class='ocrx_word' id='word_1_616' title='bbox 2490 2380 2760 2435; x_wconf 87' lang='lat' dir='ltr'><strong>neminem</strong></span> <span class='ocrx_word' id='word_1_617' title='bbox 2793 2387 2902 2432; x_wconf 89' lang='lat' dir='ltr'><strong>tam</strong></span> <span class='ocrx_word' id='word_1_618' title='bbox 2940 2388 3212 2435; x_wconf 85' lang='lat' dir='ltr'><strong>amentem</strong></span> <span class='ocrx_word' id='word_1_619' title='bbox 3244 2386 3298 2434; x_wconf 90' lang='lat' dir='ltr'><strong>et</strong></span> <span class='ocrx_word' id='word_1_620' title='bbox 3340 2380 3517 2450; x_wconf 62' lang='lat' dir='ltr'><strong>stupio</strong></span> 
     </span>
    </p>
   </div>
   <div class='ocr_carea' id='block_1_80' title="bbox 1940 2470 3518 2541">
    <p class='ocr_par' dir='ltr' id='par_1_80' title="bbox 1940 2470 3518 2541">
     <span class='ocr_line' id='line_1_80' title="bbox 1940 2470 3518 2541; baseline -0.001 -12"><span class='ocrx_word' id='word_1_621' title='bbox 1940 2471 2071 2529; x_wconf 89' lang='lat' dir='ltr'><strong>dum</strong></span> <span class='ocrx_word' id='word_1_622' title='bbox 2097 2486 2238 2536; x_wconf 87' lang='lat' dir='ltr'><strong>esse,</strong></span> <span class='ocrx_word' id='word_1_623' title='bbox 2279 2480 2337 2526; x_wconf 90' lang='lat' dir='ltr'><strong>ut</strong></span> <span class='ocrx_word' id='word_1_624' title='bbox 2367 2488 2472 2527; x_wconf 92' lang='lat' dir='ltr'><strong>non</strong></span> <span class='ocrx_word' id='word_1_625' title='bbox 2500 2489 2560 2527; x_wconf 71' lang='lat' dir='ltr'><strong>ex</strong></span> <span class='ocrx_word' id='word_1_626' title='bbox 2594 2472 3026 2541; x_wconf 80' lang='lat' dir='ltr'><strong>:equivocatione</strong></span> <span class='ocrx_word' id='word_1_627' title='bbox 3071 2470 3334 2541; x_wconf 77' lang='lat' dir='ltr'><strong>intelligat</strong></span> <span class='ocrx_word' id='word_1_628' title='bbox 3365 2486 3518 2527; x_wconf 86' lang='lat' dir='ltr'><strong>erro-</strong></span> 
     </span>
    </p>
   </div>
   <div class='ocr_carea' id='block_1_81' title="bbox 1944 2558 3517 2632">
    <p class='ocr_par' dir='ltr' id='par_1_81' title="bbox 1944 2558 3517 2632">
     <span class='ocr_line' id='line_1_81' title="bbox 1944 2558 3517 2632; baseline -0.001 -16"><span class='ocrx_word' id='word_1_629' title='bbox 1944 2578 2055 2618; x_wconf 89' lang='lat' dir='ltr'><strong>rem</strong></span> <span class='ocrx_word' id='word_1_630' title='bbox 2089 2577 2183 2626; x_wconf 88' lang='lat' dir='ltr'><strong>per</strong></span> <span class='ocrx_word' id='word_1_631' title='bbox 2203 2578 2360 2632; x_wconf 88' lang='lat' dir='ltr'><strong>quem</strong></span> <span class='ocrx_word' id='word_1_632' title='bbox 2391 2571 2445 2618; x_wconf 90' lang='lat' dir='ltr'><strong>et</strong></span> <span class='ocrx_word' id='word_1_633' title='bbox 2472 2562 2712 2632; x_wconf 85' lang='lat' dir='ltr'><strong>seipsum</strong></span> <span class='ocrx_word' id='word_1_634' title='bbox 2739 2574 2977 2629; x_wconf 87' lang='lat' dir='ltr'><strong>suosque</strong></span> <span class='ocrx_word' id='word_1_635' title='bbox 3005 2558 3267 2615; x_wconf 87' lang='lat' dir='ltr'><strong>fallaciter</strong></span> <span class='ocrx_word' id='word_1_636' title='bbox 3281 2559 3517 2615; x_wconf 86' lang='lat' dir='ltr'><strong>succutit</strong></span> 
     </span>
    </p>
   </div>
   <div class='ocr_carea' id='block_1_82' title="bbox 1941 2647 3513 2719">
    <p class='ocr_par' dir='ltr' id='par_1_82' title="bbox 1941 2647 3513 2719">
     <span class='ocr_line' id='line_1_82' title="bbox 1941 2647 3513 2719; baseline -0.004 -11"><span class='ocrx_word' id='word_1_637' title='bbox 1941 2662 1996 2708; x_wconf 92' lang='lat' dir='ltr'><strong>et</strong></span> <span class='ocrx_word' id='word_1_638' title='bbox 2047 2652 2258 2707; x_wconf 78' lang='lat' dir='ltr'><strong>evertit.</strong></span> <span class='ocrx_word' id='word_1_639' title='bbox 2294 2650 2433 2714; x_wconf 82' lang='lat' dir='ltr'><strong>Lux,</strong></span> <span class='ocrx_word' id='word_1_640' title='bbox 2484 2651 2681 2719; x_wconf 82' lang='lat' dir='ltr'><strong>inquit,</strong></span> <span class='ocrx_word' id='word_1_641' title='bbox 2735 2649 2985 2719; x_wconf 88' lang='lat' dir='ltr'><strong>discipuli</strong></span> <span class='ocrx_word' id='word_1_642' title='bbox 3039 2647 3303 2701; x_wconf 88' lang='lat' dir='ltr'><strong>nominati</strong></span> <span class='ocrx_word' id='word_1_643' title='bbox 3351 2655 3513 2712; x_wconf 89' lang='lat' dir='ltr'><strong>sunt;</strong></span> 
     </span>
    </p>
   </div>
   <div class='ocr_carea' id='block_1_83' title="bbox 1942 2736 3515 2812">
    <p class='ocr_par' dir='ltr' id='par_1_83' title="bbox 1942 2736 3515 2812">
     <span class='ocr_line' id='line_1_83' title="bbox 1942 2736 3515 2812; baseline -0.002 -15"><span class='ocrx_word' id='word_1_644' title='bbox 1942 2744 2034 2798; x_wconf 82' lang='lat' dir='ltr'><strong>lux</strong></span> <span class='ocrx_word' id='word_1_645' title='bbox 2058 2742 2221 2797; x_wconf 88' lang='lat' dir='ltr'><strong>etiam</strong></span> <span class='ocrx_word' id='word_1_646' title='bbox 2250 2742 2447 2797; x_wconf 90' lang='lat' dir='ltr'><strong>dicitur</strong></span> <span class='ocrx_word' id='word_1_647' title='bbox 2475 2755 2594 2812; x_wconf 71' lang='lat' dir='ltr'><strong>qua:</strong></span> <span class='ocrx_word' id='word_1_648' title='bbox 2614 2741 2669 2795; x_wconf 87' lang='lat' dir='ltr'><strong>in</strong></span> <span class='ocrx_word' id='word_1_649' title='bbox 2695 2740 2972 2794; x_wconf 82' lang='lat' dir='ltr'><strong>creatione</strong></span> <span class='ocrx_word' id='word_1_650' title='bbox 3006 2739 3147 2792; x_wconf 87' lang='lat' dir='ltr'><strong>facta</strong></span> <span class='ocrx_word' id='word_1_651' title='bbox 3170 2744 3274 2793; x_wconf 91' lang='lat' dir='ltr'><strong>est.</strong></span> <span class='ocrx_word' id='word_1_652' title='bbox 3317 2736 3515 2794; x_wconf 85' lang='lat' dir='ltr'><strong>Deinde</strong></span> 
     </span>
    </p>
   </div>
   <div class='ocr_carea' id='block_1_84' title="bbox 1938 2831 3514 2909">
    <p class='ocr_par' dir='ltr' id='par_1_84' title="bbox 1938 2831 3514 2909">
     <span class='ocr_line' id='line_1_84' title="bbox 1938 2831 3514 2909; baseline -0.002 -21"><span class='ocrx_word' id='word_1_653' title='bbox 1938 2836 2063 2909; x_wconf 85' lang='lat' dir='ltr'><strong>quis</strong></span> <span class='ocrx_word' id='word_1_654' title='bbox 2092 2850 2201 2890; x_wconf 93' lang='lat' dir='ltr'><strong>non</strong></span> <span class='ocrx_word' id='word_1_655' title='bbox 2228 2833 2372 2891; x_wconf 81' lang='lat' dir='ltr'><strong>videt</strong></span> <span class='ocrx_word' id='word_1_656' title='bbox 2401 2848 2595 2889; x_wconf 88' lang='lat' dir='ltr'><strong>nomen</strong></span> <span class='ocrx_word' id='word_1_657' title='bbox 2625 2833 2800 2889; x_wconf 87' lang='lat' dir='ltr'><strong>solum</strong></span> <span class='ocrx_word' id='word_1_658' title='bbox 2840 2831 2896 2886; x_wconf 92' lang='lat' dir='ltr'><strong>in</strong></span> <span class='ocrx_word' id='word_1_659' title='bbox 2923 2831 3010 2887; x_wconf 85' lang='lat' dir='ltr'><strong>his</strong></span> <span class='ocrx_word' id='word_1_660' title='bbox 3042 2845 3167 2887; x_wconf 88' lang='lat' dir='ltr'><strong>esse</strong></span> <span class='ocrx_word' id='word_1_661' title='bbox 3200 2845 3514 2894; x_wconf 87' lang='lat' dir='ltr'><strong>commune.</strong></span> 
     </span>
    </p>
   </div>
   <div class='ocr_carea' id='block_1_85' title="bbox 1937 2922 3514 3000">
    <p class='ocr_par' dir='ltr' id='par_1_85' title="bbox 1937 2922 3514 3000">
     <span class='ocr_line' id='line_1_85' title="bbox 1937 2922 3514 3000; baseline -0.002 -18"><span class='ocrx_word' id='word_1_662' title='bbox 1937 2927 2302 3000; x_wconf 73' lang='lat' dir='ltr'><strong>significatum</strong></span> <span class='ocrx_word' id='word_1_663' title='bbox 2329 2942 2458 2982; x_wconf 82' lang='lat' dir='ltr'><strong>vero</strong></span> <span class='ocrx_word' id='word_1_664' title='bbox 2494 2926 2548 2981; x_wconf 90' lang='lat' dir='ltr'><strong>in</strong></span> <span class='ocrx_word' id='word_1_665' title='bbox 2576 2934 2818 2997; x_wconf 62' lang='lat' dir='ltr'><strong>utroque,</strong></span> <span class='ocrx_word' id='word_1_666' title='bbox 2847 2923 3102 2980; x_wconf 70' lang='lat' dir='ltr'><strong>differre?</strong></span> <span class='ocrx_word' id='word_1_667' title='bbox 3137 2922 3272 2978; x_wconf 83' lang='lat' dir='ltr'><strong>Nam</strong></span> <span class='ocrx_word' id='word_1_668' title='bbox 3317 2923 3514 2980; x_wconf 85' lang='lat' dir='ltr'><strong>solaris</strong></span> 
     </span>
    </p>
   </div>
   <div class='ocr_carea' id='block_1_86' title="bbox 1938 3017 3514 3091">
    <p class='ocr_par' dir='ltr' id='par_1_86' title="bbox 1938 3017 3514 3091">
     <span class='ocr_line' id='line_1_86' title="bbox 1938 3017 3514 3091; baseline -0.003 -17"><span class='ocrx_word' id='word_1_669' title='bbox 1938 3020 2155 3091; x_wconf 83' lang='lat' dir='ltr'><strong>quidem</strong></span> <span class='ocrx_word' id='word_1_670' title='bbox 2213 3020 2306 3075; x_wconf 81' lang='lat' dir='ltr'><strong>lux</strong></span> <span class='ocrx_word' id='word_1_671' title='bbox 2354 3020 2506 3076; x_wconf 84' lang='lat' dir='ltr'><strong>visus</strong></span> <span class='ocrx_word' id='word_1_672' title='bbox 2566 3029 2651 3076; x_wconf 91' lang='lat' dir='ltr'><strong>est</strong></span> <span class='ocrx_word' id='word_1_673' title='bbox 2703 3017 3039 3083; x_wconf 83' lang='lat' dir='ltr'><strong>discretiva;</strong></span> <span class='ocrx_word' id='word_1_674' title='bbox 3101 3029 3280 3072; x_wconf 87' lang='lat' dir='ltr'><strong>sermo</strong></span> <span class='ocrx_word' id='word_1_675' title='bbox 3333 3025 3514 3071; x_wconf 86' lang='lat' dir='ltr'><strong>autem</strong></span> 
     </span>
    </p>
   </div>
   <div class='ocr_carea' id='block_1_87' title="bbox 1938 3106 3515 3180">
    <p class='ocr_par' dir='ltr' id='par_1_87' title="bbox 1938 3106 3515 3180">
     <span class='ocr_line' id='line_1_87' title="bbox 1938 3106 3515 3180; baseline -0.004 -14"><span class='ocrx_word' id='word_1_676' title='bbox 1938 3112 2199 3167; x_wconf 66' lang='lat' dir='ltr'><strong>doctrinae</strong></span> <span class='ocrx_word' id='word_1_677' title='bbox 2241 3110 2632 3180; x_wconf 82' lang='lat' dir='ltr'><strong>discipulorum</strong></span> <span class='ocrx_word' id='word_1_678' title='bbox 2675 3108 2876 3164; x_wconf 85' lang='lat' dir='ltr'><strong>animis</strong></span> <span class='ocrx_word' id='word_1_679' title='bbox 2920 3107 3163 3164; x_wconf 85' lang='lat' dir='ltr'><strong>veritatis</strong></span> <span class='ocrx_word' id='word_1_680' title='bbox 3195 3106 3515 3160; x_wconf 88' lang='lat' dir='ltr'><strong>illustratio-</strong></span> 
     </span>
    </p>
   </div>
   <div class='ocr_carea' id='block_1_88' title="bbox 1936 3194 3509 3272">
    <p class='ocr_par' dir='ltr' id='par_1_88' title="bbox 1936 3194 3509 3272">
     <span class='ocr_line' id='line_1_88' title="bbox 1936 3194 3509 3272; baseline -0.006 -12"><span class='ocrx_word' id='word_1_681' title='bbox 1936 3218 2060 3259; x_wconf 81' lang='lat' dir='ltr'><strong>netn</strong></span> <span class='ocrx_word' id='word_1_682' title='bbox 2092 3202 2351 3257; x_wconf 82' lang='lat' dir='ltr'><strong>immittit.</strong></span> <span class='ocrx_word' id='word_1_683' title='bbox 2373 3201 2430 3256; x_wconf 86' lang='lat' dir='ltr'><strong>Si</strong></span> <span class='ocrx_word' id='word_1_684' title='bbox 2458 3202 2622 3272; x_wconf 70' lang='lat' dir='ltr'><strong>igitur</strong></span> <span class='ocrx_word' id='word_1_685' title='bbox 2651 3201 2792 3256; x_wconf 83' lang='lat' dir='ltr'><strong>hanc</strong></span> <span class='ocrx_word' id='word_1_686' title='bbox 2819 3202 2874 3255; x_wconf 90' lang='lat' dir='ltr'><strong>in</strong></span> <span class='ocrx_word' id='word_1_687' title='bbox 2906 3200 2996 3254; x_wconf 91' lang='lat' dir='ltr'><strong>illa</strong></span> <span class='ocrx_word' id='word_1_688' title='bbox 3023 3199 3140 3253; x_wconf 89' lang='lat' dir='ltr'><strong>luce</strong></span> <span class='ocrx_word' id='word_1_689' title='bbox 3154 3194 3509 3268; x_wconf 69' lang='lat' dir='ltr'><strong>differentiam</strong></span> 
     </span>
    </p>
   </div>
   <div class='ocr_carea' id='block_1_89' title="bbox 1938 3288 3514 3364">
    <p class='ocr_par' dir='ltr' id='par_1_89' title="bbox 1938 3288 3514 3364">
     <span class='ocr_line' id='line_1_89' title="bbox 1938 3288 3514 3364; baseline -0.005 -14"><span class='ocrx_word' id='word_1_690' title='bbox 1938 3297 2111 3355; x_wconf 82' lang='lat' dir='ltr'><strong>novit.</strong></span> <span class='ocrx_word' id='word_1_691' title='bbox 2141 3304 2198 3348; x_wconf 91' lang='lat' dir='ltr'><strong>ut</strong></span> <span class='ocrx_word' id='word_1_692' title='bbox 2238 3295 2382 3348; x_wconf 85' lang='lat' dir='ltr'><strong>illam</strong></span> <span class='ocrx_word' id='word_1_693' title='bbox 2417 3293 2636 3364; x_wconf 87' lang='lat' dir='ltr'><strong>quidem</strong></span> <span class='ocrx_word' id='word_1_694' title='bbox 2682 3290 2952 3363; x_wconf 87' lang='lat' dir='ltr'><strong>corporis,</strong></span> <span class='ocrx_word' id='word_1_695' title='bbox 2982 3290 3125 3344; x_wconf 83' lang='lat' dir='ltr'><strong>hanc</strong></span> <span class='ocrx_word' id='word_1_696' title='bbox 3163 3302 3292 3343; x_wconf 88' lang='lat' dir='ltr'><strong>vero</strong></span> <span class='ocrx_word' id='word_1_697' title='bbox 3317 3288 3514 3343; x_wconf 71' lang='lat' dir='ltr'><strong>anima:</strong></span> 
     </span>
    </p>
   </div>
   <div class='ocr_carea' id='block_1_90' title="bbox 1935 3379 3514 3450">
    <p class='ocr_par' dir='ltr' id='par_1_90' title="bbox 1935 3379 3514 3450">
     <span class='ocr_line' id='line_1_90' title="bbox 1935 3379 3514 3450; baseline -0.004 -10"><span class='ocrx_word' id='word_1_698' title='bbox 1935 3385 2110 3441; x_wconf 85' lang='lat' dir='ltr'><strong>lucem</strong></span> <span class='ocrx_word' id='word_1_699' title='bbox 2158 3400 2282 3440; x_wconf 88' lang='lat' dir='ltr'><strong>esse</strong></span> <span class='ocrx_word' id='word_1_700' title='bbox 2329 3385 2625 3450; x_wconf 80' lang='lat' dir='ltr'><strong>existimet,</strong></span> <span class='ocrx_word' id='word_1_701' title='bbox 2680 3384 2826 3439; x_wconf 90' lang='lat' dir='ltr'><strong>nulla</strong></span> <span class='ocrx_word' id='word_1_702' title='bbox 2864 3380 3023 3438; x_wconf 83' lang='lat' dir='ltr'><strong>nobis</strong></span> <span class='ocrx_word' id='word_1_703' title='bbox 3072 3395 3197 3437; x_wconf 91' lang='lat' dir='ltr'><strong>cum</strong></span> <span class='ocrx_word' id='word_1_704' title='bbox 3243 3379 3365 3449; x_wconf 89' lang='lat' dir='ltr'><strong>ipso</strong></span> <span class='ocrx_word' id='word_1_705' title='bbox 3407 3379 3514 3435; x_wconf 85' lang='lat' dir='ltr'><strong>erit</strong></span> 
     </span>
    </p>
   </div>
   <div class='ocr_carea' id='block_1_91' title="bbox 1935 3471 3513 3548">
    <p class='ocr_par' dir='ltr' id='par_1_91' title="bbox 1935 3471 3513 3548">
     <span class='ocr_line' id='line_1_91' title="bbox 1935 3471 3513 3548; baseline -0.004 -16"><span class='ocrx_word' id='word_1_706' title='bbox 1935 3477 2410 3548; x_wconf 87' lang='lat' dir='ltr'><strong>disputatio:cum</strong></span> <span class='ocrx_word' id='word_1_707' title='bbox 2448 3476 2563 3545; x_wconf 88' lang='lat' dir='ltr'><strong>ipsa</strong></span> <span class='ocrx_word' id='word_1_708' title='bbox 2614 3473 2863 3531; x_wconf 83' lang='lat' dir='ltr'><strong>defensio</strong></span> <span class='ocrx_word' id='word_1_709' title='bbox 2906 3488 3019 3546; x_wconf 72' lang='lat' dir='ltr'><strong>pra:</strong></span> <span class='ocrx_word' id='word_1_710' title='bbox 3065 3471 3272 3529; x_wconf 86' lang='lat' dir='ltr'><strong>nostris</strong></span> <span class='ocrx_word' id='word_1_711' title='bbox 3300 3484 3513 3528; x_wconf 81' lang='lat' dir='ltr'><strong>sermo-</strong></span> 
     </span>
    </p>
   </div>
   <div class='ocr_carea' id='block_1_92' title="bbox 1935 3561 3514 3636">
    <p class='ocr_par' dir='ltr' id='par_1_92' title="bbox 1935 3561 3514 3636">
     <span class='ocr_line' id='line_1_92' title="bbox 1935 3561 3514 3636; baseline -0.003 -14"><span class='ocrx_word' id='word_1_712' title='bbox 1935 3566 2098 3622; x_wconf 81' lang='lat' dir='ltr'><strong>nibus</strong></span> <span class='ocrx_word' id='word_1_713' title='bbox 2130 3567 2306 3636; x_wconf 89' lang='lat' dir='ltr'><strong>ipsum</strong></span> <span class='ocrx_word' id='word_1_714' title='bbox 2335 3566 2676 3621; x_wconf 86' lang='lat' dir='ltr'><strong>condemnet.</strong></span> <span class='ocrx_word' id='word_1_715' title='bbox 2707 3565 2863 3632; x_wconf 77' lang='lat' dir='ltr'><strong>Quod</strong></span> <span class='ocrx_word' id='word_1_716' title='bbox 2898 3565 2945 3621; x_wconf 90' lang='lat' dir='ltr'><strong>si</strong></span> <span class='ocrx_word' id='word_1_717' title='bbox 2978 3563 3141 3620; x_wconf 87' lang='lat' dir='ltr'><strong>talem</strong></span> <span class='ocrx_word' id='word_1_718' title='bbox 3167 3563 3222 3619; x_wconf 91' lang='lat' dir='ltr'><strong>in</strong></span> <span class='ocrx_word' id='word_1_719' title='bbox 3260 3562 3351 3617; x_wconf 88' lang='lat' dir='ltr'><strong>illa</strong></span> <span class='ocrx_word' id='word_1_720' title='bbox 3392 3561 3514 3618; x_wconf 87' lang='lat' dir='ltr'><strong>luce</strong></span> 
     </span>
    </p>
   </div>
   <div class='ocr_carea' id='block_1_93' title="bbox 1935 3654 3502 3726">
    <p class='ocr_par' dir='ltr' id='par_1_93' title="bbox 1935 3654 3502 3726">
     <span class='ocr_line' id='line_1_93' title="bbox 1935 3654 3502 3726; baseline -0.004 -14"><span class='ocrx_word' id='word_1_721' title='bbox 1935 3656 2295 3712; x_wconf 86' lang='lat' dir='ltr'><strong>differentiam</strong></span> <span class='ocrx_word' id='word_1_722' title='bbox 2328 3672 2394 3712; x_wconf 79' lang='lat' dir='ltr'><strong>ex</strong></span> <span class='ocrx_word' id='word_1_723' title='bbox 2431 3655 2764 3726; x_wconf 88' lang='lat' dir='ltr'><strong>operationis</strong></span> <span class='ocrx_word' id='word_1_724' title='bbox 2797 3654 2957 3711; x_wconf 89' lang='lat' dir='ltr'><strong>modo</strong></span> <span class='ocrx_word' id='word_1_725' title='bbox 3000 3654 3249 3710; x_wconf 82' lang='lat' dir='ltr'><strong>invenire</strong></span> <span class='ocrx_word' id='word_1_726' title='bbox 3274 3667 3386 3708; x_wconf 91' lang='lat' dir='ltr'><strong>non</strong></span> <span class='ocrx_word' id='word_1_727' title='bbox 3414 3666 3502 3723; x_wconf 71' lang='lat' dir='ltr'><strong>po</strong></span> 
     </span>
    </p>
   </div>
   <div class='ocr_carea' id='block_1_94' title="bbox 1935 3743 3513 3815">
    <p class='ocr_par' dir='ltr' id='par_1_94' title="bbox 1935 3743 3513 3815">
     <span class='ocr_line' id='line_1_94' title="bbox 1935 3743 3513 3815; baseline -0.001 -14"><span class='ocrx_word' id='word_1_728' title='bbox 1935 3754 2045 3802; x_wconf 87' lang='lat' dir='ltr'><strong>test</strong></span> <span class='ocrx_word' id='word_1_729' title='bbox 2075 3764 2088 3801; x_wconf 91' lang='lat'><strong>:</strong></span> <span class='ocrx_word' id='word_1_730' title='bbox 2125 3760 2234 3800; x_wconf 92' lang='lat' dir='ltr'><strong>non</strong></span> <span class='ocrx_word' id='word_1_731' title='bbox 2276 3745 2421 3799; x_wconf 86' lang='lat' dir='ltr'><strong>enim</strong></span> <span class='ocrx_word' id='word_1_732' title='bbox 2450 3745 2540 3799; x_wconf 83' lang='lat' dir='ltr'><strong>illa</strong></span> <span class='ocrx_word' id='word_1_733' title='bbox 2573 3745 2793 3815; x_wconf 82' lang='lat' dir='ltr'><strong>quidem</strong></span> <span class='ocrx_word' id='word_1_734' title='bbox 2837 3745 3122 3800; x_wconf 87' lang='lat' dir='ltr'><strong>oculorum</strong></span> <span class='ocrx_word' id='word_1_735' title='bbox 3153 3744 3360 3807; x_wconf 88' lang='lat' dir='ltr'><strong>carnis,</strong></span> <span class='ocrx_word' id='word_1_736' title='bbox 3397 3743 3513 3799; x_wconf 74' lang='lat' dir='ltr'><strong>haec</strong></span> 
     </span>
    </p>
   </div>
   <div class='ocr_carea' id='block_1_95' title="bbox 1933 3834 3511 3904">
    <p class='ocr_par' dir='ltr' id='par_1_95' title="bbox 1933 3834 3511 3904">
     <span class='ocr_line' id='line_1_95' title="bbox 1933 3834 3511 3904; baseline -0.004 -10"><span class='ocrx_word' id='word_1_737' title='bbox 1933 3852 2064 3894; x_wconf 83' lang='lat' dir='ltr'><strong>vero</strong></span> <span class='ocrx_word' id='word_1_738' title='bbox 2098 3837 2295 3892; x_wconf 86' lang='lat' dir='ltr'><strong>mentis</strong></span> <span class='ocrx_word' id='word_1_739' title='bbox 2340 3845 2421 3893; x_wconf 82' lang='lat' dir='ltr'><strong>est</strong></span> <span class='ocrx_word' id='word_1_740' title='bbox 2476 3835 2830 3891; x_wconf 77' lang='lat' dir='ltr'><strong>illuminatrix</strong></span> <span class='ocrx_word' id='word_1_741' title='bbox 2875 3854 2890 3891; x_wconf 89' lang='lat'><strong>:</strong></span> <span class='ocrx_word' id='word_1_742' title='bbox 2947 3835 3043 3891; x_wconf 88' lang='lat' dir='ltr'><strong>sed</strong></span> <span class='ocrx_word' id='word_1_743' title='bbox 3099 3850 3207 3890; x_wconf 87' lang='lat' dir='ltr'><strong>una</strong></span> <span class='ocrx_word' id='word_1_744' title='bbox 3253 3834 3420 3904; x_wconf 83' lang='lat' dir='ltr'><strong>hujus</strong></span> <span class='ocrx_word' id='word_1_745' title='bbox 3457 3842 3511 3889; x_wconf 89' lang='lat' dir='ltr'><strong>et</strong></span> 
     </span>
    </p>
   </div>
   <div class='ocr_carea' id='block_1_96' title="bbox 1934 3925 3508 3997">
    <p class='ocr_par' dir='ltr' id='par_1_96' title="bbox 1934 3925 3508 3997">
     <span class='ocr_line' id='line_1_96' title="bbox 1934 3925 3508 3997; baseline -0.004 -14"><span class='ocrx_word' id='word_1_746' title='bbox 1934 3927 2080 3983; x_wconf 84' lang='lat' dir='ltr'><strong>illius</strong></span> <span class='ocrx_word' id='word_1_747' title='bbox 2105 3927 2242 3984; x_wconf 87' lang='lat' dir='ltr'><strong>lucis</strong></span> <span class='ocrx_word' id='word_1_748' title='bbox 2287 3927 2529 3997; x_wconf 86' lang='lat' dir='ltr'><strong>operatio</strong></span> <span class='ocrx_word' id='word_1_749' title='bbox 2557 3943 2678 3997; x_wconf 67' lang='lat' dir='ltr'><strong>quae</strong></span> <span class='ocrx_word' id='word_1_750' title='bbox 2710 3929 2764 3981; x_wconf 94' lang='lat' dir='ltr'><strong>in</strong></span> <span class='ocrx_word' id='word_1_751' title='bbox 2817 3925 3009 3982; x_wconf 74' lang='lat' dir='ltr'><strong>iisdem</strong></span> <span class='ocrx_word' id='word_1_752' title='bbox 3042 3936 3299 3996; x_wconf 82' lang='lat' dir='ltr'><strong>operatur</strong></span> <span class='ocrx_word' id='word_1_753' title='bbox 3330 3944 3344 3979; x_wconf 91' lang='lat'>:</span> <span class='ocrx_word' id='word_1_754' title='bbox 3374 3941 3508 3995; x_wconf 82' lang='lat' dir='ltr'><strong>quo-</strong></span> 
     </span>
    </p>
   </div>
   <div class='ocr_carea' id='block_1_97' title="bbox 1936 4018 3511 4090">
    <p class='ocr_par' dir='ltr' id='par_1_97' title="bbox 1936 4018 3511 4090">
     <span class='ocr_line' id='line_1_97' title="bbox 1936 4018 3511 4090; baseline -0.001 -16"><span class='ocrx_word' id='word_1_755' title='bbox 1936 4020 2099 4075; x_wconf 90' lang='lat' dir='ltr'><strong>modo</strong></span> <span class='ocrx_word' id='word_1_756' title='bbox 2128 4034 2224 4090; x_wconf 88' lang='lat' dir='ltr'><strong>per</strong></span> <span class='ocrx_word' id='word_1_757' title='bbox 2272 4019 2480 4075; x_wconf 83' lang='lat' dir='ltr'><strong>solares</strong></span> <span class='ocrx_word' id='word_1_758' title='bbox 2533 4019 2714 4074; x_wconf 87' lang='lat' dir='ltr'><strong>radios</strong></span> <span class='ocrx_word' id='word_1_759' title='bbox 2747 4029 2800 4074; x_wconf 87' lang='lat' dir='ltr'><strong>et</strong></span> <span class='ocrx_word' id='word_1_760' title='bbox 2838 4018 3169 4088; x_wconf 82' lang='lat' dir='ltr'><strong>apostolicos</strong></span> <span class='ocrx_word' id='word_1_761' title='bbox 3229 4032 3511 4072; x_wconf 83' lang='lat' dir='ltr'><strong>sermones</strong></span> 
     </span>
    </p>
   </div>
   <div class='ocr_carea' id='block_1_98' title="bbox 1937 4108 3510 4181">
    <p class='ocr_par' dir='ltr' id='par_1_98' title="bbox 1937 4108 3510 4181">
     <span class='ocr_line' id='line_1_98' title="bbox 1937 4108 3510 4181; baseline -0.001 -18"><span class='ocrx_word' id='word_1_762' title='bbox 1937 4110 2207 4181; x_wconf 75' lang='lat' dir='ltr'><strong>llnigt-niti</strong></span> <span class='ocrx_word' id='word_1_763' title='bbox 2231 4111 2403 4166; x_wconf 84' lang='lat' dir='ltr'><strong>lucem</strong></span> <span class='ocrx_word' id='word_1_764' title='bbox 2434 4126 2463 4164; x_wconf 90' lang='lat' dir='ltr'><strong>a</strong></span> <span class='ocrx_word' id='word_1_765' title='bbox 2487 4110 2608 4165; x_wconf 81' lang='lat' dir='ltr'><strong>luce</strong></span> <span class='ocrx_word' id='word_1_766' title='bbox 2634 4121 2858 4179; x_wconf 78' lang='lat' dir='ltr'><strong>paterna</strong></span> <span class='ocrx_word' id='word_1_767' title='bbox 2897 4109 3102 4164; x_wconf 86' lang='lat' dir='ltr'><strong>distare</strong></span> <span class='ocrx_word' id='word_1_768' title='bbox 3134 4108 3510 4163; x_wconf 73' lang='lat' dir='ltr'><strong>demonstrat!</strong></span> 
     </span>
    </p>
   </div>
   <div class='ocr_carea' id='block_1_99' title="bbox 1935 4198 3509 4272">
    <p class='ocr_par' dir='ltr' id='par_1_99' title="bbox 1935 4198 3509 4272">
     <span class='ocr_line' id='line_1_99' title="bbox 1935 4198 3509 4272; baseline 0 -17"><span class='ocrx_word' id='word_1_769' title='bbox 1935 4201 2041 4257; x_wconf 77' lang='lat' dir='ltr'><strong>Sed</strong></span> <span class='ocrx_word' id='word_1_770' title='bbox 2075 4201 2244 4258; x_wconf 79' lang='lat' dir='ltr'><strong>Filius</strong></span> <span class='ocrx_word' id='word_1_771' title='bbox 2272 4203 2488 4272; x_wconf 82' lang='lat' dir='ltr'><strong>quidem</strong></span> <span class='ocrx_word' id='word_1_772' title='bbox 2524 4218 2649 4256; x_wconf 87' lang='lat' dir='ltr'><strong>vera</strong></span> <span class='ocrx_word' id='word_1_773' title='bbox 2680 4203 2767 4255; x_wconf 78' lang='lat' dir='ltr'><strong>lus</strong></span> <span class='ocrx_word' id='word_1_774' title='bbox 2807 4201 3028 4267; x_wconf 77' lang='lat' dir='ltr'><strong>dit-itur,</strong></span> <span class='ocrx_word' id='word_1_775' title='bbox 3075 4198 3235 4255; x_wconf 80' lang='lat' dir='ltr'><strong>Pater</strong></span> <span class='ocrx_word' id='word_1_776' title='bbox 3259 4215 3389 4255; x_wconf 89' lang='lat' dir='ltr'><strong>vero</strong></span> <span class='ocrx_word' id='word_1_777' title='bbox 3418 4200 3509 4256; x_wconf 75' lang='lat' dir='ltr'><strong>lux</strong></span> 
     </span>
    </p>
   </div>
   <div class='ocr_carea' id='block_1_100' title="bbox 1932 4289 3509 4359">
    <p class='ocr_par' dir='ltr' id='par_1_100' title="bbox 1932 4289 3509 4359">
     <span class='ocr_line' id='line_1_100' title="bbox 1932 4289 3509 4359; baseline -0.001 -14"><span class='ocrx_word' id='word_1_778' title='bbox 1932 4290 2209 4345; x_wconf 72' lang='lat' dir='ltr'><strong>inaccessa</strong></span> <span class='ocrx_word' id='word_1_779' title='bbox 2258 4307 2271 4343; x_wconf 91' lang='lat'><strong>:</strong></span> <span class='ocrx_word' id='word_1_780' title='bbox 2326 4290 2671 4344; x_wconf 76' lang='lat' dir='ltr'><strong>deﬁnitiones</strong></span> <span class='ocrx_word' id='word_1_781' title='bbox 2731 4291 2900 4357; x_wconf 70' lang='lat' dir='ltr'><strong>igitur</strong></span> <span class='ocrx_word' id='word_1_782' title='bbox 2946 4289 3174 4359; x_wconf 71' lang='lat' dir='ltr'><strong>adjecta:</strong></span> <span class='ocrx_word' id='word_1_783' title='bbox 3211 4290 3509 4345; x_wconf 74' lang='lat' dir='ltr'><strong>secundum</strong></span> 
     </span>
    </p>
   </div>
   <div class='ocr_carea' id='block_1_101' title="bbox 1937 4381 3509 4452">
    <p class='ocr_par' dir='ltr' id='par_1_101' title="bbox 1937 4381 3509 4452">
     <span class='ocr_line' id='line_1_101' title="bbox 1937 4381 3509 4452; baseline -0.001 -15"><span class='ocrx_word' id='word_1_784' title='bbox 1937 4383 2133 4452; x_wconf 88' lang='lat' dir='ltr'><strong>majus,</strong></span> <span class='ocrx_word' id='word_1_785' title='bbox 2169 4381 2526 4437; x_wconf 80' lang='lat' dir='ltr'><strong>ditl‘ercntiatn</strong></span> <span class='ocrx_word' id='word_1_786' title='bbox 2559 4393 2798 4452; x_wconf 75' lang='lat' dir='ltr'><strong>patet-na:</strong></span> <span class='ocrx_word' id='word_1_787' title='bbox 2834 4381 2973 4437; x_wconf 91' lang='lat' dir='ltr'><strong>lucis</strong></span> <span class='ocrx_word' id='word_1_788' title='bbox 3022 4381 3285 4436; x_wconf 74' lang='lat' dir='ltr'><strong>dmmtant</strong></span> <span class='ocrx_word' id='word_1_789' title='bbox 3318 4399 3332 4436; x_wconf 91' lang='lat'><strong>:</strong></span> <span class='ocrx_word' id='word_1_790' title='bbox 3363 4381 3509 4436; x_wconf 83' lang='lat' dir='ltr'><strong>aliud</strong></span> 
     </span>
    </p>
   </div>
   <div class='ocr_carea' id='block_1_102' title="bbox 1944 4470 3513 4543">
    <p class='ocr_par' dir='ltr' id='par_1_102' title="bbox 1944 4470 3513 4543">
     <span class='ocr_line' id='line_1_102' title="bbox 1944 4470 3513 4543; baseline -0.003 -16"><span class='ocrx_word' id='word_1_791' title='bbox 1944 4474 2089 4527; x_wconf 90' lang='lat' dir='ltr'><strong>enim</strong></span> <span class='ocrx_word' id='word_1_792' title='bbox 2124 4470 2255 4543; x_wconf 88' lang='lat' dir='ltr'><strong>quid</strong></span> <span class='ocrx_word' id='word_1_793' title='bbox 2286 4486 2407 4527; x_wconf 90' lang='lat' dir='ltr'><strong>esse</strong></span> <span class='ocrx_word' id='word_1_794' title='bbox 2435 4481 2587 4542; x_wconf 85' lang='lat' dir='ltr'><strong>putat</strong></span> <span class='ocrx_word' id='word_1_795' title='bbox 2612 4488 2825 4534; x_wconf 85' lang='lat' dir='ltr'><strong>verum,</strong></span> <span class='ocrx_word' id='word_1_796' title='bbox 2862 4470 3007 4526; x_wconf 88' lang='lat' dir='ltr'><strong>aliud</strong></span> <span class='ocrx_word' id='word_1_797' title='bbox 3039 4472 3401 4527; x_wconf 80' lang='lat' dir='ltr'><strong>inaccessum.</strong></span> <span class='ocrx_word' id='word_1_798' title='bbox 3442 4471 3513 4524; x_wconf 75' lang='lat' dir='ltr'><strong>At</strong></span> 
     </span>
    </p>
   </div>
   <div class='ocr_carea' id='block_1_103' title="bbox 1936 4563 3513 4637">
    <p class='ocr_par' dir='ltr' id='par_1_103' title="bbox 1936 4563 3513 4637">
     <span class='ocr_line' id='line_1_103' title="bbox 1936 4563 3513 4637; baseline 0.001 -19"><span class='ocrx_word' id='word_1_799' title='bbox 1936 4567 2061 4637; x_wconf 73' lang='lat' dir='ltr'><strong>quis</strong></span> <span class='ocrx_word' id='word_1_800' title='bbox 2091 4566 2165 4620; x_wconf 89' lang='lat' dir='ltr'><strong>ita</strong></span> <span class='ocrx_word' id='word_1_801' title='bbox 2214 4565 2449 4621; x_wconf 88' lang='lat' dir='ltr'><strong>stolidus</strong></span> <span class='ocrx_word' id='word_1_802' title='bbox 2500 4573 2584 4620; x_wconf 85' lang='lat' dir='ltr'><strong>est</strong></span> <span class='ocrx_word' id='word_1_803' title='bbox 2620 4572 2672 4618; x_wconf 76' lang='grc' dir='ltr'><strong>ιιι</strong></span> <span class='ocrx_word' id='word_1_804' title='bbox 2709 4580 2920 4627; x_wconf 72' lang='lat' dir='ltr'><strong>vecors,</strong></span> <span class='ocrx_word' id='word_1_805' title='bbox 2973 4571 3032 4617; x_wconf 89' lang='grc' dir='ltr'><strong>ιιι</strong></span> <span class='ocrx_word' id='word_1_806' title='bbox 3084 4579 3190 4622; x_wconf 87' lang='lat' dir='ltr'><strong>non</strong></span> <span class='ocrx_word' id='word_1_807' title='bbox 3245 4563 3513 4632; x_wconf 61' lang='lat' dir='ltr'><strong>intelngat</strong></span> 
     </span>
    </p>
   </div>
   <div class='ocr_carea' id='block_1_104' title="bbox 1936 4652 3513 4727">
    <p class='ocr_par' dir='ltr' id='par_1_104' title="bbox 1936 4652 3513 4727">
     <span class='ocr_line' id='line_1_104' title="bbox 1936 4652 3513 4727; baseline -0.002 -16"><span class='ocrx_word' id='word_1_808' title='bbox 1936 4657 2364 4727; x_wconf 83' lang='lat' dir='ltr'><strong>sigttilicatorum</strong></span> <span class='ocrx_word' id='word_1_809' title='bbox 2394 4657 2639 4712; x_wconf 87' lang='lat' dir='ltr'><strong>eamdem</strong></span> <span class='ocrx_word' id='word_1_810' title='bbox 2672 4656 2939 4709; x_wconf 87' lang='lat' dir='ltr'><strong>rationem</strong></span> <span class='ocrx_word' id='word_1_811' title='bbox 2967 4655 2990 4709; x_wconf 72' lang='grc' dir='ltr'><strong><em>τ</em></strong></span> <span class='ocrx_word' id='word_1_812' title='bbox 3019 4652 3152 4708; x_wconf 82' lang='lat' dir='ltr'><strong>Nam</strong></span> <span class='ocrx_word' id='word_1_813' title='bbox 3182 4655 3273 4709; x_wconf 77' lang='lat' dir='ltr'><strong>lux</strong></span> <span class='ocrx_word' id='word_1_814' title='bbox 3305 4669 3430 4709; x_wconf 82' lang='lat' dir='ltr'><strong>vera</strong></span> <span class='ocrx_word' id='word_1_815' title='bbox 3457 4663 3513 4708; x_wconf 92' lang='lat' dir='ltr'><strong>et</strong></span> 
     </span>
    </p>
   </div>
   <div class='ocr_carea' id='block_1_105' title="bbox 1937 4745 3505 4816">
    <p class='ocr_par' dir='ltr' id='par_1_105' title="bbox 1937 4745 3505 4816">
     <span class='ocr_line' id='line_1_105' title="bbox 1937 4745 3505 4816; baseline -0.004 -13"><span class='ocrx_word' id='word_1_816' title='bbox 1937 4749 2025 4803; x_wconf 78' lang='lat' dir='ltr'><strong>lux</strong></span> <span class='ocrx_word' id='word_1_817' title='bbox 2058 4749 2338 4804; x_wconf 86' lang='lat' dir='ltr'><strong>inaccessa</strong></span> <span class='ocrx_word' id='word_1_818' title='bbox 2377 4748 2652 4803; x_wconf 87' lang='lat' dir='ltr'><strong>contraria</strong></span> <span class='ocrx_word' id='word_1_819' title='bbox 2698 4747 3060 4801; x_wconf 86' lang='lat' dir='ltr'><strong>sentientibus</strong></span> <span class='ocrx_word' id='word_1_820' title='bbox 3112 4745 3394 4816; x_wconf 61' lang='lat' dir='ltr'><strong>aequaliter</strong></span> <span class='ocrx_word' id='word_1_821' title='bbox 3426 4752 3505 4798; x_wconf 85' lang='lat' dir='ltr'><strong>est</strong></span> 
     </span>
    </p>
   </div>
   <div class='ocr_carea' id='block_1_106' title="bbox 1937 4832 3503 4894">
    <p class='ocr_par' dir='ltr' id='par_1_106' title="bbox 1937 4832 3503 4894">
     <span class='ocr_line' id='line_1_106' title="bbox 1937 4832 3503 4894; baseline -0.004 -1"><span class='ocrx_word' id='word_1_822' title='bbox 1937 4840 2215 4894; x_wconf 85' lang='lat' dir='ltr'><strong>inaccessa</strong></span> <span class='ocrx_word' id='word_1_823' title='bbox 2246 4857 2261 4894; x_wconf 88' lang='lat'>:</span> <span class='ocrx_word' id='word_1_824' title='bbox 2306 4846 2364 4891; x_wconf 90' lang='lat' dir='ltr'><strong>ut</strong></span> <span class='ocrx_word' id='word_1_825' title='bbox 2408 4838 2552 4892; x_wconf 83' lang='lat' dir='ltr'><strong>enim</strong></span> <span class='ocrx_word' id='word_1_826' title='bbox 2588 4853 2774 4891; x_wconf 85' lang='lat' dir='ltr'><strong>verum</strong></span> <span class='ocrx_word' id='word_1_827' title='bbox 2812 4837 2933 4891; x_wconf 85' lang='lat' dir='ltr'><strong>falsi</strong></span> <span class='ocrx_word' id='word_1_828' title='bbox 2961 4851 3069 4890; x_wconf 92' lang='lat' dir='ltr'><strong>non</strong></span> <span class='ocrx_word' id='word_1_829' title='bbox 3107 4834 3348 4889; x_wconf 90' lang='lat' dir='ltr'><strong>admittit</strong></span> <span class='ocrx_word' id='word_1_830' title='bbox 3410 4832 3503 4887; x_wconf 85' lang='lat' dir='ltr'><strong>nti-</strong></span> 
     </span>
    </p>
   </div>
   <div class='ocr_carea' id='block_1_107' title="bbox 1930 4922 3507 4995">
    <p class='ocr_par' dir='ltr' id='par_1_107' title="bbox 1930 4922 3507 4995">
     <span class='ocr_line' id='line_1_107' title="bbox 1930 4922 3507 4995; baseline -0.005 -11"><span class='ocrx_word' id='word_1_831' title='bbox 1930 4930 2185 4991; x_wconf 87' lang='lat' dir='ltr'><strong>stioncm,</strong></span> <span class='ocrx_word' id='word_1_832' title='bbox 2230 4932 2310 4983; x_wconf 87' lang='lat' dir='ltr'><strong>sic</strong></span> <span class='ocrx_word' id='word_1_833' title='bbox 2334 4937 2388 4981; x_wconf 87' lang='lat' dir='ltr'><strong>et</strong></span> <span class='ocrx_word' id='word_1_834' title='bbox 2433 4928 2771 4982; x_wconf 84' lang='lat' dir='ltr'><strong>inaccessum</strong></span> <span class='ocrx_word' id='word_1_835' title='bbox 2802 4926 3064 4980; x_wconf 83' lang='lat' dir='ltr'><strong>contrarii</strong></span> <span class='ocrx_word' id='word_1_836' title='bbox 3107 4922 3507 4995; x_wconf 76' lang='lat' dir='ltr'><strong>proximitatem</strong></span> 
     </span>
    </p>
   </div>
   <div class='ocr_carea' id='block_1_108' title="bbox 1930 5012 3506 5091">
    <p class='ocr_par' dir='ltr' id='par_1_108' title="bbox 1930 5012 3506 5091">
     <span class='ocr_line' id='line_1_108' title="bbox 1930 5012 3506 5091; baseline -0.006 -16"><span class='ocrx_word' id='word_1_837' title='bbox 1930 5039 2037 5076; x_wconf 73' lang='lat' dir='ltr'><strong>non</strong></span> <span class='ocrx_word' id='word_1_838' title='bbox 2078 5022 2307 5091; x_wconf 79' lang='lat' dir='ltr'><strong>appetit.</strong></span> <span class='ocrx_word' id='word_1_839' title='bbox 2342 5018 2481 5073; x_wconf 81' lang='lat' dir='ltr'><strong>Man</strong></span> <span class='ocrx_word' id='word_1_840' title='bbox 2509 5020 2652 5076; x_wconf 86' lang='lat' dir='ltr'><strong>enim</strong></span> <span class='ocrx_word' id='word_1_841' title='bbox 2687 5034 2914 5088; x_wconf 84' lang='lat' dir='ltr'><strong>prorsus</strong></span> <span class='ocrx_word' id='word_1_842' title='bbox 2964 5018 3326 5072; x_wconf 80' lang='lat' dir='ltr'><strong>inaccessum.</strong></span> <span class='ocrx_word' id='word_1_843' title='bbox 3358 5012 3506 5082; x_wconf 86' lang='lat' dir='ltr'><strong>quod</strong></span> 
     </span>
    </p>
   </div>
   <div class='ocr_carea' id='block_1_109' title="bbox 1930 5107 3502 5169">
    <p class='ocr_par' dir='ltr' id='par_1_109' title="bbox 1930 5107 3502 5169">
     <span class='ocr_line' id='line_1_109' title="bbox 1930 5107 3502 5169; baseline -0.006 -5"><span class='ocrx_word' id='word_1_844' title='bbox 1930 5122 2013 5166; x_wconf 70' lang='grc' dir='ltr'><strong>νει</strong></span> <span class='ocrx_word' id='word_1_845' title='bbox 2040 5114 2406 5166; x_wconf 79' lang='lat' dir='ltr'><strong>inaccessum.</strong></span> <span class='ocrx_word' id='word_1_846' title='bbox 2429 5109 2539 5162; x_wconf 75' lang='lat' dir='ltr'><strong>Lux</strong></span> <span class='ocrx_word' id='word_1_847' title='bbox 2566 5118 2745 5162; x_wconf 83' lang='lat' dir='ltr'><strong>autent</strong></span> <span class='ocrx_word' id='word_1_848' title='bbox 2769 5107 2888 5162; x_wconf 75' lang='lat' dir='ltr'><strong>Filii</strong></span> <span class='ocrx_word' id='word_1_849' title='bbox 2917 5109 3053 5161; x_wconf 86' lang='lat' dir='ltr'><strong>mala</strong></span> <span class='ocrx_word' id='word_1_850' title='bbox 3079 5122 3184 5160; x_wconf 89' lang='lat' dir='ltr'><strong>non</strong></span> <span class='ocrx_word' id='word_1_851' title='bbox 3221 5112 3341 5167; x_wconf 87' lang='lat' dir='ltr'><strong>est;</strong></span> <span class='ocrx_word' id='word_1_852' title='bbox 3375 5118 3502 5169; x_wconf 82' lang='grc' dir='ltr'>ιιιιο·</span> 
     </span>
    </p>
   </div>
   <div class='ocr_carea' id='block_1_110' title="bbox 256 5186 1838 5270">
    <p class='ocr_par' dir='ltr' id='par_1_110' title="bbox 256 5186 1830 5262">
     <span class='ocr_line' id='line_1_110' title="bbox 256 5186 1830 5262; baseline 0 -20"><span class='ocrx_word' id='word_1_853' title='bbox 256 5189 616 5262; x_wconf 78' lang='grc' dir='ltr'>προσδέχεται</span> <span class='ocrx_word' id='word_1_854' title='bbox 661 5188 805 5260; x_wconf 78' lang='grc' dir='ltr'>μίξιν</span> <span class='ocrx_word' id='word_1_855' title='bbox 829 5226 843 5249; x_wconf 89' lang='grc'><em>,</em></span> <span class='ocrx_word' id='word_1_856' title='bbox 875 5186 1045 5248; x_wconf 74' lang='grc' dir='ltr'>οὕτως</span> <span class='ocrx_word' id='word_1_857' title='bbox 1078 5187 1171 5238; x_wconf 80' lang='grc' dir='ltr'>καὶ</span> <span class='ocrx_word' id='word_1_858' title='bbox 1199 5186 1260 5239; x_wconf 79' lang='grc' dir='ltr'>τὸ</span> <span class='ocrx_word' id='word_1_859' title='bbox 1292 5188 1581 5256; x_wconf 81' lang='grc' dir='ltr'>ἀπρόσιτον</span> <span class='ocrx_word' id='word_1_860' title='bbox 1618 5188 1708 5241; x_wconf 73' lang='grc' dir='ltr'><strong>τὸν</strong></span> <span class='ocrx_word' id='word_1_861' title='bbox 1739 5189 1830 5242; x_wconf 67' lang='grc' dir='ltr'>τοῦ</span> 
     </span>
    </p>
   </div>
   <div class='ocr_carea' id='block_1_111' title="bbox 1938 5186 3510 5270">
    <p class='ocr_par' dir='ltr' id='par_1_111' title="bbox 1938 5192 3510 5270">
     <span class='ocr_line' id='line_1_111' title="bbox 1938 5192 3510 5270; baseline -0.005 -17"><span class='ocrx_word' id='word_1_862' title='bbox 1938 5202 2092 5253; x_wconf 76' lang='lat' dir='ltr'><strong>modo</strong></span> <span class='ocrx_word' id='word_1_863' title='bbox 2123 5201 2269 5255; x_wconf 85' lang='lat' dir='ltr'><strong>enim</strong></span> <span class='ocrx_word' id='word_1_864' title='bbox 2322 5201 2374 5253; x_wconf 90' lang='lat' dir='ltr'><strong>in</strong></span> <span class='ocrx_word' id='word_1_865' title='bbox 2428 5199 2558 5254; x_wconf 82' lang='lat' dir='ltr'><strong>vitio</strong></span> <span class='ocrx_word' id='word_1_866' title='bbox 2591 5200 2716 5270; x_wconf 87' lang='lat' dir='ltr'><strong>quis</strong></span> <span class='ocrx_word' id='word_1_867' title='bbox 2762 5214 2947 5252; x_wconf 80' lang='lat' dir='ltr'><strong>verum</strong></span> <span class='ocrx_word' id='word_1_868' title='bbox 2992 5195 3209 5250; x_wconf 83' lang='lat' dir='ltr'><strong>videat?</strong></span> <span class='ocrx_word' id='word_1_869' title='bbox 3251 5192 3510 5262; x_wconf 86' lang='lat' dir='ltr'><strong>quoniam</strong></span> 
     </span>
    </p>
   </div>
   <div class='ocr_carea' id='block_1_112' title="bbox 256 5277 1838 5362">
    <p class='ocr_par' dir='ltr' id='par_1_112' title="bbox 256 5277 1833 5351">
     <span class='ocr_line' id='line_1_112' title="bbox 256 5277 1833 5351; baseline 0 -18"><span class='ocrx_word' id='word_1_870' title='bbox 256 5280 506 5334; x_wconf 64' lang='grc' dir='ltr'>ἐναντίου</span> <span class='ocrx_word' id='word_1_871' title='bbox 569 5277 975 5349; x_wconf 79' lang='grc' dir='ltr'>προσεγγισμὸν</span> <span class='ocrx_word' id='word_1_872' title='bbox 1037 5277 1098 5329; x_wconf 76' lang='grc' dir='ltr'>οὐ</span> <span class='ocrx_word' id='word_1_873' title='bbox 1151 5278 1453 5345; x_wconf 84' lang='grc' dir='ltr'>προσίεται.</span> <span class='ocrx_word' id='word_1_874' title='bbox 1504 5278 1674 5349; x_wconf 80' lang='grc' dir='ltr'><strong>Κακῷ</strong></span> <span class='ocrx_word' id='word_1_875' title='bbox 1724 5281 1833 5351; x_wconf 81' lang='grc' dir='ltr'><strong>γὰρ</strong></span> 
     </span>
    </p>
   </div>
   <div class='ocr_carea' id='block_1_113' title="bbox 1938 5277 3511 5362">
    <p class='ocr_par' dir='ltr' id='par_1_113' title="bbox 1938 5283 3511 5362">
     <span class='ocr_line' id='line_1_113' title="bbox 1938 5283 3511 5362; baseline -0.008 -14"><span class='ocrx_word' id='word_1_876' title='bbox 1938 5292 2101 5362; x_wconf 81' lang='lat' dir='ltr'><strong>igitur</strong></span> <span class='ocrx_word' id='word_1_877' title='bbox 2129 5308 2236 5346; x_wconf 84' lang='lat' dir='ltr'><strong>non</strong></span> <span class='ocrx_word' id='word_1_878' title='bbox 2285 5293 2483 5345; x_wconf 87' lang='lat' dir='ltr'><strong>malum</strong></span> <span class='ocrx_word' id='word_1_879' title='bbox 2532 5298 2616 5345; x_wconf 79' lang='lat' dir='ltr'><strong>est</strong></span> <span class='ocrx_word' id='word_1_880' title='bbox 2647 5289 2871 5351; x_wconf 80' lang='lat' dir='ltr'><strong>veritas,</strong></span> <span class='ocrx_word' id='word_1_881' title='bbox 2924 5302 3024 5340; x_wconf 85' lang='lat' dir='ltr'><strong>nec</strong></span> <span class='ocrx_word' id='word_1_882' title='bbox 3075 5284 3291 5337; x_wconf 66' lang='lat' dir='ltr'><strong>veritati</strong></span> <span class='ocrx_word' id='word_1_883' title='bbox 3336 5283 3511 5336; x_wconf 80' lang='lat' dir='ltr'><strong>lucem</strong></span> 
     </span>
    </p>
   </div>
   <div class='ocr_carea' id='block_1_114' title="bbox 258 5367 1838 5452">
    <p class='ocr_par' dir='ltr' id='par_1_114' title="bbox 258 5367 1830 5439">
     <span class='ocr_line' id='line_1_114' title="bbox 258 5367 1830 5439; baseline 0.001 -14"><span class='ocrx_word' id='word_1_884' title='bbox 258 5373 478 5433; x_wconf 72' lang='grc' dir='ltr'>πάντως</span> <span class='ocrx_word' id='word_1_885' title='bbox 507 5369 799 5439; x_wconf 84' lang='grc' dir='ltr'>ἀπρόσιτόν</span> <span class='ocrx_word' id='word_1_886' title='bbox 828 5370 943 5420; x_wconf 79' lang='grc' dir='ltr'>ἐστι</span> <span class='ocrx_word' id='word_1_887' title='bbox 970 5368 1029 5420; x_wconf 86' lang='grc' dir='ltr'>τὸ</span> <span class='ocrx_word' id='word_1_888' title='bbox 1056 5367 1367 5438; x_wconf 84' lang='grc' dir='ltr'>ἀπρόσιτον.</span> <span class='ocrx_word' id='word_1_889' title='bbox 1395 5368 1469 5421; x_wconf 84' lang='grc' dir='ltr'>Τὸ</span> <span class='ocrx_word' id='word_1_890' title='bbox 1495 5368 1551 5423; x_wconf 80' lang='grc' dir='ltr'>δὲ</span> <span class='ocrx_word' id='word_1_891' title='bbox 1583 5370 1675 5423; x_wconf 79' lang='grc' dir='ltr'>τοῦ</span> <span class='ocrx_word' id='word_1_892' title='bbox 1699 5372 1830 5426; x_wconf 76' lang='grc' dir='ltr'><strong>Υἱοῦ</strong></span> 
     </span>
    </p>
   </div>
   <div class='ocr_carea' id='block_1_115' title="bbox 1938 5367 3510 5452">
    <p class='ocr_par' dir='ltr' id='par_1_115' title="bbox 1938 5369 3510 5452">
     <span class='ocr_line' id='line_1_115' title="bbox 1938 5369 3510 5452; baseline -0.005 -20"><span class='ocrx_word' id='word_1_893' title='bbox 1938 5397 2057 5452; x_wconf 63' lang='lat' dir='ltr'><strong>qtae</strong></span> <span class='ocrx_word' id='word_1_894' title='bbox 2087 5381 2141 5435; x_wconf 87' lang='lat' dir='ltr'><strong>in</strong></span> <span class='ocrx_word' id='word_1_895' title='bbox 2172 5373 2335 5437; x_wconf 73' lang='lat' dir='ltr'><strong>Patre</strong></span> <span class='ocrx_word' id='word_1_896' title='bbox 2375 5392 2491 5442; x_wconf 85' lang='lat' dir='ltr'><strong>est,</strong></span> <span class='ocrx_word' id='word_1_897' title='bbox 2517 5383 2853 5435; x_wconf 77' lang='lat' dir='ltr'><strong>inaccessam</strong></span> <span class='ocrx_word' id='word_1_898' title='bbox 2890 5392 3013 5431; x_wconf 78' lang='lat' dir='ltr'><strong>esse</strong></span> <span class='ocrx_word' id='word_1_899' title='bbox 3056 5374 3179 5445; x_wconf 86' lang='lat' dir='ltr'><strong>quis</strong></span> <span class='ocrx_word' id='word_1_900' title='bbox 3201 5373 3421 5427; x_wconf 77' lang='lat' dir='ltr'><strong>dixerit.</strong></span> <span class='ocrx_word' id='word_1_901' title='bbox 3453 5369 3510 5424; x_wconf 84' lang='lat' dir='ltr'><strong>Si</strong></span> 
     </span>
    </p>
   </div>
   <div class='ocr_carea' id='block_1_116' title="bbox 257 5458 1838 5535">
    <p class='ocr_par' dir='ltr' id='par_1_116' title="bbox 257 5458 1830 5535">
     <span class='ocr_line' id='line_1_116' title="bbox 257 5458 1830 5535; baseline 0.004 -23"><span class='ocrx_word' id='word_1_902' title='bbox 257 5461 417 5529; x_wconf 71' lang='grc' dir='ltr'>φῶς,</span> <span class='ocrx_word' id='word_1_903' title='bbox 451 5459 622 5513; x_wconf 73' lang='grc' dir='ltr'>κακὸν</span> <span class='ocrx_word' id='word_1_904' title='bbox 670 5459 769 5513; x_wconf 79' lang='grc' dir='ltr'>οὐκ</span> <span class='ocrx_word' id='word_1_905' title='bbox 823 5459 973 5513; x_wconf 74' lang='grc' dir='ltr'>ἐστι’</span> <span class='ocrx_word' id='word_1_906' title='bbox 1011 5458 1127 5522; x_wconf 82' lang='grc' dir='ltr'><strong>πῶς</strong></span> <span class='ocrx_word' id='word_1_907' title='bbox 1182 5458 1289 5531; x_wconf 79' lang='grc' dir='ltr'><strong>γὰρ</strong></span> <span class='ocrx_word' id='word_1_908' title='bbox 1334 5461 1391 5514; x_wconf 85' lang='grc' dir='ltr'>ὲν</span> <span class='ocrx_word' id='word_1_909' title='bbox 1434 5462 1600 5535; x_wconf 80' lang='grc' dir='ltr'>κακίᾳ</span> <span class='ocrx_word' id='word_1_910' title='bbox 1646 5481 1728 5529; x_wconf 82' lang='grc' dir='ltr'><strong>τις</strong></span> <span class='ocrx_word' id='word_1_911' title='bbox 1769 5466 1830 5520; x_wconf 73' lang='grc' dir='ltr'>τὸ</span> 
     </span>
    </p>
   </div>
   <div class='ocr_carea' id='block_1_117' title="bbox 1938 5458 3513 5535">
    <p class='ocr_par' dir='ltr' id='par_1_117' title="bbox 1938 5460 3513 5534">
     <span class='ocr_line' id='line_1_117' title="bbox 1938 5460 3513 5534; baseline -0.006 -7"><span class='ocrx_word' id='word_1_912' title='bbox 1938 5470 2079 5527; x_wconf 82' lang='lat' dir='ltr'><strong>enim</strong></span> <span class='ocrx_word' id='word_1_913' title='bbox 2135 5470 2416 5526; x_wconf 68' lang='lat' dir='ltr'><strong>veritatem</strong></span> <span class='ocrx_word' id='word_1_914' title='bbox 2450 5479 2682 5534; x_wconf 73' lang='lat' dir='ltr'><strong>aret-ret,</strong></span> <span class='ocrx_word' id='word_1_915' title='bbox 2728 5467 3013 5524; x_wconf 74' lang='lat' dir='ltr'><strong>mendacio</strong></span> <span class='ocrx_word' id='word_1_916' title='bbox 3058 5474 3206 5521; x_wconf 82' lang='lat' dir='ltr'><strong>certe</strong></span> <span class='ocrx_word' id='word_1_917' title='bbox 3269 5460 3513 5519; x_wconf 64' lang='lat' dir='ltr'><strong>adhaere-</strong></span> 
     </span>
    </p>
   </div>
   <div class='ocr_carea' id='block_1_118' title="bbox 338 5636 1405 5708">
    <p class='ocr_par' dir='ltr' id='par_1_118' title="bbox 338 5636 1405 5708">
     <span class='ocr_line' id='line_1_118' title="bbox 338 5636 1405 5708; baseline -0.004 -11"><span class='ocrx_word' id='word_1_918' title='bbox 338 5639 385 5675; x_wconf 82' lang='grc'><strong>⁸⁸</strong></span> <span class='ocrx_word' id='word_1_919' title='bbox 421 5637 609 5697; x_wconf 72' lang='lat' dir='ltr'><strong>Iatth.</strong></span> <span class='ocrx_word' id='word_1_920' title='bbox 641 5657 696 5708; x_wconf 71' lang='grc' dir='ltr'>ν,</span> <span class='ocrx_word' id='word_1_921' title='bbox 733 5641 816 5698; x_wconf 75' lang='grc' dir='ltr'>Η.</span> <span class='ocrx_word' id='word_1_922' title='bbox 890 5639 930 5672; x_wconf 86' lang='grc'><strong>¹⁹</strong></span> <span class='ocrx_word' id='word_1_923' title='bbox 968 5638 990 5695; x_wconf 88' lang='lat' dir='ltr'><strong>l</strong></span> <span class='ocrx_word' id='word_1_924' title='bbox 1031 5636 1170 5695; x_wconf 82' lang='lat' dir='ltr'><strong>Tim.</strong></span> <span class='ocrx_word' id='word_1_925' title='bbox 1210 5652 1283 5707; x_wconf 68' lang='grc' dir='ltr'><strong>γι,</strong></span> <span class='ocrx_word' id='word_1_926' title='bbox 1322 5637 1405 5693; x_wconf 75' lang='lat' dir='ltr'><strong>lii.</strong></span> 
     </span>
    </p>
   </div>
  </div>
