4002 6218
455 255 562 312 895

1691 257 1750 308 δ.
1811 254 2139 311 οιιεοοιιῐι
2194 252 2486 310 NYSSEM

3616 254 3718 310 896

453 381 653 429 sceret.
678 371 828 426 Talis
855 370 1000 426 enim
1031 369 1409 440 appositurum
1441 377 1657 434 natura,
1681 379 1740 424 ut
1772 371 1824 424 in
1845 370 2035 425 absen-

2147 370 2391 443 ἀληθινὸν
2415 369 2598 440 βλέποι
2622 387 2636 433 ;
2681 370 2832 422 ἐπεὶ
2860 364 2952 423 οὖν
2981 370 3041 422 ού
3075 371 3242 424 κακον
3276 371 3310 442 ἡ
3336 371 3585 443 ἀλήθεια.
3616 375 3717 428 οὐκ

455 467 529 519 tia
568 467 830 531 melioris,
859 463 1004 534 quo!
1052 478 1120 516 ex
1160 462 1416 532 opposito
1473 461 1816 531 intelligitur,
1856 477 2038 532 appa—

455 565 589 611 reat.
629 553 683 610 Si
722 557 886 626 igitur
914 554 1042 624 quis
1083 552 1292 607 diceret
1323 553 1514 622 procul
1563 568 1591 606 a
1627 558 1905 608 contraria
1935 569 2036 623 op-

454 648 727 718 [ositione
751 647 926 702 lucem
960 662 1082 717 qua:
1127 646 1182 700 in
1216 643 1375 699 Patre
1424 654 1508 699 est
1547 644 1908 710 considerari,
1937 661 2029 714 ap-

455 740 631 809 posite
676 738 742 792 ad
807 739 1051 808 Apostoli
1104 745 1341 792 mentem
1395 737 1684 791 collimatis
1740 737 2036 790 tilt'liOllt‘nl

457 832 749 886 inaccessae
794 831 930 885 lucis
981 831 1453 897 interpretaretur.
1513 827 1668 894 Quod
1705 829 1750 882 si
1809 843 1838 881 a
1894 828 2039 882 bono

455 922 834 976 alienationem
865 920 926 973 τὸ
950 920 1267 992 ἀπρόσιτον,
1302 920 1648 974 inaccessum
1689 919 1836 972 dicat
1867 918 2038 987 signi-

409 1047 412 1050 ~
457 1013 638 1076 ﬁcare.
677 1013 810 1067 nihil
836 1011 982 1066 aliud
1011 1027 1172 1081 quant
1203 1011 1383 1082 ipsum
1414 1010 1517 1066 sibi
1550 1009 1652 1080 ipsi
1679 1009 1962 1063 inimicum
1983 1016 2038 1063 et

454 1106 690 1160 alienum
724 1113 995 1173 suppouet
1017 1143 1032 1166 ,
1066 1111 1254 1172 utpote.
1290 1101 1436 1172 quod
1472 1102 1673 1156 bonum
1701 1102 1771 1156 sit
1804 1111 1860 1156 et
1895 1101 2039 1155 bono

452 1199 786 1268 oppositum.
805 1198 872 1249 At
893 1198 967 1266 pti
995 1199 1096 1250 hoc
1115 1212 1180 1250 ex
1201 1211 1392 1250 eorum
1419 1202 1502 1250 est
1533 1210 1762 1249 numero
1781 1209 1902 1264 qua:
1923 1194 2037 1248 ﬁeri

453 1306 560 1344 non
621 1296 870 1360 possunt.
916 1288 1124 1342 Bonum
1161 1289 1305 1340 enim
1361 1288 1503 1340 bono
1545 1287 1814 1340 familiare
1863 1294 2037 1340 estet

453 1387 709 1438 anticum.
740 1383 860 1435 llaac
889 1382 1055 1452 igitur
1093 1369 1333 1434 luscum
1366 1381 1455 1433 illa
1488 1397 1595 1434 non
1625 1379 1848 1434 dissidet
1905 1377 2036 1431 Nam

451 1485 506 1530 et
545 1475 716 1530 Filius
747 1478 834 1530 lux
869 1492 1014 1537 vera,
1057 1488 1105 1528 et
1140 1473 1301 1528 Pater
1359 1475 1446 1526 lux
1490 1483 1565 1527 est
1620 1474 1920 1528 inaccessa.
1951 1472 2040 1525 Di—

452 1567 622 1621 xeriut
681 1568 845 1620 etiam
897 1568 1159 1620 audacter
1221 1566 1366 1636 quod
1431 1567 1525 1636 qui
1580 1567 1934 1619 alti-rnaverit
1985 1566 2037 1619 itt

455 1669 686 1729 utroque
719 1660 855 1714 tales
884 1659 1296 1730 appellationes,
1336 1675 1442 1714 non
1473 1658 1766 1712 aberrabit.
1798 1657 1930 1711 Nam
1985 1666 2041 1711 et

2138 461 2204 515 ἄν
2228 476 2310 522 τις
2332 459 2424 512 καὶ
2453 461 2518 530 τῇ
2554 458 2782 529 ἀληθεία
2803 459 2865 513 τὸ
2893 460 2952 512 ὲν
2982 459 3060 530 τῷ
3085 459 3257 532 Πατρὶ
3286 459 3404 530 φῶς
3427 463 3722 536 ἀπρόσιτον

2156 549 2276 606 ’ῐναι
2320 552 2489 621 λέγοι.
2537 552 2599 606 El
2633 551 2741 621 γὰρ
2791 550 3098 606 ἀποσείοιτο
3145 552 3243 622 τὴν
3283 553 3547 624 ἀλήθειαν
3573 595 3587 617 ,
3645 556 3722 624 τῷ

2138 645 2325 714 ψευδεῖ
2375 643 2592 704 πάντως
2644 642 3113 714 ουνενεχθήσεται.
3162 643 3400 715 Τοιαύτη
3452 646 3560 717 γὰρ
3614 646 3724 699 τῶν

2138 737 2532 807 ἀντικειμένων
2556 737 2589 807 ἡ
2617 735 2810 805 φύσις.
2851 736 2929 799 ὡς
2957 738 3016 789 ὲν
3052 740 3117 807 τῇ
3147 736 3383 808 ἀπουσίᾳ
3411 737 3507 792 τοῦ
3543 738 3725 807 κρείτο

2136 840 2290 890 ⁴ιὀνος
2311 866 2326 889 ,
2374 827 2435 880 τὸ
2482 825 2541 891 ἐξ
2571 826 2852 880 ἀντιθέτου
2879 827 3166 896 νοούμενον
3192 827 3608 896 ἀναφαίνεσθαι.
3663 827 3723 879 Ei

2145 919 2242 989 μὲν
2280 915 2376 972 οὖν
2411 936 2496 983 τις
2524 918 2672 988 λέγοι
2720 919 2910 990 πόρρω
2946 918 3047 988 τῆς
3079 918 3325 982 ἐναντίας
3363 917 3723 989 παραθέσεως

2139 1009 2202 1063 τὸ
2236 1011 2292 1063 ἐν
2329 1009 2406 1082 τῷ
2438 1011 2609 1081 [Ia-cpi
2643 1011 2756 1078 φῶς
2786 1009 3108 1080 θεωρεῖσθαι
3130 1052 3143 1070 .
3174 1012 3591 1080 ἐστοχασμένοις
3629 1012 3723 1064 τού

2139 1099 2500 1154 ἀποστολικοῦ
2542 1100 2885 1172 βουλήματος
2932 1100 3256 1171 ἑρμηνεύσει
3285 1100 3380 1154 τοῦ
3421 1102 3724 1172 ἀπφσίτου

2140 1191 2242 1263 τὴν
2276 1192 2439 1259 λέξιν.
2477 1193 2537 1246 Ei
2587 1193 2644 1247 δὲ
2676 1195 2772 1264 τὴν
2808 1193 2943 1262 πρὸς
2997 1193 3058 1245 τὺ
3113 1193 3313 1261 ἀγαθὸν
3369 1192 3726 1264 ἀλλοτρίωσιν

2145 1282 2429 1352 σημαίνειν
2462 1283 2523 1336 τὸ
2551 1284 2842 1354 ἀπρόσιτον
2871 1284 3018 1353 λέγοι
3045 1325 3057 1342 .
3089 1285 3240 1337 οὐδὲν
3272 1285 3454 1353 ἕτερον
3490 1284 3524 1354 ἦ
3561 1284 3727 1337 αὑτὸν

2144 1372 2321 1444 ἑαυτῷ
2351 1373 2542 1445 ἐχθρόν
2579 1393 2637 1428 τε
2675 1377 2765 1430 καὶ
2797 1375 3074 1447 ἀλλότριον
3116 1376 3446 1448 ὑποθήσεται
3521 1377 3727 1444 ἀγαθον

2142 1464 2291 1528 ὄντα,
2320 1467 2414 1520 xui
2447 1466 2634 1537 ἀγαθῷ
2661 1451 3051 1537 ἀντικείμενον.
3099 1468 3257 1521 Ἀλλά
3293 1468 3398 1538 μὴν
3425 1468 3583 1521 τοῦτο
3620 1469 3728 1521 τῶν

2148 1558 2445 1627 ἀμηχάνων
2499 1559 2633 1610 ἐστί.
2690 1558 2763 1611 Τδ
2811 1559 2916 1630 γὰρ
2963 1559 3165 1627 ἀγαθὸν
3222 1559 3435 1623 οἰκείως
3482 1562 3597 1630 ἔχει
3649 1561 3729 1630 τῷ

2147 1649 2358 1720 ἀγαθῷ.
2384 1651 2498 1704 Ούκ
2532 1652 2640 1722 ἄρα
2677 1651 2735 1703 τὸ
2764 1651 2878 1719 φῶς
2909 1651 3066 1705 τοῦτο
3109 1652 3244 1722 πρὸς
3286 1654 3462 1705 ἐκεῖνο
3512 1655 3727 1724 παρήλ-

453 1766 641 1805 νετιιιιι
673 1760 757 1806 est
789 1751 928 1806 falso
955 1751 1322 1812 inaccessum,
1370 1758 1424 1804 et
1467 1759 1658 1802 contra
1697 1749 2041 1802 inaccessum

2147 1739 2360 1794 λακται.
2392 1741 2458 1794 Ὅ
2483 1761 2542 1797 τε
2568 1742 2674 1812 γὰρ
2715 1741 2842 1805 Υἱὸς
2893 1743 3008 1811 φῶς
3045 1742 3292 1813 ἀληθινὸν
3317 1782 3332 1804 ,
3364 1741 3392 1795 ὃ
3435 1761 3496 1796 τε
3531 1745 3728 1814 Πατῆρ

456 1842 510 1897 in
541 1843 754 1896 sincera
799 1849 854 1896 et
901 1857 1038 1910 pura
1091 1840 1322 1894 veritate
1362 1840 1865 1910 comprehenditur.
1902 1838 2046 1908 Ergo

455 1935 595 1988 idem
619 1940 704 1988 est
733 1948 921 1988 verum
952 1942 1005 1986 et
1055 1934 1421 1988 inaccessum.
1463 1932 1732 1999 Quoniam
1769 1948 1834 1986 ex
1864 1947 2042 2002 aequo,

452 2039 563 2094 quo
594 2023 646 2077 in
677 2032 911 2093 utroque
959 2024 1320 2095 signiﬁcatur,
1357 2024 1500 2076 malo
1544 2033 1627 2078 est
1663 2024 2037 2079 inaccessum.

454 2118 630 2184 Quam
695 2117 862 2189 igitur
930 2116 982 2170 in
1033 2116 1118 2171 his
1169 2115 1531 2170 dill'ereutiatn
1581 2114 2044 2178 comminiscitur,

464 2212 557 2280 qui
594 2225 691 2281 per
723 2211 864 2265 lucis
898 2208 1386 2278 :equivm-ationem
1417 2207 1657 2276 seipsuui
1703 2212 1757 2259 et
1787 2219 1917 2260 suos
1957 2219 2047 2258 au-

455 2300 661 2354 ditores
705 2299 950 2369 decipit?
1009 2299 1114 2352 Sed
1169 2315 1345 2368 neque
1416 2299 1768 2351 inexcussutn
1822 2307 2047 2365 praatero

458 2393 684 2444 ierimus
713 2390 858 2461 quod
893 2389 1138 2460 Apostoli
1179 2390 1398 2442 Vt'l'illllll
1425 2403 1523 2457 pro
1554 2403 1654 2441 suo
1680 2387 1905 2442 arbitrio
1925 2403 2048 2457 per-

456 2489 701 2547 vertens,
753 2489 812 2535 ut
866 2481 1014 2535 illius
1065 2494 1375 2534 sermonem
1414 2479 1656 2548 exponit.
1699 2477 1838 2531 Dicit
1897 2480 2043 2532 enim

455 2569 678 2634 Paulus.
698 2573 787 2644 qui
803 2573 970 2626 lucem
988 2571 1190 2625 habitat
1216 2573 1538 2625 inaccessum
1555 2571 1623 2636 ὀς
1645 2571 1874 2624 multum
1899 2571 2044 2625 enim

454 2662 635 2717 dillert
661 2700 677 2726 ,
720 2661 822 2716 hoc
860 2663 1037 2727 ipsum
1069 2677 1214 2726 esse,
1240 2668 1293 2714 et
1330 2660 1386 2714 in
1421 2660 1608 2730 aliquo
1651 2676 1775 2716 esse
1821 2661 2042 2716 dicere:

455 2749 550 2819 qui
592 2749 736 2803 enim
792 2749 928 2802 dixit
981 2750 1158 2802 lucent
1205 2749 1463 2802 habitans
1513 2749 1875 2815 inaccessam,
1929 2751 2044 2820 ipsa

457 2840 816 2896 habitationis
856 2857 1010 2904 voce,
1053 2857 1160 2895 non
1205 2839 1384 2910 ipsum
1433 2840 1716 2907 indicavit,
1769 2843 1863 2897 sed
1897 2843 2044 2913 quod

456 2934 511 2987 ln
533 2934 682 3002 ipso:
706 2932 853 3004 quod
875 2933 1093 3004 quidem
1118 2931 1419 2994 secundum
1445 2941 1692 2985 nostrum
1713 2949 2045 2998 sermonem,

458 3025 604 3079 idem
639 3033 724 3079 est
751 3040 874 3079 cum
903 3025 1070 3078 verbo
1099 3023 1434 3096 cvziugelico,
1466 3024 1610 3093 quod
1648 3023 1780 3078 dicit
1814 3026 1865 3078 iu
1901 3025 2042 3080 Filio

459 3116 671 3170 Patrem
703 3131 857 3183 esse;
889 3114 1062 3170 Filius
1094 3116 1237 3170 enim
1289 3123 1375 3171 est
1409 3115 1498 3169 lux
1535 3131 1699 3180 vera;
1756 3116 2036 3173 inaccessa

456 3220 639 3264 autem
679 3210 816 3263 l'alsu
853 3220 933 3264 est
975 3209 1218 3273 veritas;
1263 3209 1353 3261 lux
1408 3207 1692 3261 inaccessa
1746 3209 1911 3279 igitur
1954 3221 2041 3266 est

459 3298 629 3355 Filius
678 3300 732 3354 in
771 3315 879 3370 quo
927 3298 1087 3353 Pater
1121 3299 1348 3359 habitat.
1383 3302 1464 3355 vel
1510 3312 1660 3356 certe
1713 3303 1764 3356 in
1814 3319 1924 3374 quo
1953 3313 2038 3361 est

457 3389 638 3444 Pater.

2148 1832 2262 1900 φῶς
2294 1834 2439 1885 ἐστιν
2469 1831 2785 1902 ἀπρόσιτον.
2818 1831 3040 1904 Εἵποιμι
3093 1833 3136 1886 δ’
3167 1833 3233 1887 ἂν
3261 1834 3688 1906 καταθαρσήσας
3709 1877 3728 1900 ,

2147 1925 2228 1976 ὄτι
2277 1924 2372 1977 καὶ
2411 1925 2440 1977 6
2489 1924 2849 1978 ὑπαλλάσσων
2881 1927 2967 1994 ἐφ’
3022 1925 3281 1996 ἑκατέρου
3318 1924 3416 1991 τὰς
3469 1927 3728 1990 τοιαύτας

2148 2015 2514 2087 προσηγορίας
2535 2054 2551 2082 ,
2585 2017 2683 2088 οὐχ
2708 2017 3107 2089 ἁμαρτήσεται.
3142 2018 3214 2070 Τὸ
3241 2035 3300 2070 τε
3340 2017 3444 2090 γὰρ
3475 2019 3729 2089 ἀληθινὸν

2147 2109 2440 2180 ἀπρόσιτον
2475 2112 2589 2164 ἐστι
2618 2109 2696 2180 τῷ
2723 2109 2928 2178 ψεύδει,
2959 2109 3054 2164 καὶ
3079 2109 3138 2163 τὸ
3165 2110 3456 2182 ἀπρόσιτον
3479 2128 3535 2164 τε
3564 2110 3727 2168 πάλιν

2145 2202 2204 2254 ἑν
2247 2201 2539 2272 ἀκραιφνεῖ
2585 2203 2648 2271 τῇ
2704 2199 2933 2271 ἀληθεία
2975 2200 3468 2270 καταλαμϐάνεται.
3516 2201 3731 2255 Diuo-3v

2145 2293 2307 2346 ταὺτὸ
2353 2292 2430 2363 τῷ
2462 2293 2699 2365 ἀληθινῷ
2749 2294 2809 2347 τὸ
2837 2294 3132 2364 ἀπρόσιτον
3155 2335 3168 2356 ,
3203 2295 3284 2348 ὅτι
3336 2295 3476 2347 κατά
3521 2295 3584 2348 τὸ
3613 2291 3731 2348 ἶσίν

2145 2385 2260 2435 ἐστι
2309 2382 2368 2435 τὸ
2398 2385 2455 2436 ὲν
2508 2384 2749 2455 ἑκατέρῳ
2785 2384 3178 2454 σημαινόμενον
3211 2382 3288 2453 τῷ
3334 2383 3485 2454 κακῷ
3516 2385 3732 2454 ἀπροσ-

2131 2475 2435 2528 πέλαστον.
2487 2473 2621 2529 Τίνα
2667 2471 2760 2528 οὖν
2802 2476 2861 2527 ὲν
2892 2475 3102 2538 τούτοις
3141 2477 3350 2528 ἐπινοεῖ
3392 2476 3489 2546 τὴν
3516 2477 3729 2541 παραλο

2145 2565 2315 2638 λαγὴν
2336 2568 2363 2620 6
2384 2566 2470 2620 διά
2493 2567 2586 2640 τῆς
2609 2568 2715 2620 τῶν
2746 2567 2937 2637 φώτων
2963 2567 3278 2638 ὁμωνυμίας
3304 2569 3496 2620 ἑαυτόν
3530 2585 3592 2619 τε
3635 2567 3732 2620 καὶ

2145 2661 2269 2723 τοὺς
2296 2659 2417 2714 καθ’
2446 2659 2639 2713 ἑαυτὸν
2675 2660 3013 2729 φενακίζωνς
3063 2659 3221 2712 ’Λλλά
3266 2658 3400 2730 μηδὲ
3431 2659 3589 2712 τοῦτο
3625 2677 3731 2712 πα-

2151 2751 2516 2822 ραδράμωμεν
2542 2751 2894 2816 ἀνεξέταστον
2915 2793 2930 2814 ,
2963 2753 3045 2805 ὃτι
3093 2751 3473 2822 παραποιήσας
3503 2751 3603 2820 τὴν
3634 2750 3735 2804 τοῦ

2161 2845 2480 2900 ’Λποστόλου
2537 2847 2696 2918 ῥῆσιν
2729 2845 2871 2900 κατά
2910 2847 2970 2899 τὸ
3013 2845 3190 2916 ἐαυτῷ
3220 2845 3445 2908 δοκοῦν,
3483 2844 3559 2906 ὼς
3597 2846 3732 2915 παρ’

2147 2938 2356 2991 ἐκείνου
2393 2939 2488 2994 τὸν
2520 2940 2676 3008 λόγον
2699 2939 2982 2993 ἐκτίθεται.
3016 2938 3154 3010 Φησὶ
3181 2939 3289 3009 γὰρ
3320 2939 3348 2990 ὁ
3379 2935 3616 2998 Παῦλος.
3647 2938 3734 2989 ὄτι

2148 3028 2278 3096 Φῶς
2305 3029 2484 3083 οίκῶν
2503 3033 2850 3100 ἀπρόσιτον·
2889 3031 3133 3103 διαφέρει
3160 3031 3215 3084 δὲ
3243 3030 3377 3084 πολὺ
3400 3030 3458 3081 τὸ
3485 3027 3649 3081 αὑτὸν
3671 3029 3736 3080 τὸ

2147 3119 2317 3176 εἶναι·
2353 3124 2446 3176 καὶ
2468 3123 2529 3177 τὸ
2562 3123 2618 3176 ἔν
2662 3141 2766 3176 τινι
2799 3123 2978 3192 λέγειν
3015 3117 3176 3175 εἶναι.
3215 3121 3276 3176 ’0
3305 3120 3412 3192 γάρ
3446 3117 3616 3172 εἰπὼν
3648 3119 3736 3171 ὅτι

2148 3214 2262 3284 φῶς
2289 3216 2452 3269 οἰκῶν
2487 3216 2813 3288 ἀπρόσιτον.
2860 3217 2927 3286 τῇ
2967 3215 3065 3283 τῆς
3103 3215 3369 3284 οἰκήσεως
3412 3212 3560 3280 φωνῇ
3584 3252 3598 3268 .
3629 3210 3738 3262 οὐκ

2143 3308 2306 3361 αὐτὸν
2341 3308 2660 3374 ἐνεδείξατο,
2693 3308 2830 3362 ἀλλά
2861 3308 2920 3361 τὸ
2949 3308 3077 3378 περὶ
3104 3305 3267 3362 αὑτὸν
3299 3305 3434 3374 ὅπερ
3465 3300 3582 3356 ἶσόν
3615 3302 3736 3354 ἐστι

2146 3400 2286 3454 κατά
2309 3400 2400 3454 τὸν
2429 3400 2692 3472 ἡμέτερον
2720 3400 2877 3468 λόγον
2917 3399 2995 3470 τῷ
3019 3395 3360 3467 εὖαγγελικῷ
3399 3397 3602 3467 ῥήματι
3652 3393 3739 3463 τῷ

457 3480 668 3548 λέγοντι
703 3482 760 3534 ὲν
788 3479 865 3551 τῷ
898 3479 1012 3551 Υίῷ
1043 3479 1134 3532 τον
1166 3480 1381 3550 Πατέρα
1413 3465 1572 3534 εἶναι.
1608 3483 1728 3546 φῶς
1773 3483 1882 3556 γὰρ
1910 3485 2162 3557 ἀληθινὸν
2207 3490 2235 3541 6
2267 3490 2394 3554 Υἱὸς
2417 3465 2760 3562 ,ἀπρδσιτος
2793 3465 2856 3544 δὲ
2922 3465 2998 3562 τῷ
3061 3465 3246 3558 ψεύδει
3291 3465 3529 3554 etiam
3600 3484 3737 3555 ἀλή-

459 3572 603 3625 θεια⁶
630 3573 746 3642 φῶς
773 3572 1065 3641 ἀπρόσιτον
1086 3572 1194 3644 ἀρα
1221 3573 1248 3626 6
1274 3572 1398 3637 Υίὸς
1420 3613 1434 3636 ,
1460 3576 1516 3626 ἐν
1544 3568 1588 3643 ᾧ
1612 3578 1753 3630 οἰκεῖ
1776 3579 1804 3631 6
1826 3579 2031 3650 Πατὴρ,
2071 3582 2186 3652 ἦτοι
2211 3585 2267 3636 ὲν
2295 3577 2338 3652 ᾧ
2369 3585 2518 3640 ἐστιν
2545 3587 2574 3639 6
2603 3585 2812 3656 Πατήρ.

531 3665 640 3722 Sed
664 3667 717 3720 in
757 3665 912 3718 vanis
943 3672 997 3719 et
1027 3665 1282 3720 inanibus
1309 3668 1591 3720 contendit
1615 3678 1668 3721 et
1691 3669 1859 3724 dicit:
1906 3689 1924 3722 ι
1959 3673 2035 3726 Εἰ

462 3759 598 3830 ipsis
626 3759 792 3814 rebus
819 3766 872 3810 et
906 3757 1130 3812 creditis
1159 3759 1418 3820 oraculis,
1457 3775 1644 3813 eurtnn
1695 3777 1818 3832 quae
1846 3763 2040 3818 dicun-

462 3861 552 3906 tur
579 3850 737 3904 iidem
766 3849 981 3920 praebeo
1007 3867 1020 3903 :
1052 3867 1070 3900 ι
1108 3849 1221 3903 haec
1250 3849 1416 3920 igitur
1442 3861 1525 3907 est
1547 3851 1666 3922 ejus
1695 3854 2038 3922 pollicitatio.

465 3943 562 3997 Sin
590 3949 771 3996 atttem
813 3955 912 4010 pro
941 3939 1204 4010 dignitate
1242 3955 1431 3994 eorum
1473 3958 1593 4011 quze
1639 3944 1888 4014 promisit
1924 3961 2038 3999 ser-

467 4051 688 4091 tnonem
735 4035 1009 4106 producit,
1064 4035 1371 4106 intelligens
1402 4036 1643 4106 profecto
1684 4037 1904 4092 auditor
1948 4053 2044 4093 ex-

465 4126 722 4197 plorabit.
759 4125 976 4186 Beatus,
1034 4125 1232 4195 inquit,
1280 4125 1535 4190 Joannes,
1570 4128 1623 4181 in
1648 4129 1907 4198 principio
1933 4145 2044 4184 esse

474 4218 698 4272 Verbum
745 4234 862 4270 cum
891 4217 1052 4278 dixit,
1095 4227 1144 4269 et
1189 4217 1284 4270 hoc
1338 4218 1498 4271 vitam
1548 4233 1665 4270 cum
1725 4219 2042 4285 appellavit:

466 4319 574 4364 tum
609 4327 727 4364 vero
768 4310 928 4361 vitam
969 4307 1134 4361 lucem
1166 4310 1490 4364 nominavit:
1531 4319 1581 4364 et
1611 4310 1888 4378 paululum
1917 4326 2042 4378 pro-

465 4413 698 4471 gressus,
749 4398 817 4452 Et
869 4397 1080 4453 verbum
1121 4413 1245 4450 caro
1278 4398 1480 4466 factum
1509 4409 1608 4461 est,
1653 4401 1751 4453 ait.
1795 4399 1854 4454 Si
1879 4400 2045 4468 igitur

2224 3675 2364 3729 Ἀλλ’
2393 3677 2776 3746 ἑναγωνίζεται
2803 3679 2915 3741 τοῖς
2941 3676 3210 3748 ματαίοις,
3235 3675 3330 3728 καί
3355 3691 3515 3743 φησιν
3543 3690 3555 3700 ·
3601 3693 3618 3725 ι
3645 3675 3741 3739 Ἐξ

2143 3767 2326 3821 αὐτῶν
2352 3768 2460 3822 τῶν
2496 3769 2839 3839 πραγμάτων
2877 3769 2969 3821 καὶ
3007 3767 3115 3820 τῶν
3153 3765 3606 3836 πεπιστευμένων
3646 3767 3740 3816 λο-

2143 3859 2278 3927 γίων
2299 3860 2605 3932 παρέχομαι
2636 3859 2745 3912 τῶν
2777 3859 3084 3930 λεγομένων
3117 3858 3214 3928 τὴν
3238 3858 3436 3910 πίστιν.
3466 3875 3483 3907 ι
3529 3857 3596 3910 Ἢ
3635 3857 3742 3927 μὲν

2141 3945 2234 4002 οὖν
2262 3949 2554 4020 ὑπόσχεσις
2591 3949 2760 4021 αὖτηο
2789 3951 2838 4002 εἰ
2886 3951 2943 4002 δὲ
2983 3949 3101 4003 κατ’
3129 3950 3286 4012 ἀξίαν
3319 3949 3424 4001 τῶν
3453 3949 3739 4018 ἐπηγγελο

2147 4037 2323 4110 μένων
2355 4041 2586 4112 προάγει
2611 4040 2704 4094 τὸν
2732 4040 2889 4108 λόγον
2911 4078 2926 4102 ,
2953 4041 2980 4092 6
3006 4039 3225 4101 συνετὸς
3273 4038 3490 4100 πάντως
3523 4039 3743 4109 ἀκροα-

2143 4131 2244 4201 τὴς
2287 4132 2670 4202 ὲπισκοπήσει.
2718 4132 2771 4185 Ὀ
2819 4129 3145 4201 μακάριος,
3193 4132 3394 4198 φησιν,
3449 4129 3742 4196 ἰωιίνιης

2143 4225 2214 4278 ἐν
2263 4222 2422 4294 ἀρχῇ
2470 4220 2624 4278 εἶναι
2680 4224 2787 4278 τὸν
2829 4224 3024 4292 Λόγον
3071 4219 3312 4290 φήσας.
3356 4221 3453 4274 καὶ
3515 4221 3738 4273 τοῦτον

2145 4313 2302 4382 ζωὴν
2333 4315 2710 4382 προσειπὼν,
2741 4315 2870 4368 εἶτα
2895 4312 3010 4381 τὴν
3045 4310 3228 4380 ζωὴν,
3244 4308 3370 4378 φῶς
3384 4305 3696 4376 ὀνομάσας
3724 4351 3744 4376 ,

2143 4407 2360 4476 μικρὸν
2383 4406 2632 4473 ὑποϐὰς,
2659 4405 2765 4460 Καὶ
2783 4410 2814 4460 ὀ
2838 4408 3022 4474 Λόγος
3053 4403 3207 4472 σὰρξ
3228 4401 3485 4472 ἐγένετο,
3509 4404 3735 4472 φησίν.

464 4503 542 4546 est
575 4494 706 4558 vita,
735 4501 786 4546 et
809 4492 918 4545 vita
936 4500 1015 4544 est
1068 4488 1314 4552 Verbum,
1341 4499 1391 4542 et
1430 4490 1647 4544 Verbum
1678 4509 1806 4546 caro
1840 4493 2041 4561 factum

2150 4501 2220 4554 El
2241 4498 2449 4553 τοίνυν
2483 4497 2551 4551 τὸ
2587 4497 2704 4566 μὲν
2742 4495 2869 4566 φῶς
2895 4497 3065 4549 ἐστιν
3091 4500 3130 4562 ἠ
3172 4493 3285 4562 ζωὴ
3309 4534 3325 4560 ,
3357 4495 3395 4562 ἡ
3426 4493 3495 4546 δὲ
3535 4492 3656 4560 ζωὴ
3701 4497 3741 4547 ὁ

463 4597 542 4641 es:
558 4588 626 4652 ",
643 4586 765 4642 inde
781 4588 1118 4656 manilestum
1139 4585 1377 4654 efﬁcitur,
1393 4583 1532 4654 quod
1552 4585 1644 4637 lux
1659 4585 1709 4637 in
1728 4601 1886 4638 carne
1897 4584 2046 4652 facta

465 4689 565 4734 est.
591 4679 732 4746 Quid
763 4679 965 4750 igitur?
993 4676 1429 4749 quandoquidem
1453 4677 1539 4729 lux
1562 4683 1617 4731 et
1633 4675 1764 4741 vita,
1791 4685 1845 4736 et
1878 4676 2043 4740 Deus,

465 4778 524 4826 et
566 4768 800 4825 Verbum
832 4771 885 4823 iu
917 4785 1082 4825 carne
1129 4767 1414 4840 apparuit,
1473 4767 1702 4836 ideoque
1732 4767 1800 4821 ab
1827 4783 1890 4822 ea
1922 4767 2046 4824 luce

466 4876 593 4933 qua
629 4869 735 4926 est,
783 4861 836 4914 in
874 4859 1033 4917 Patre
1066 4877 1192 4916 vera
1226 4861 1314 4914 lux
1358 4858 1538 4912 dill'ert
1593 4858 1735 4924 Quin
1774 4858 1937 4913 etiam
1973 4876 2040 4915 ex

470 4967 633 5008 sacro
663 4951 951 5023 Evangelia
983 4951 1357 5007 testimonium
1385 4950 1643 5016 sumitur,
1673 4949 1816 5020 quod
1873 4951 1926 5003 in
1973 4959 2047 5005 te-

472 5043 660 5099 nebris
693 5043 782 5096 lux
819 5059 943 5097 eum
983 5049 1151 5104 esset,
1182 5042 1471 5096 contraria:
1523 5048 1734 5093 natura:
1769 5039 2046 5094 inaccessa

475 5135 676 5188 mansit
697 5130 1007 5193 :Luxenitn
1040 5132 1096 5186 iu
1127 5130 1375 5194 tenebris,
1409 5131 1606 5200 inquit,
1643 5129 1845 5195 illuxit,
1893 5139 1943 5184 et
1971 5140 2047 5184 te-

473 5225 646 5281 nebras
677 5242 794 5280 eam
822 5241 922 5280 non
951 5222 1527 5292 comprehenderunt".
1555 5219 1610 5274 Si
1637 5221 1802 5292 igitur
1826 5221 1879 5275 in
1911 5236 2045 5275 cuu-

475 5316 706 5372 trariuut
741 5322 946 5370 mutata
994 5321 1247 5380 esset,‘et
1276 5327 1306 5366 a
1359 5312 1591 5382 caligine
1627 5313 1677 5366 in
1723 5321 2046 5382 p0tcslatem

474 5410 694 5468 redacta
730 5408 946 5475 luisset,
983 5409 1074 5462 lux
1110 5420 1232 5478 quae
1261 5403 1363 5459 fuit
1406 5405 1459 5458 in
1492 5403 1752 5469 tenebris,
1807 5404 2044 5458 validum

475 5508 626 5558 esset
657 5501 723 5556 ad
758 5484 1628 5557 demonstrationemvolentibus
1667 5495 2046 5554 demonstrare

558 5679 602 5711 '°
636 5682 655 5740 Ι
689 5680 832 5738 Tim.
865 5698 941 5752 τι,
978 5682 1063 5739 ιδ.
1140 5681 1184 5716 ⁸⁸
1216 5678 1374 5738 Joan.
1419 5695 1458 5751 t,
1505 5679 1588 5735 M.
1666 5679 1710 5711 "
1747 5678 1877 5734 ibid.
1912 5676 1966 5734 5.

2151 4590 2341 4657 Λόγος
2363 4629 2380 4654 ,
2407 4589 2440 4642 ὀ
2469 4587 2539 4640 δὲ
2564 4587 2754 4656 Λόγος
2793 4587 2948 4655 σὰρξ
2985 4585 3220 4656 ἐγένετο
3245 4627 3260 4649 ,
3289 4587 3544 4641 αὐτόθεν
3573 4587 3740 4655 γίνε-

2151 4695 2242 4731 ται
2270 4678 2549 4748 φανερὸν,
2585 4677 2672 4730 ὅτι
2699 4677 2764 4730 τὸ
2794 4674 2921 4746 φῶς
2957 4678 3026 4729 ἐν
3047 4676 3226 4744 σαρκί
3255 4675 3479 4745 γέγονε.
3504 4676 3572 4726 Τί
3597 4671 3697 4728 οὖν
3725 4693 3742 4736 ;

2164 4770 2380 4841 Ἐπειδὴ
2405 4769 2467 4823 τὸ
2501 4770 2616 4840 φῶς
2641 4771 2735 4822 καὶ
2767 4771 2801 4840 ἡ
2837 4769 2974 4840 ζωὴ,
3005 4769 3098 4823 καὶ
3125 4770 3154 4821 6
3185 4769 3317 4831 Θεὸς
3335 4811 3350 4830 ,
3379 4769 3470 4821 καὶ
3497 4769 3525 4819 6
3557 4767 3744 4835 Λόγος

2145 4866 2204 4916 ὲν
2234 4864 2397 4933 σαρκὶ
2455 4859 2770 4932 ἐφανερώθη
2797 4900 2811 4920 .
2863 4860 2948 4913 διὰ
2974 4859 3129 4913 τοῦτο
3172 4859 3549 4930 παρήλλακται
3594 4861 3743 4929 ergo;

2145 4957 2206 5010 τὸ
2242 4957 2299 5008 ὲν
2341 4954 2422 5025 τῷ
2449 4954 2624 5024 Πατρὶ
2648 4952 2764 5022 φῶς
2791 4952 2848 5006 τὸ
2875 4951 3126 5022 ἀληθινὸν
3154 4951 3288 5020 φῶς.
3316 4951 3419 5004 Καὶ
3451 4948 3558 5019 μὴν
3591 4967 3734 5019 μαρ-

2146 5047 2393 5116 τυρεῖται
2422 5047 2571 5115 παρὰ
2601 5043 2695 5095 οὗ
2726 5042 3053 5111 Εὑαγγελίου
3073 5081 3088 5104 ,
3115 5043 3197 5095 ὅτι
3227 5041 3321 5094 καὶ
3348 5043 3405 5093 ἐν
3433 5040 3509 5110 τῷ
3544 5041 3744 5093 σκότει

2148 5137 2436 5208 γενόμενον
2462 5175 2476 5200 ,
2511 5134 2805 5204 ἀπρόσιτον
2843 5135 3024 5204 ἔμεινε
3063 5137 3128 5203 τῇ
3162 5133 3378 5203 ἐναντίᾳ
3418 5130 3584 5200 φύσει
3610 5145 3624 5160 ·
3664 5133 3744 5184 Τὸ

2151 5227 2259 5299 γὰρ
2284 5227 2409 5296 φῶς
2453 5226 2524 5279 ἐν
2560 5222 2632 5293 τῆ
2661 5226 2907 5292 σκοτίᾳ,
2960 5224 3122 5294 φησιν
3147 5264 3163 5289 ,
3211 5224 3486 5293 ἔλαμψε,
3544 5221 3652 5275 καί
3698 5221 3746 5283 ἡ

2148 5319 2363 5374 σκοτία
2392 5317 2537 5375 αὺτό
2573 5318 2646 5371 οὐ
2699 5339 2769 5371 κα
2783 5315 3046 5371 τέλαόεν.
3074 5317 3137 5369 El
3187 5316 3290 5386 μὲν
3322 5311 3415 5369 οὖν
3456 5313 3746 5384 ἠλλοιώθη

2149 5409 2287 5480 πρὸς
2313 5409 2374 5464 τὸ
2415 5408 2654 5488 ἐναντίον
2695 5409 2789 5463 καὶ
2821 5406 3177 5477 ἐδυναστεύθη
3221 5405 3301 5475 τῷ
3340 5405 3488 5476 ζόφῳ
3518 5405 3584 5456 τὸ
3619 5405 3746 5474 φῶς

2148 5502 2205 5552 ἐν
2235 5501 2298 5570 τῇ
2327 5499 2514 5572 σκοτία
2541 5501 2847 5571 γενόμενα-ι.
2883 5498 3099 5570 ἰσχυρὸν
3134 5498 3199 5552 ἀν
3237 5493 3307 5569 ἦν
3335 5497 3470 5570 πρὸς
3508 5497 3749 5552 dare“-
