4002 6218
243 340 346 400 897
1375 332 1651 391 CONTRA
1695 327 2088 400 EUNOMIUM,
2129 331 2256 388 LIB.
2290 333 2404 393 XII.
3393 329 3502 387 898

246 459 327 524 ξιν
353 455 467 522 τοῖς
513 452 856 526 βουλομένοις
885 451 1273 513 ἑπιδεικνύειν.
1317 451 1441 504 ὅσον
1466 449 1600 522 πρὸς
1627 449 1688 503 rb
1717 449 1826 519 χεῖο
1857 495 1860 506 γ

1961 459 2189 506 uautum
2226 451 2282 506 in
2315 451 2560 508 deterius
2585 452 2865 508 demutata
2909 459 2994 507 est
3027 449 3142 506 haec
3199 446 3292 504 lux
3341 449 3412 504 ab
3437 464 3504 506 ea

247 569 341 619 ρον
366 548 748 619 παρήλλακται
782 545 938 599 τοῦτο
966 545 1029 598 rb
1057 543 1172 614 φῶς
1200 543 1334 615 πρὸς
1372 542 1434 596 rb
1462 543 1520 595 ὲν
1541 543 1622 612 τῷ
1655 539 1830 610 Πατρὶ

1961 555 2050 603 ιιιθ
2084 541 2138 595 in
2169 540 2329 598 Patre
2357 543 2760 598 consideratur.
2795 541 2952 609 Quod
2983 543 3030 596 si
3066 541 3301 596 Verbum
3331 541 3501 595 etiam

248 637 649 711 θεωρούμενον.
681 637 743 689 Et
774 636 830 690 δὲ
881 635 977 689 καὶ
1009 636 1039 687 ό
1066 634 1237 702 Λόγος
1261 675 1277 697 ,
1326 633 1431 687 κᾶν
1472 633 1531 685 ὲν
1556 630 1717 703 σαρκὶ
1746 630 1832 698 γί-

248 749 398 786 νεται
423 771 440 790 .
474 730 644 798 Λόγος
678 727 828 798 μένει
849 767 864 790 .
906 728 999 780 καὶ
1030 727 1092 779 τὸ
1136 725 1271 794 φῶς,
1304 723 1406 778 κᾶν
1450 725 1507 776 ὲν
1543 725 1610 794 τῇ
1643 719 1829 792 σκοτίᾲ

260 823 450 893 λάμιξῃ
474 859 488 881 ,
525 819 642 887 φιίς
674 816 825 876 οὐδὲν
847 811 1006 888 ἧττόν
1033 817 1168 877 ἐστι,
1199 813 1292 868 τοῦ
1323 811 1564 867 ἐναντίου
1591 811 1687 883 τὴν
1719 829 1833 865 κοιο

251 911 449 967 νωνίαν
477 910 537 963 ού
569 907 1016 979 προσδεχόμενον,
1044 907 1137 960 καὶ
1170 906 1204 977 ἡ
1238 905 1373 974 ζωὴ.
1398 905 1502 958 κᾶν
1531 904 1589 956 ὲν
1627 902 1706 974 τῷ
1740 902 1834 956 θα-

253 1003 399 1072 νάτῳ
429 1000 676 1071 γένηται,
702 1000 760 1052 ὲν
787 999 952 1069 ἑαυτῇ
981 995 1309 1065 φυλάσσεται
1328 1011 1342 1026 ο
1375 994 1470 1048 καὶ
1499 994 1528 1048 ό
1551 993 1704 1056 Θεὸς,
1729 991 1833 1046 κᾶν

255 1095 356 1166 τὴν
385 1089 482 1146 τοῦ
528 1089 715 1144 δούλου
764 1088 976 1161 μορφὴν
1007 1085 1246 1160 ὑπέλθῃ,
1276 1086 1376 1140 οὐκ
1418 1084 1580 1148 αὐτὸς
1626 1083 1834 1153 γίνεται

255 1186 476 1248 δοῦλος,
505 1184 621 1239 ἀλλ’
647 1185 725 1246 είς
762 1181 1056 1252 κυριότητα
1102 1179 1195 1234 καὶ
1229 1177 1505 1249 βασιλείαν
1542 1176 1836 1248 ἐξαιρεῖται

255 1280 318 1334 rb
338 1275 676 1349 ὑποχείριον,
703 1274 909 1346 Κύριον
937 1272 1030 1326 καὶ
1047 1271 1285 1340 Χριστὸν
1307 1269 1476 1322 ποιῶν
1503 1268 1563 1320 rb
1582 1266 1836 1322 ταπεινὸν

258 1375 350 1428 καὶ
382 1370 724 1442 ἀνθρώπινον
745 1379 760 1395 ⁸
782 1365 898 1428 πῶς
923 1364 1010 1419 διὰ
1043 1363 1232 1417 τούτου
1273 1361 1409 1434 πρὸς
1442 1361 1504 1414 rb
1534 1362 1713 1431 χεῖρον
1741 1357 1838 1428 τὴν

259 1463 616 1535 παραλλαγὴν
637 1457 732 1512 τοῦ
766 1456 941 1529 φωτὸς
967 1455 1328 1509 ἐπιδείκνυσιν
1353 1493 1368 1517 ,
1401 1453 1530 1516 ἴσως
1579 1450 1738 1504 ὲκατέ
1749 1466 1838 1520 ρου

259 1558 322 1611 rb
344 1533 630 1628 ήάτρεπτον
659 1553 738 1616 είς
766 1549 988 1613 κακίαν,
1019 1548 1112 1601 καὶ
1140 1545 1200 1600 rb
1225 1543 1577 1599 ἀναλλοίωτον
1605 1533 1839 1613 ἔχοντοςς

260 1649 394 1703 Οὐδὲ
435 1647 610 1717 τούτῳ
639 1642 922 1716 προσέχων
943 1681 957 1705 ,
989 1639 1071 1693 ὅτι
1114 1639 1143 1692 ὁ
1171 1637 1308 1711 πρὸς
1351 1634 1446 1689 τὸν
1493 1632 1840 1704 σαρκωθέντα

265 1740 441 1806 Λόγον
481 1733 636 1798 ίδὼν,
685 1733 743 1797 ὃς
784 1725 852 1802 ἦν
911 1729 1004 1784 καὶ
1035 1727 1182 1797 φῶς,
1232 1726 1326 1779 καὶ,
1374 1723 1518 1795 ζωὴ⁹
1557 1721 1652 1777 καὶ
1687 1720 1841 1784 Θεὸς.

265 1787 751 1898 διάυτῆς
783 1787 1221 1893 διφθείσηςδόξης
1248 1816 1339 1870 τὸν
1367 1787 1586 1885 [inriga
1617 1812 1717 1883 τῆς
1753 1811 1841 1865 δό-
1873 1787 1917 1847 Β

265 1924 394 1992 ξης,
431 1916 634 1979 εἰπὼν,
681 1911 1079 1982 Ἐθεασάμεθα
1110 1909 1225 1977 τὴν
1259 1907 1446 1972 δόξαν
1479 1905 1667 1961 αὑτοῦ
1687 1942 1704 1970 ,
1732 1902 1846 1957 δό-

264 2014 380 2078 ξαν
401 2010 484 2076 ὡς
513 2004 894 2076 Μονοτενοῦς
921 2002 1082 2070 παρὰ
1119 2001 1374 2068 Πατρός.

347 2099 494 2154 Ἀλλ’
523 2093 687 2169 ἦλθεν
718 2095 812 2148 ἐπὶ
836 2094 926 2148 τὸν
957 2091 1357 2162 ἀνταγιθνιστον
1394 2090 1548 2158 λόγον
1567 2129 1582 2152 ,
1617 2086 1708 2141 rbv
1740 2087 1847 2141 πάο

265 2194 358 2248 λαι
385 2190 489 2262 μὲν
520 2189 652 2259 ἡμῖν
681 2189 746 2239 ὲκ
789 2186 887 2257 τῆς
926 2183 1247 2246 ἀκολουθίας
1288 2181 1396 2236 τῶν
1425 2178 1726 2249 λεγομένων
1757 2192 1849 2229 πεο

266 2281 596 2353 φωραμένον
623 2321 635 2344 ,
677 2278 772 2332 νύν
810 2276 866 2330 δὲ
890 2277 1071 2346 γυμνῇ
1100 2275 1166 2344 τῇ
1218 2274 1369 2342 φωνῇ
1400 2269 1802 2341 προφερόμενον
1833 2288 1846 2301 ·

268 2374 522 2449 βούλεται
564 2372 673 2442 γάρ
707 2367 929 2440 ἐμπαθῆ
960 2384 1083 2420 τινα
1131 2365 1226 2419 καὶ
1263 2363 1523 2434 ἐπίκηρον
1570 2363 1664 2415 καὶ
1702 2361 1851 2414 οὐδὲν

266 2472 370 2540 τῆς
396 2465 586 2536 ὑλικῆς
617 2464 710 2517 καὶ
745 2460 974 2534 ροὡδους
1021 2458 1232 2528 φύσεως
1259 2456 1620 2526 διαφέρουσαν
1651 2453 1851 2507 ἐπιδεῖ-

271 2563 361 2628 ξαι
391 2557 486 2613 τοῦ
524 2554 653 2610 Υῑοῦ
678 2554 778 2624 τὴν
804 2552 1024 2616 ούσίαν,
1055 2549 1128 2612 ὼς
1155 2547 1220 2602 ἂν
1250 2546 1339 2600 διὰ
1374 2545 1563 2599 τούτου
1596 2544 1693 2616 τὴν
1719 2544 1853 2615 πρὸς

270 2654 365 2707 rbv
404 2648 628 2721 Πατέρα
655 2641 920 2715 διαφορὰν
968 2637 1320 2704 ἀποδείξειεν.
1349 2637 1487 2708 Φησὶ
1513 2637 1642 2710 γὰρ,
1662 2634 1724 2687 Et
1758 2636 1856 2706 μὲν

272 2745 386 2814 ἔχει
412 2739 685 2796 δεικνύναι
707 2738 798 2791 καὶ
825 2737 914 2790 τὸν
943 2733 1039 2786 ἐπὶ
1071 2733 1287 2786 πάντων
1313 2730 1465 2792 Θεὸν.
1497 2727 1687 2799 ὥσπερ
1709 2729 1857 2781 ἐστιν

271 2835 570 2907 ἀπρόσιτον
625 2831 741 2900 φῶς
795 2831 852 2881 ἐν
909 2825 1074 2897 σαρκὶ
1135 2823 1456 2893 γενόμενον,
1517 2819 1550 2891 ἢ
1607 2819 1858 2888 γενέσθαι

275 2926 578 2995 δυνάμενον
608 2963 622 2985 ,
695 2920 799 2974 ὑπ’
850 2916 1094 2983 ἐξουσίαν
1160 2914 1332 2968 ἐλθεῖν
1363 2951 1378 2976 ,
1447 2910 1859 2982 προστάγμασιν

280 3013 610 3072 ὑπακοῦσαι.
657 3011 840 3081 νόμοις
873 3005 1230 3078 ἀνθρωπίνοις
1271 3000 1667 3062 πολιτεύεσθαι.
1697 3017 1860 3053 σταυ-

1931 631 1984 685 in
2016 648 2181 687 carne
2211 633 2438 700 factum,
2467 633 2704 687 Verbum
2737 643 2942 697 manet,
2976 641 3032 688 ct
3059 633 3148 687 lux
3185 631 3402 686 etiatnsi
3446 629 3505 685 in

1933 726 2173 781 tenebris
2203 727 2401 784 luceat.
2431 727 2785 782 nihilominus
2812 727 2901 781 lux
2933 733 3039 790 est,
3059 723 3318 780 contrarii
3349 738 3506 778 com-

1933 817 2245 894 munionem
2307 835 2416 873 non
2475 818 2807 880 admittens;
2854 828 2906 870 et
2966 819 3074 871 vita
3134 815 3386 886 quamvis
3445 814 3504 869 in

1934 916 2109 962 morte
2139 907 2325 973 fuerit,
2375 909 2432 964 in
2473 901 2653 979 s'eipsa
2683 917 3077 974 conservatur;
3131 915 3185 960 et
3228 905 3372 960 Deus
3399 905 3506 961 etsi

1934 999 2076 1054 servi
2113 997 2341 1054 formam
2375 999 2572 1061 induit.
2607 1014 2715 1054 non
2745 999 2861 1069 ipse
2892 1014 3084 1055 servus
3138 996 3390 1059 efﬁcitur.
3409 997 3505 1052 sed

1936 1089 2002 1143 ad
2024 1090 2454 1146 dominationem
2475 1099 2529 1146 et
2540 1107 2765 1162 regnum
2787 1091 3000 1146 extollit
3022 1091 3166 1162 quod
3189 1091 3505 1161 subjicitur,

1940 1179 2226 1235 hominum
2261 1189 2316 1236 et
2341 1180 2620 1238 Christum
2648 1180 2854 1237 faciens
2881 1181 3026 1252 quod
3065 1180 3271 1236 humile
3302 1191 3358 1236 et
3405 1179 3510 1236 hu-

1939 1288 2158 1327 manum
2195 1283 2278 1328 est
2305 1291 2318 1328 :
2349 1273 2624 1342 quomodo
2659 1273 2760 1330 iste
2810 1274 2866 1328 in
2905 1273 3148 1329 deterius
3193 1272 3368 1328 lucem
3409 1273 3511 1326 im-

1940 1373 2203 1417 mutatam
2233 1379 2358 1420 esse
2386 1364 2747 1430 demonstrat,
2793 1378 2917 1418 cum
2949 1371 3179 1435 utraque
3211 1379 3311 1420 nec
3339 1364 3393 1418 in
3429 1363 3509 1417 vi-

1941 1457 2077 1510 tium
2112 1457 2248 1512 verti
2282 1471 2385 1512 nec
2417 1455 2692 1511 itnmutari
2740 1457 2954 1527 possit?
2983 1457 3117 1512 Cum
3172 1471 3352 1525 neque
3405 1455 3511 1510 hoc

1943 1548 2362 1614 animadvertat,
2419 1550 2548 1620 quia
2607 1551 2701 1620 qui
2755 1550 3098 1605 incarnatum
3148 1546 3388 1603 Verbum
3428 1546 3516 1602 in-

1945 1641 2117 1694 tuitus
2147 1649 2251 1701 est.
2285 1641 2377 1710 qui
2407 1649 2526 1695 crat
2556 1649 2610 1695 et
2651 1641 2763 1704 lux,
2793 1649 2846 1695 et
2867 1641 2998 1704 vita,
3031 1648 3086 1694 et
3115 1637 3282 1702 Deus,
3311 1652 3514 1710 cogno-

1945 1732 2024 1786 vit
2048 1748 2144 1802 per
2175 1733 2404 1803 gloriam
2444 1748 2566 1802 quae
2597 1733 2714 1788 visa
2745 1743 2851 1795 est,
2903 1730 3118 1786 Patrem
3147 1731 3354 1802 gloriae,
3389 1745 3516 1784 cum

1946 1824 2113 1880 dixit:
2154 1824 2391 1879 Vidimus
2419 1823 2646 1892 gloriam
2683 1823 2821 1892 ejus,
2879 1821 3108 1892 gloriam
3164 1820 3322 1891 quasi
3381 1815 3514 1874 Uni-

1944 1917 2109 1990 gcuiti
2141 1932 2176 1970 α
2209 1915 2372 1970 Patre
2402 1916 2470 1968 “.

1923 2147 1930 2150 _
2019 2092 2125 2150 Sed
2165 2091 2312 2148 venit
2365 2089 2434 2145 ad
2487 2087 2865 2145 rel‘ractarium
2919 2093 2973 2141 et
3028 2081 3518 2137 contraluctautcm

1950 2199 2255 2243 Sermonem
2294 2198 2324 2237 a
2376 2182 2535 2238 nobis
2567 2179 2774 2252 pridem
2810 2194 2875 2233 ex
2907 2171 3303 2245 consequentia
3345 2170 3523 2225 dicto-

1953 2295 2070 2333 rum
2101 2277 2521 2348 drprehensum,
2571 2287 2720 2327 nunc
2770 2277 2950 2324 autem
3001 2265 3144 2322 nuda
3178 2279 3309 2320 voce
3344 2262 3524 2333 prola-

1952 2380 2104 2433 tum;
2153 2369 2267 2423 vult
2307 2367 2449 2421 enim
2503 2362 2796 2435 quamdam
2851 2358 3135 2413 all'ectibus
3188 2357 3406 2426 plenam
3439 2358 3523 2419 et

1955 2462 2114 2515 morti
2164 2457 2456 2512 obnoxiam
2509 2471 2539 2511 a
2591 2451 2857 2508 materiali
2917 2458 2972 2504 et
3011 2447 3155 2502 ﬂuxa
3191 2457 3385 2501 natura
3419 2443 3511 2496 mi-

1957 2553 2100 2607 nime
2133 2548 2472 2604 tlill'ercntcm
2519 2545 2640 2600 Filii
2686 2542 2983 2600 essentiam
3031 2540 3434 2600 demonstrare,
3466 2543 3524 2588 ut

1955 2657 2052 2714 per
2074 2640 2178 2695 hoc
2202 2653 2326 2694 cum
2355 2635 2518 2691 Patre
2540 2633 2900 2689 diﬂ'erentiam
2917 2628 3192 2684 ostendat.
3231 2627 3321 2680 Ait
3345 2625 3520 2687 enim,

1951 2727 2235 2799 Siquidem
2257 2735 2436 2798 potest
2455 2727 2830 2782 demonstrare
2860 2729 2913 2775 et
2943 2720 3108 2774 Deum
3134 2717 3222 2785 qui
3246 2725 3330 2772 est
3364 2729 3530 2784 super

1959 2821 2164 2885 omnia,
2191 2827 2252 2874 ut
2282 2826 2366 2873 est
2395 2820 2484 2872 lux
2528 2816 2830 2874 inaccessa,
2882 2812 2936 2865 in
2968 2825 3133 2866 carne
3171 2807 3377 2861 factum
3407 2819 3532 2859 esse

1963 2916 2044 2971 vel
2079 2913 2193 2969 ﬁeri
2227 2927 2410 2983 posse,
2441 2909 2542 2962 sub
2570 2913 2899 2979 potestatem
2933 2900 3172 2964 venisse,
3201 2906 3256 2952 et
3287 2895 3533 2964 imperiis

1961 3007 2254 3068 obediisse.
2317 3004 2526 3074 legibus
2589 2997 2844 3053 humanis
2889 2993 3155 3066 paruisse,
3190 3004 3406 3044 crucem
3440 2995 3528 3040 tu-

281 3109 376 3180 ρὸν
434 3107 675 3175 ἐνεγκεῖν
705 3077 733 3167 ,1
787 3100 906 3156 ἶσον
963 3077 1168 3169 λεγέτω
1241 3095 1320 3167 τῷ
1376 3095 1518 3166 φωτὶ
1582 3095 1644 3148 rb
1722 3093 1858 3164 φῶς.

1963 3099 2126 3154 lisse:
2172 3094 2435 3164 aequalem
2483 3090 2631 3145 dicat
2673 3087 2781 3144 luci
2825 3087 3021 3140 lucem.
3061 3082 3117 3135 Si
3149 3083 3262 3135 haec
3301 3094 3330 3133 a
3374 3077 3534 3133 nobis

282 3199 344 3252 El
385 3195 558 3250 ταῦτα
591 3195 717 3264 παρ’
756 3192 910 3264 ἡμῶν
958 3188 1292 3259 προεφέρετο
1331 3187 1419 3240 διὰ
1467 3185 1576 3238 τῶν
1633 3200 1862 3255 προκατο

282 3287 704 3358 ισκευασμένων
771 3284 913 3338 κατὰ
965 3284 1025 3336 τὸ
1074 3277 1364 3334 ἀκόλουθον
1403 3277 1819 3348 ὲξευριςκόντων
1845 3315 1861 3336 ,

287 3380 363 3452 μὴ
393 3375 928 3450 συμμαρτυρούμενα
957 3374 1076 3436 ταῖς
1114 3370 1324 3424 ἐκείνου
1371 3371 1572 3439 φωναῖς
1594 3384 1606 3397 ⁸
1635 3367 1719 3430 τίς
1766 3367 1866 3420 οὐκ

283 3473 353 3528 ἂν
408 3473 554 3542 ἡμᾶς
605 3469 960 3537 συκοφαντεῖν
998 3463 1292 3536 ᾐτιάσατο,
1331 3462 1404 3526 ὡς
1461 3459 1708 3532 περινοίᾳ
1760 3461 1866 3512 τινὶ

281 3566 461 3634 λόγων
519 3564 654 3634 πρδις
705 3565 806 3632 τὴν
857 3550 1084 3613 ἀτοπίαν
1146 3556 1350 3626 ταύτην
1415 3555 1476 3608 τὸ
1527 3553 1700 3624 δόγμα
1759 3551 1866 3605 τῶν

283 3657 622 3714 ὑπεναντίων
649 3653 1006 3714 ἐκϐάλλοντας
1030 3667 1044 3715 ;
1067 3649 1206 3704 Νυνὶ
1228 3649 1286 3702 δὲ
1311 3647 1602 3718 συνηγορία
1619 3645 1702 3710 τίς
1730 3646 1865 3711 ἐστι,

280 3749 379 3804 τοῦ
409 3745 881 3819 πεφροντισμένως
905 3744 1051 3814 ἡμᾶς
1075 3740 1212 3813 μετά
1235 3741 1332 3808 τῆς
1352 3739 1606 3810 ἀληθείας
1627 3736 1868 3790 εὐθύνειν

282 3843 378 3896 rbv
413 3842 512 3911 τῆς
539 3839 804 3910 αἱρέσεως
833 3835 1010 3904 λόγον,
1037 3833 1098 3886 rb
1127 3832 1262 3902 μηδὲ
1292 3832 1417 3902 παρ’
1443 3829 1624 3883 αὐτῶν
1647 3827 1869 3882 ἐκείνων

284 3933 388 4007 τὴν
421 3910 564 3986 κατά
591 3929 652 3983 τὸ
688 3925 979 3983 ἀκόλουθον
1011 3922 1448 3992 ἀναφαινομένην
1473 3918 1703 3974 ἀτοπίαν
1738 3910 1869 3971 σιωέ

289 4023 553 4095 πηθῆναι.
590 4019 718 4074 Ἰδοὺ
742 4017 852 4090 γάρ
881 4016 998 4080 πῶς
1023 4012 1482 4086 ἀπαρακάλυπτός
1507 4012 1621 4063 ἐστι
1647 4010 1740 4063 καὶ
1774 4027 1870 4062 πε-

289 4111 817 4188 παρῤησιασμένηή
858 4108 1000 4162 κατά
1040 4105 1134 4160 τοῦ
1185 4102 1504 4177 μονογενοῦς
1531 4101 1664 4155 Θεοῦ
1701 4101 1868 4173 μάχη·

291 4208 388 4263 κιίι
416 4204 478 4258 rb
522 4205 662 4257 κατά
699 4197 1109 4272 φιλανθρωπίαν
1145 4195 1303 4268 ἔργον
1348 4193 1568 4265 διαϐολὴ
1613 4193 1706 4246 καὶ
1744 4209 1874 4246 κατ-

292 4298 496 4370 ηγορία
538 4295 636 4366 τῆς
683 4291 777 4346 rufi
831 4289 962 4344 Υἱοῦ
995 4287 1087 4343 τοῦ
1131 4285 1262 4341 Θεοῦ
1317 4283 1531 4356 φύσεως
1572 4283 1725 4355 παρά
1765 4281 1874 4336 τῶν

296 4388 515 4462 ἐχθρῶν
545 4383 835 4456 ἐνομίσθη,
882 4379 957 4445 ὡς
990 4378 1113 4450 οὐχὶ
1156 4375 1549 4448 προνοητικῶς,
1597 4374 1732 4428 ἀλλά
1775 4391 1875 4444 φυ-

1965 3187 2361 3260 prolerreutur,
2395 3189 2584 3252 utpote
2611 3194 2708 3250 per
2769 3193 2833 3233 ca
2863 3190 2987 3246 qua:
3024 3173 3180 3245 prius
3211 3177 3536 3242 praestructa

1965 3281 2184 3335 fuerunt
2211 3293 2274 3331 ex
2304 3274 2696 3328 consecutione
2723 3266 3184 3340 exeogitantibus,
3231 3279 3339 3318 non
3389 3261 3538 3315 illitis

1965 3371 2192 3426 vocibus
2254 3364 2650 3422 consentientia
2679 3403 2696 3430 ,
2751 3363 2876 3434 quis
2933 3374 3034 3414 nos
3077 3372 3188 3412 non
3252 3361 3539 3410 accusaret

1964 3461 2254 3518 calumniis
2314 3439 2607 3528 impetere,
2663 3463 2718 3510 et
2775 3453 3069 3510 verborum
3131 3449 3367 3518 quadam
3439 3460 3534 3501 so-

1967 3549 2122 3604 lertia
2143 3555 2198 3603 et
2227 3545 2376 3602 vafra
2399 3543 2856 3600 commentatione
2882 3539 2947 3594 ad
2976 3539 3119 3593 hanc
3141 3536 3536 3592 absurditatem

1968 3639 2404 3694 adversariorum
2423 3636 2619 3705 dogma
2631 3630 2961 3705 propellere?
2992 3629 3147 3684 Nunc
3163 3636 3344 3682 autem
3361 3635 3542 3696 patro-

1969 3729 2174 3785 cinium
2215 3727 2490 3798 quoddam
2534 3733 2639 3787 est,
2668 3724 2813 3793 quod
2850 3722 3150 3792 prudenter
3198 3727 3252 3773 et
3301 3715 3543 3771 sollicite

1971 3835 2074 3874 nos
2118 3833 2243 3872 cum
2279 3816 2507 3870 veritate
2538 3813 2808 3866 haereseos
2841 3821 3149 3865 sermonem
3195 3807 3542 3875 corrigimus,

1972 3908 2117 3982 quod
2140 3921 2314 3978 neque
2341 3905 2410 3959 ab
2441 3903 2548 3958 illis
2580 3901 2714 3972 ipsis
2757 3915 2877 3971 qua:
2908 3915 2973 3954 ex
3000 3897 3355 3966 consequenti
3378 3909 3544 3964 appa-

1973 4013 2053 4060 ret
2095 3999 2408 4057 absurditas
2447 3996 2666 4052 silentio
2701 3993 3028 4047 iuvolvatur.
3073 3985 3370 4062 Ecceenim
3405 4000 3543 4056 quo-

1974 4095 2136 4150 modo
2162 4100 2347 4163 aperta
2376 4097 2461 4145 est
2487 4095 2542 4142 et
2584 4086 2752 4139 libera
2798 4089 2989 4137 contra
3013 4079 3352 4149 unigenitum
3376 4077 3543 4132 Deum

1975 4199 2176 4256 pugna.
2212 4181 2361 4251 Opus
2389 4176 2686 4247 quinetiam
2719 4170 2863 4242 quod
2905 4185 3002 4240 pro
3029 4183 3128 4225 sua
3163 4168 3217 4223 in
3247 4181 3420 4238 genus
3445 4167 3546 4220 hu—

1977 4290 2199 4332 manum
2271 4266 2651 4327 benevolentia
2695 4263 3028 4333 Redemptor
3079 4258 3414 4329 adimpievit,
3487 4258 3543 4312 in

1979 4363 2306 4425 calumniam
2333 4371 2386 4416 et
2420 4357 2748 4429 vituperium
2779 4365 2988 4410 natura
3035 4351 3156 4406 Filii
3193 4351 3285 4405 Dei
3317 4349 3386 4403 ab
3436 4348 3544 4402 ini-

299 4439 424 4462 'h'r
444 4439 455 4441 '
637 4439 650 4456 I
790 4439 800 4453 ι
822 4439 833 4445 '
937 4439 953 4445 -
1058 4439 1089 4450 η
1202 4439 1214 4448 ι
1345 4439 1356 4448 υ
1788 4439 1800 4444 ν

296 4479 470 4544 σικῶς
510 4475 671 4531 αύτοῦ
718 4474 854 4544 πρὸς
893 4472 986 4525 rbv
1023 4473 1080 4524 ὲν
1128 4469 1289 4540 σαρκὶ
1333 4467 1479 4542 βίον,
1527 4468 1622 4520 καὶ
1670 4466 1731 4519 rb
1777 4464 1860 4518 τοῐ

1982 4459 2138 4515 micis
2165 4456 2430 4511 vertitur:
2457 4452 2613 4522 quasi
2643 4465 2752 4504 non
2799 4464 2865 4503 ex
2911 4462 3009 4501 sua
3048 4443 3412 4516 providentia,
3453 4439 3549 4498 sed

295 4567 538 4641 σταυροῦ
574 4565 742 4628 πάθος
776 4562 1281 4632 κατολισθήσαντος.
1337 4559 1444 4612 Καὶ
1489 4557 1678 4628 ὥσπερ
1716 4555 1876 4626 φύσις

295 4663 418 4719 ἐστὶ
445 4656 526 4730 τῷ
545 4657 680 4729 λίθῳ
711 4656 746 4726 ἡ
782 4655 875 4708 ἐπὶ
917 4653 979 4706 rb
1003 4653 1155 4706 κάτω
1197 4651 1336 4722 φορὰ
1355 4692 1370 4716 ,
1419 4649 1512 4702 καὶ
1551 4649 1630 4719 τῷ
1658 4648 1791 4720 πυρὶ
1817 4649 1878 4701 rb

297 4752 571 4824 ἔμπαλιν,
635 4749 730 4804 καὶ
775 4746 875 4800 οὐκ
921 4742 1520 4814 ἀντιμεταλαμϐάνουσι
1572 4741 1671 4804 τὰς
1717 4739 1879 4810 ἀλλή-

296 4848 409 4900 λων
437 4843 704 4912 ιδιὰτητας
735 4840 792 4893 αἱ
839 4836 992 4898 ὗλαι,
1029 4834 1168 4887 ὥστε
1207 4835 1460 4905 ἀνωφερῆ
1498 4833 1596 4904 μὲν
1623 4827 1762 4885 εἶναι
1787 4830 1880 4884 τὸν

297 4937 470 4997 λίθον,
505 4932 708 5004 βρίθειν
732 4929 790 4982 δὲ
822 4927 884 4981 rb
910 4927 1020 4998 πῦρ
1044 4925 1138 4979 ἐπὶ
1170 4923 1234 4976 rb
1269 4924 1421 4976 κάτω
1441 4923 1766 4995 φερόμενον·
1798 4919 1883 4975 aiio

297 5045 411 5090 τως
451 5021 943 5085 κατασκευάζουσι,
997 5019 1064 5088 τῇ
1109 5016 1207 5086 μὲν
1255 5014 1350 5068 τοῦ
1379 5013 1507 5067 Υίοῦ
1551 5013 1710 5082 φύσει
1753 5030 1878 5064 συν·

297 5114 635 5172 οικειοῦσθαι
669 5111 738 5166 τά
765 5110 936 5180 πάθη,
967 5108 1061 5161 καὶ
1086 5106 1173 5160 διὰ
1202 5105 1358 5158 τοῦτο
1379 5107 1512 5176 προς
1537 5104 1598 5158 rb
1627 5101 1885 5171 συγγενὲς

301 5209 472 5276 ἑαυτῇ
498 5205 590 5258 καὶ
608 5204 804 5257 οίκεῖον
837 5199 1010 5253 ἐλθεῖν
1025 5215 1038 5228 ο
1064 5198 1161 5267 τὴν
1186 5195 1242 5249 δὲ
1256 5193 1351 5248 τοῦ
1366 5193 1573 5265 Πατρδς
1595 5191 1885 5263 ἐλευθέραν

301 5293 475 5350 οῧσαν
500 5291 609 5345 τῶν
637 5291 891 5345 τοιούτων
925 5285 1132 5352 παθῶν,
1182 5283 1474 5354 ἀπρόσιτον
1506 5279 1644 5336 εἶναι
1672 5283 1738 5353 τῇ
1775 5279 1884 5334 τῶν

300 5383 496 5440 κακῶν
521 5382 816 5455 προσϐολῇ.
849 5379 988 5451 Φησὶ
1014 5377 1123 5448 γὰρ
1149 5375 1239 5429 τὸν
1264 5376 1355 5428 ἐπὶ
1383 5373 1599 5428 πάντων
1617 5371 1768 5430 Θεὸν.
1795 5370 1884 5424 ὅση

304 5497 416 5549 περ
439 5479 588 5532 ἔστιν
613 5477 908 5547 ἀπρόσιτον
937 5473 1073 5542 φῶς,
1113 5471 1249 5541 μήτε
1280 5468 1567 5539 γενόμενον
1602 5468 1660 5520 ὲν
1700 5465 1885 5537 σαρκὶ,

309 5576 453 5644 μήτε
479 5569 730 5642 γενέσθαι
756 5569 1048 5640 δυνάμενον
1070 5584 1083 5596 ο
1119 5567 1278 5637 ἢρκει
1309 5562 1369 5617 ιδ
1397 5562 1661 5634 πρότερον
1685 5559 1793 5615 τῶν
1813 5561 1888 5614 εί-

387 5749 434 5784 ”
460 5743 616 5804 δοίη.
656 5761 696 5811 ι,
723 5743 812 5802 ιι.

1666 5791 1695 5806 9

1979 4549 2214 4607 naturali
2246 4547 2482 4618 quadam
2519 4542 2884 4614 propensione
2912 4540 2968 4594 in
3011 4540 3178 4592 vitam
3227 4549 3547 4605 corpoream

1979 4641 2233 4698 etcrucis
2285 4638 2597 4709 passionem
2641 4634 2897 4703 delapsus
2940 4631 3030 4687 sit.
3084 4629 3149 4682 Et
3196 4625 3553 4697 quemadmo-

1980 4735 2107 4789 dum
2142 4732 2392 4788 naturale
2423 4737 2506 4785 est
2541 4727 2704 4797 lapidi
2731 4732 2789 4778 ut
2813 4723 3071 4778 deorsum
3106 4719 3287 4784 cadat,
3344 4727 3399 4772 et
3439 4713 3548 4787 igni

1980 4835 2173 4882 contra
2209 4832 2266 4878 ut
2291 4837 2510 4879 sursum
2546 4818 2784 4878 feratur,
2830 4829 2932 4869 nec
2975 4811 3216 4866 materia:
3249 4808 3553 4880 proprieta-

1986 4929 2068 4975 tes
2112 4921 2251 4972 inter
2303 4931 2362 4970 se
2402 4914 2460 4968 in
2510 4909 2846 4968 contrarium
2896 4911 3146 4965 mutant,
3213 4902 3285 4955 ita
3311 4907 3368 4954 ut
3418 4899 3559 4968 lapis

1986 5027 2205 5068 sursum
2234 5006 2462 5071 feratur,
2493 5013 2546 5059 ct
2593 5001 2736 5073 ignis
2758 4999 3024 5070 gravitate
3072 4995 3329 5050 deorsum
3376 4989 3561 5061 depri-

1993 5111 2176 5156 matur
2211 5119 2224 5155 :
2259 5100 2340 5153 sic
2365 5102 2723 5167 pra-struunt,
2747 5106 2869 5146 cum
2908 5087 3028 5142 Filii
3059 5094 3251 5140 natura
3275 5083 3560 5154 passiones

1988 5194 2157 5257 coire,
2198 5197 2252 5245 et
2281 5195 2502 5259 prepter
2529 5185 2632 5239 hoc
2657 5183 2723 5238 ad
2753 5190 3042 5252 cognatum
3075 5175 3284 5246 sibiipsi
3324 5183 3378 5228 et
3401 5171 3560 5227 fami-

1991 5285 2126 5339 liare
2163 5283 2346 5337 venire
2373 5296 2388 5335 :
2415 5277 2596 5332 Patris
2623 5288 2753 5330 vero
2789 5281 3060 5330 naturam,
3108 5282 3231 5322 cum
3261 5267 3330 5320 ab
3361 5263 3556 5334 hujus—

1995 5371 2141 5428 modi
2193 5367 2542 5442 passionibus
2590 5365 2662 5421 sit
2710 5362 2903 5423 libera.
2949 5357 3214 5412 malorum
3267 5355 3562 5426 appropin-

1994 5461 2238 5535 quationi
2270 5460 2625 5516 inaccessam.
2657 5452 2794 5506 Dicit
2818 5450 2960 5506 enim
2984 5447 3150 5502 Deum
3183 5447 3276 5518 qui
3298 5456 3381 5501 est
3400 5459 3566 5515 super

1995 5533 2202 5619 omnia,
2234 5549 2325 5622 qui
2359 5547 2578 5620 quidem
2639 5553 2725 5601 est
2779 5543 2872 5598 lux
2935 5540 3239 5604 inaccessa,
3273 5550 3449 5610 neque
3484 5533 3566 5590 fa-
