4002 6218
403 297 510 356 899

1647 287 1706 346 S.
1747 289 2073 348 GRECOR"
2107 290 2402 352 ΝγεεΕΝι

3546 283 3654 340 900

405 425 554 468 ctum
577 389 642 466 Pin
673 423 859 476 carne,
895 409 1072 479 neque
1103 406 1216 463 ﬂeri
1248 416 1439 478 posse:
1478 409 1624 480 quod
1658 409 1813 480 prius
1852 407 1958 462 die-

2094 407 2328 476 squévmv
2353 405 2525 459 εἰπεῖν
2552 418 2566 432 °
2618 403 2699 457 δτι
2737 405 2766 458 6
2798 401 2986 475 Πατὴρ
3011 403 3110 456 οὐκ
3135 404 3193 456 ἐν
3223 401 3388 474 σαρκὶ
3416 402 3651 471 ἐγένετο.

405 510 520 557 tum
557 500 684 563 fuit,
738 501 874 554 satis
915 508 1035 555 erat
1086 498 1310 564 dixisse,
1357 500 1502 569 quod
1545 498 1703 554 Pater
1761 513 1869 553 non
1925 497 1980 552 in

406 608 573 646 carne
602 592 780 646 factus
809 598 930 657 est;
973 604 1122 644 nunc
1154 597 1334 644 autem
1370 590 1569 659 duplex
1603 588 1848 660 quaedam
1899 593 1980 642 est

410 699 506 755 per
534 683 895 754 adjectionem
924 682 1149 736 absurdi
1189 682 1480 736 astructio.
1533 680 1630 736 Vel
1656 681 1802 736 enim
1863 677 1979 733 Filii

408 783 630 830 accusat
679 775 897 839 vitium,
936 775 1022 831 vel
1068 772 1249 828 Patris
1287 773 1687 842 impotentiam.
1741 770 1799 826 Si
1836 773 1980 826 enim
2018 840 2020 843 ι

409 868 608 922 malum
640 874 721 922 est
751 867 932 921 carnis
989 865 1328 924 communio.
1360 865 1640 934 unigenito
1657 863 1767 917 Deo
1791 862 1981 916 vitium
2014 851 2030 860 ”

409 960 670 1029 assignat;
715 959 759 1013 si
793 972 921 1011 vero
949 957 1151 1012 bonum
1198 965 1308 1019 est,
1341 956 1456 1011 haec
1484 956 1538 1009 in
1578 969 1749 1023 genus
1789 955 1982 1008 innua-

411 1063 538 1102 num
586 1047 960 1103 benevolentia
1002 1045 1218 1100 Patrem
1261 1047 1328 1099 ad
1377 1047 1578 1100 bonum
1631 1045 1982 1116 impotentem

409 1154 530 1194 esse
567 1139 825 1202 ostendit,
858 1137 1046 1192 dicens
1075 1139 1252 1207 ipsum
1288 1153 1394 1192 non
1447 1138 1691 1207 potuisse
1747 1151 1843 1206 per
1865 1150 1986 1190 car-

412 1246 535 1284 nem
586 1231 749 1283 talem
779 1229 1010 1300 gratiam
1047 1230 1284 1298 operari.
1353 1229 1421 1282 At
1464 1229 1589 1298 quis
1620 1229 1861 1281 omnium
1893 1241 1987 1280 ne-

411 1322 538 1383 scit,
583 1321 724 1391 quod
761 1319 908 1374 Sicut
939 1320 1100 1374 Pater
1132 1322 1378 1390 vivi/irrit,
1421 1322 1497 1375 sic
1539 1329 1590 1374 et
1631 1319 1808 1372 Filius
1853 1333 1984 1388 quos

411 1413 519 1469 ruit
553 1415 782 1482 viri/(cat
813 1413 899 1466 “‘1
953 1428 1051 1468 nos
1091 1412 1341 1467 videlicet
1371 1421 1615 1466 mortuos
1645 1410 1833 1465 dicens
1890 1409 1984 1479 qui

412 1521 440 1558 a
477 1521 600 1558 vera
643 1507 751 1558 vita
797 1505 1118 1559 excidimus.
1178 1503 1236 1558 Si
1290 1505 1456 1575 igitur
1518 1502 1978 1574 quemadmodum

413 1597 572 1651 Pater
602 1597 858 1658 vivitieat,
897 1597 978 1651 sic
1023 1612 1131 1650 non
1163 1597 1322 1650 aliter
1354 1595 1524 1650 Filius
1572 1595 1817 1650 eamdem
1857 1608 1986 1663 epe-

413 1699 565 1744 ratnr
589 1691 836 1760 gratiam,
870 1689 1143 1758 quomodo
1183 1686 1291 1741 Deo
1321 1688 1536 1742 rebellis
1569 1696 1623 1741 et
1657 1701 1869 1756 pugnax
1889 1685 1984 1738 ad-

2080 497 2216 550 Νυνὶ
2238 497 2294 550 δὲ
2309 495 2470 567 διπλῆ
2487 495 2569 559 τίς
2583 497 2699 548 ἐστι
2720 495 2806 548 διὰ
2833 495 2932 566 τῆς
2949 495 3265 567 προσθήκης
3285 497 3317 565 ἡ
3339 494 3431 547 τοῦ
3452 495 3654 549 ἀτόπου

2081 589 2413 658 κατασκευή.
2424 587 2494 640 Ἦ
2507 587 2615 658 γὰρ
2627 585 2853 640 τοῦΥίοῦ
2868 589 3163 657 κατηγορεῖ
3175 586 3429 656 κακίανῇ
3443 585 3537 638 τοῦ
3551 587 3660 638 Πα-

2080 678 2205 749 τρὸς
2229 677 2542 748 ἀδυναμίαν.
2577 678 2640 730 Εἰ
2667 679 2765 748 μὲν
2787 677 2894 748 γὰρ
2923 677 3090 730 κακὸν
3125 677 3276 748 ήτῆς
3308 678 3511 746 σαρκὸς
3540 695 3658 730 κοι-

2043 826 2064 840 ,
2082 770 2267 830 νωνία,
2280 766 2357 837 τῷ
2376 766 2780 838 μονογενεῖΘεῷ
2802 770 3214 839 προσμαρτυρεῖ
3233 768 3332 837 τὴν
3352 767 3553 822 κακίαν
3573 785 3585 796 ο
3608 771 3660 821 εἰ

2081 859 2138 912 δὲ
2159 858 2359 928 ἀγαθὸν
2377 861 2410 930 ἡ
2437 858 2831 930 φιλανθρωπία,
2848 859 3103 912 ἀδύνατον
3124 861 3203 922 εἰς
3229 859 3288 912 τὸ
3307 858 3510 928 ἀγαθὸν
3530 859 3664 911 ἀπο-

2081 949 2324 1004 δείκνυσι
2348 950 2439 1002 τὸν
2472 949 2712 1020 Πατέρα,
2754 949 2927 1017 λέγων
2977 949 3050 1022 μὴ
3086 949 3150 1003 ἂν
3179 950 3341 1003 αὐτὸν
3363 949 3660 1020 δυνηθῆναι

2081 1040 2180 1112 τὴν
2201 1041 2454 1111 τοιαύτην
2476 1041 2632 1112 χάριν
2656 1039 2744 1093 διὰ
2770 1040 2970 1111 σαρκὸς
3010 1042 3330 1112 ἐνεργῆσαι.’
3355 1044 3554 1096 Καίτοι
3579 1044 3664 1107 τίς

2082 1135 2182 1187 οὐκ
2225 1129 2331 1186 οἶδε
2360 1134 2469 1186 τῶν
2499 1133 2738 1196 πάντων,
2778 1132 2861 1186 ὃτι
2909 1133 3006 1198 Ὧς
3040 1135 3072 1187 ὁ
3125 1133 3327 1201 Πατὴρ
3356 1134 3659 1203 ζωοποιὸς,

2083 1225 2272 1289 οὕτως
2309 1224 2404 1278 καὶ
2439 1227 2472 1278 ό
2500 1223 2630 1290 Υἱός
2673 1223 2783 1290 οὓς
2811 1225 2970 1278 θέλει
3007 1223 3302 1288 (maciei;
3361 1226 3542 1296 Ἡμεῖς
3569 1227 3664 1298 δη-

2082 1316 2216 1388 λαδὴ
2239 1315 2464 1386 νεκροὺς
2496 1314 2668 1384 λέγων
2696 1317 2820 1378 τοὺς
2851 1315 2953 1386 τῆς
2995 1315 3250 1386 ἀληθινῆς
3286 1317 3664 1382 ἀποπεσόντας

2085 1405 2246 1476 ζωῆς.
2282 1407 2345 1461 Εἰ
2373 1403 2465 1460 οὖν
2489 1405 2676 1477 ῶσπερ
2705 1409 2732 1459 6
2755 1407 2943 1478 Πατὴρ
2964 1407 3232 1475 ζωοποιεῖ,
3258 1410 3422 1474 οὕτω,
3441 1413 3534 1464 καὶ
3561 1413 3661 1465 οὐκ

2083 1498 2258 1561 ἄλλως
2278 1501 2306 1551 6
2328 1497 2455 1562 Υἱὸς
2481 1499 2580 1568 τὴν
2609 1499 2779 1567 αὐτὴν
2804 1500 3016 1570 ἐνεργεῖ
3038 1499 3196 1570 χάριν
3219 1516 3233 1530 ·
3264 1501 3380 1562 πῶς
3407 1503 3436 1554 6
3462 1501 3664 1573 θεομά-

2085 1607 2179 1659 χος
2211 1590 2330 1642 κατ’
2371 1589 2695 1659 ἀμφοτέρων
2725 1591 2864 1642 κινεῖ
2899 1589 2995 1660 τὴν
3031 1589 3346 1661 βλάσφημον
3369 1593 3660 1661 γλῶσσανς

2085 1681 2175 1734 τὸν
2205 1682 2302 1751 μὲν
2331 1681 2553 1752 Πατέρα
2577 1684 2642 1752 τῇ
2680 1681 2814 1751 πρὸς
2835 1681 2894 1734 τὸ
2930 1683 3129 1750 ἀγαθὸν
3157 1683 3444 1755 ἀδυναμίᾳ.
3487 1686 3579 1739 τὸν
3605 1687 3665 1739 δὲ

413 1797 604 1837 versus
630 1782 818 1835 ambos
847 1779 1065 1848 impiam
1097 1785 1150 1832 et
1169 1778 1483 1832 maledicam
1505 1779 1682 1830 vibrat
1704 1777 1942 1846 linguam
1964 1816 1979 1838 ,

2094 1747 2216 1826 re»;
2235 1774 2299 1843 τῇ
2331 1747 2551 1843 πρὸς-τὸ
2579 1747 2746 1826 κακον
2771 1747 3060 1842 οἰκειότητι
3097 1747 3459 1845 καθυϐρίνζωνς
3520 1778 3662 1829 Ἀλλ’

415 1871 626 1927 Patrem
657 1871 874 1942 quidem
909 1870 974 1924 ad
1008 1870 1207 1924 bonum
1239 1869 1581 1938 impotentia,
1613 1866 1810 1922 Filium
1854 1881 1983 1923 vero

416 1963 482 2016 ad
517 1962 716 2015 malum
779 1975 947 2030 prona
1014 1957 1380 2013 familiaritate
1434 1957 1827 2012 contumeliose
1873 1965 1984 2010 tra-

415 2051 607 2106 ctans?
640 2048 747 2104 Sed
775 2064 882 2104 non
935 2057 1039 2112 est,
1082 2048 1278 2118 inquit,
1315 2047 1406 2101 lux
1443 2047 1548 2102 luci
1579 2046 1834 2117 aequalis,
1864 2060 1987 2114 pro-

417 2154 598 2213 pterea
628 2141 771 2212 quod
823 2141 912 2194 illa
937 2139 1154 2209 quidem
1199 2153 1349 2204 vera,
1381 2139 1495 2194 haec
1527 2153 1657 2192 vero
1706 2138 1984 2192 inaccessa

417 2234 636 2288 dicitur.
688 2231 800 2286 Lux
858 2232 1023 2302 igitur
1077 2246 1204 2286 vera
1256 2231 1644 2286 imminutione
1697 2228 1988 2284 censetur?

417 2323 999 2394 Quamobrem?Atqui
1036 2324 1254 2376 illorum
1289 2330 1374 2378 est
1417 2337 1618 2385 sermo,
1674 2322 1819 2392 quod
1862 2336 1988 2392 pro-

420 2425 600 2484 pterea
625 2415 799 2484 major
813 2422 866 2470 et
893 2414 1161 2470 excelsior
1193 2411 1372 2468 Patris
1399 2414 1658 2468 divinitas
1679 2405 1844 2484 quam
1867 2411 1986 2466 Filii

421 2507 757 2578 intelligitur,
797 2521 864 2562 eo
905 2506 1050 2576 quod
1110 2505 1222 2559 ille
1259 2504 1480 2575 quidem
1526 2519 1688 2559 verus
1743 2503 1890 2558 Deus
1930 2504 1988 2557 in

420 2599 710 2669 Evangelio
737 2605 963 2652 vocatus
997 2605 1082 2652 est
1133 2616 1146 2652 :
1193 2597 1281 2652 hic
1313 2605 1494 2652 autem
1539 2598 1659 2651 sine
1701 2597 1808 2650 veri
1847 2595 1993 2664 adje-

420 2691 616 2745 ctione.
643 2689 929 2756 Quomodo
985 2688 1152 2759 igitur
1198 2687 1387 2742 eadem
1420 2687 1557 2742 ratio
1607 2688 1660 2741 in
1709 2687 1992 2741 divinitate
2049 2694 2056 2701 ‘

419 2783 637 2854 quidem
659 2781 1041 2844 accretiOnetn,
1066 2781 1120 2834 in
1141 2780 1263 2834 luce
1281 2773 1408 2834 vero
1429 2779 1860 2834 imminutionem
1877 2779 1922 2846 ej
1933 2793 1995 2832 ns

420 2874 565 2946 quod
597 2873 933 2943 intelligitur,
965 2869 1280 2941 signiﬁcat?
1340 2867 1397 2923 Si
1431 2870 1578 2924 enim
1617 2870 1690 2924 ob
1717 2884 1834 2923 eam
1875 2884 1997 2923 cau-

423 2984 538 3024 sam
598 2965 815 3020 Patrem
849 2961 988 3018 Filio
1017 2961 1278 3033 majorem
1327 2968 1638 3022 autumant,
1674 2959 1802 3029 quia
1833 2973 1996 3014 verus

2084 1864 2182 1917 οὐκ
2221 1864 2354 1928 ἐστι,
2388 1864 2542 1934 φησι,
2577 1864 2655 1934 τῷ
2698 1865 2836 1934 φωτὶ
2867 1865 2927 1916 τὸ
2957 1864 3069 1934 φῶς
3096 1861 3208 1919 ἴσον
3231 1882 3245 1895 '
3289 1867 3427 1920 ’διότι
3468 1867 3529 1920 τὸ
3563 1871 3664 1938 μὲν

2083 1955 2352 2025 ἀληθινὸν,
2379 1955 2440 2008 τὸ
2471 1955 2528 2008 δέ
2579 1956 2870 2026 ἀπρόσιτον
2893 1956 3126 2024 λέγεται.
3191 1957 3263 2009 Τὸ
3295 1953 3385 2010 οὖν
3411 1958 3662 2029 ἀληθινὸν

2085 2046 2374 2101 ἐλαττώσει
2406 2047 2691 2119 κρίνεται;
2745 2048 2841 2101 Διά
2879 2049 2958 2114 τί;
3011 2048 3120 2100 Καὶ
3167 2048 3274 2119 μὴν
3299 2051 3520 2103 ἐκείνων
3547 2054 3658 2104 ἐστὶ

2083 2137 2258 2207 λόγος,
2298 2139 2379 2192 ὅτι
2407 2137 2494 2192 διὰ
2538 2138 2696 2192 τοῦτο
2727 2138 2926 2209 μείζων
2962 2141 3057 2192 καὶ
3086 2139 3394 2211 ὑῂλοτέρα
3422 2141 3515 2193 τοῦ
3550 2144 3664 2195 Πα-

2085 2230 2211 2300 196;
2240 2232 2274 2302 ἡ
2299 2230 2486 2302 θεότης
2517 2230 2664 2302 παρὰ
2688 2231 2784 2302 τὴν
2813 2231 2906 2284 τοῦ
2929 2231 3056 2284 Υἰοῦ
3081 2235 3280 2286 νοεῖται
3301 2249 3314 2262 ·
3344 2233 3476 2286 διότι
3504 2235 3534 2286 6
3565 2235 3668 2304 μὲν

2086 2320 2338 2391 ἀληθινὸς
2356 2321 2490 2384 Θεὸς
2516 2323 2572 2374 ἐν
2585 2320 2663 2391 τῷ
2688 2319 3004 2392 Εὑαγγελίῳ
3029 2323 3402 2394 προσείρηται,
3428 2325 3455 2377 6
3476 2323 3532 2377 δὲ
3558 2343 3668 2392 χω-

2090 2412 2174 2482 ρὶς
2207 2413 2305 2482 τῆς
2328 2412 2420 2465 τοῦ
2455 2411 2748 2480 ἀληθινοῦ
2781 2413 3112 2484 προσθήκης.
3151 2413 3276 2478 Πῶς
3302 2411 3395 2468 οὖν
3439 2417 3466 2468 6
3500 2415 3668 2480 αὐτὸς

2088 2503 2264 2571 λόγος,
2315 2505 2409 2557 ἐπὶ
2462 2505 2560 2574 μὲν
2589 2505 2687 2576 τῆς
2726 2503 2979 2576 θεότητος
3017 2505 3275 2578 αὔξησιν,
3337 2507 3430 2560 ἐπὶ
3461 2507 3515 2560 δέ
3571 2507 3668 2561 τοῦ

2092 2597 2268 2666 φωτὸς
2309 2597 2601 2650 ἐλάττωσιν
2632 2598 2726 2652 τοῦ
2764 2597 3053 2668 νοουμένου
3106 2616 3399 2668 σημαινξις
3445 2601 3508 2652 Εἰ
3559 2602 3672 2672 γάρ

2091 2686 2178 2740 διὰ
2201 2686 2356 2740 τοῦτο
2396 2689 2616 2758 μείζονα
2658 2689 2753 2742 τοῦ
2791 2689 2920 2742 Υἰοῦ
2963 2689 3055 2744 τὸν
3086 2692 3303 2764 Πατέρα
3357 2693 3540 2762 φασὶν,
3585 2694 3670 2745 ὅτι

2093 2778 2339 2847 ἀληθινὸς
2364 2778 2496 2843 Θεός
2525 2781 2661 2845 ἐστι,
2693 2782 2833 2837 κατὰ
2863 2782 2953 2837 τδν
2986 2783 3148 2838 αὑτὸν
3184 2784 3340 2853 λόγον
3372 2786 3574 2856 μείζων
3601 2783 3672 2839 ἂν

2093 2870 2447 2942 ὁμολογηθείη
2480 2871 2570 2924 τοῦ
2599 2873 2809 2945 Πατρδς
2834 2875 2862 2928 6
2896 2875 3051 2939 Υἱὸς,
3097 2876 3177 2928 ὅτι
3208 2875 3236 2928 6
3268 2875 3386 2948 μὲν,
3418 2876 3672 2946 ἀληθινὸν

2097 2963 2232 3031 φῶς,
2271 2965 2299 3016 6
2345 2963 2399 3016 δὲ
2439 2963 2535 3034 οὐχ
2577 2963 2750 3029 οὕτως
2792 2965 3239 3036 κατονομάζεται.
3307 2967 3466 3020 Ἀλλὰ
3509 2967 3676 3021 τοῦτο

423 3061 565 3115 Deus
593 3068 700 3121 εει,
724 3058 912 3111 eadem
964 3055 1176 3109 ratione
1204 3052 1367 3107 Patre
1398 3052 1574 3122 major
1603 3050 1771 3106 Filius
1801 3065 1997 3106 conce-

2104 3054 2221 3126 μὲν,
2245 3055 2400 3125 φησὶ,
2431 3056 2491 3110 τὸ
2521 3056 2633 3126 φῶς
2667 3056 2735 3111 τὰ
2754 3057 2851 3128 τῆς
2891 3057 3299 3131 φιλανθρωπίας
3336 3061 3670 3132 ἐνήργησεν·

423 3152 603 3215 datur,
634 3149 762 3220 quia
793 3147 877 3201 hic
899 3146 1120 3216 quidem
1155 3161 1284 3200 vera
1313 3145 1430 3212 lux,
1468 3145 1561 3200 ille
1599 3161 1710 3200 non
1743 3145 1824 3200 sic
1870 3159 2000 3216 cog-

425 3242 756 3297 nominatur.
789 3236 896 3294 Sed
932 3238 1045 3292 itare
1076 3237 1293 3306 quidem
1327 3237 1442 3300 lux,
1486 3237 1685 3306 inquit,
1714 3251 1834 3306 quae
1873 3245 2000 3292 sunt

426 3331 805 3395 immanitatis,
837 3334 1184 3398 nperataest,
1215 3327 1305 3380 illa
1324 3341 1455 3381 vero
1485 3326 1551 3379 ad
1577 3327 1740 3380 talem
1767 3327 1997 3396 gratiam

427 3422 673 3478 ineﬂicax
711 3431 764 3476 et
794 3421 970 3474 otiosa
1023 3419 1246 3473 mansit.
1287 3416 1473 3472 Novus
1508 3418 1841 3488 praelationis
1887 3419 2001 3474 sive

427 3515 795 3588 prterngativa:
819 3512 1033 3568 modus.
1085 3509 1242 3577 Quod
1276 3511 1515 3566 otiosum
1545 3510 1646 3564 fuit
1673 3511 1738 3566 ad
1767 3512 2002 3568 benevo-

430 3609 648 3662 lentiam
677 3607 730 3661 in
774 3620 947 3676 genus
990 3604 1313 3666 humanum,
1361 3616 1426 3656 eo
1451 3601 1543 3672 qui
1589 3611 1846 3674 operatus
1897 3613 2001 3666 est,

429 3699 682 3770 superius
713 3697 979 3764 judicant.
1011 3693 1117 3749 Sed
1157 3707 1333 3764 neque
1370 3700 1475 3758 est,
1534 3707 1710 3764 neque
1761 3694 1864 3749 erit
1898 3709 2002 3748 un-

429 3808 592 3863 quam
629 3791 768 3844 inter
790 3787 1133 3842 Christianos
1163 3785 1332 3850 notio,
1368 3799 1466 3854 per
1511 3799 1674 3855 quam
1707 3792 2003 3855 praestrua~

431 3895 520 3938 tur
548 3898 655 3936 non
685 3895 845 3934 onme
882 3878 1108 3940 bonum,
1135 3875 1278 3945 quod
1315 3874 1536 3944 quidem
1577 3883 1662 3928 est
1708 3873 2001 3943 ejusmodi,

430 3991 496 4031 ex
518 3973 679 4028 Patre
705 3985 925 4026 causam
961 3969 1183 4022 habere.
1230 3966 1505 4020 Bonorum
1553 3975 1733 4020 autem
1786 3973 2001 4020 nostro-

433 4083 552 4122 rum
605 4070 788 4135 caput,
833 4061 899 4115 ad
949 4061 1118 4116 vitam
1171 4057 1369 4113 reditio
1412 4055 1555 4128 apud
1613 4054 1908 4128 prudentes
1950 4063 2006 4111 et

433 4166 578 4214 recte
611 4155 904 4210 sentientes
943 4152 1220 4206 creditur:
1267 4149 1382 4203 haec
1423 4156 1602 4203 autem
1647 4162 1746 4218 per
1789 4145 2004 4200 Domini

2101 3148 2274 3200 ἐκεῖνο
2289 3147 2344 3200 δὲ
2373 3147 2506 3218 πρὸς
2521 3149 2619 3220 τὴν
2635 3149 2886 3220 τοιαύτην
2913 3151 3070 3223 χάριν
3086 3152 3238 3204 ἀνενέ
3247 3169 3444 3222 ργητον
3467 3152 3672 3223 ἔμεινε.

2101 3239 2298 3303 Καινὸς
2348 3241 2723 3310 προτιμήσεως
2761 3241 2960 3312 τρόπος
2983 3257 2997 3272 °
3043 3241 3104 3294 τὸ
3135 3243 3411 3313 ἄπρακτον
3444 3245 3521 3306 εἰς
3552 3243 3678 3312 φιλ-

2101 3331 2432 3401 ανθρωπίαν,
2467 3331 2560 3384 τοῦ
2597 3333 2990 3405 ἐνεργήσαντος
3040 3333 3340 3405 ὑπέρτερον
3374 3335 3674 3406 κρίνουσιν.

2113 3421 2250 3474 Ἀλλ’
2275 3422 2397 3476 οὐδέ
2423 3422 2592 3486 ἔστιν,
2615 3422 2738 3476 οὔτε
2769 3427 3056 3495 γενήσεται
3082 3407 3322 3478 τοιοῦτον
3349 3428 3406 3478 ἐν
3424 3427 3680 3495 Χριστιαο

2101 3514 2208 3573 τοῖς
2243 3529 2371 3564 ποτε
2401 3513 2599 3582 νόημα,
2631 3513 2696 3566 δι’
2718 3511 2777 3569 οὗ
2811 3516 3278 3580 κατασκευάζεται
3315 3517 3391 3587 μὴ
3416 3519 3518 3570 πᾶν
3539 3519 3682 3582 ἀγαο

2101 3600 2212 3666 θον,
2253 3604 2444 3674 ὅτιπερ
2484 3605 2542 3655 ἐν
2584 3606 2697 3668 τοῖς
2725 3605 2986 3670 τοιούτοις
3031 3609 3202 3671 ἐστὶν,
3246 3610 3306 3661 ἐκ
3336 3627 3428 3662 του
3464 3609 3683 3681 Πατρὸς

2099 3693 2198 3764 τὴν
2222 3693 2398 3746 αἰτίαν
2425 3693 2570 3764 ἔχειν
2589 3712 2603 3726 ο
2634 3695 2742 3748 τῶν
2762 3696 2818 3750 δέ
2847 3697 2969 3750 καθ’
3006 3700 3152 3769 ἡμᾶς
3178 3700 3397 3768 ἀγαθῶν
3420 3699 3482 3754 τὸ
3504 3704 3680 3770 κεφά-

2101 3782 2268 3846 λαιον,
2298 3787 2330 3855 ἡ
2371 3786 2502 3856 πρὸς
2525 3788 2624 3858 τὴν
2657 3785 2803 3859 ζωὴν
2847 3789 3102 3854 ἐπάνοδος
3131 3793 3279 3861 παρά
3304 3795 3419 3856 τοῖς
3448 3787 3505 3846 εὖ
3540 3810 3681 3862 φρο-

2101 3875 2250 3930 νοῦσι
2294 3878 2633 3932 πιστεύεται·
2669 3878 2807 3952 αὕτη
2841 3880 2898 3935 δὲ
2937 3881 3027 3936 διὰ
3069 3884 3167 3954 τῆς
3206 3884 3346 3937 κατά
3393 3884 3682 3957 ἄνθρωπον

2100 3973 2407 4039 οἰκονομίας
2451 3974 2544 4028 τοῦ
2575 3975 2781 4046 Κυρίου
2827 3975 3204 4049 κατώρθωται,
3246 3979 3345 4032 οὐκ
3392 3980 3681 4051 ἀπράκτου

2103 4061 2197 4114 καὶ
2227 4063 2609 4135 ἀνενεργήτου,
2645 4063 2830 4128 καθὼς
2857 4067 2890 4135 ἡ
2914 4067 3124 4139 αἵρεσις
3159 4066 3430 4136 βούλεται,
3458 4067 3553 4121 τοῦ
3581 4071 3690 4123 [Ia-

2103 4151 2231 4223 τρδς
2264 4153 2320 4205 ἐν
2346 4152 2423 4224 τῷ
2465 4154 2640 4226 καιρῷ
2679 4155 2782 4225 τῆς
2811 4158 3115 4228 οἰκονομίας
3147 4158 3548 4224 ἀπιδιάσαντος.
3606 4158 3686 4214 Οὐ

432 4249 816 4308 oeconomiam,
842 4246 954 4300 sive
977 4244 1433 4307 incarnationem,
1447 4237 1650 4309 optime
1667 4233 1902 4305 perfecta
1922 4247 1997 4294 est

2105 4242 2215 4312 γὰρ
2246 4243 2401 4297 τοῦτο
2432 4245 2764 4302 ἐνδείκνυται
2793 4247 2823 4301 6
2848 4246 3016 4302 εἰπὼν
3046 4288 3060 4312 ,
3100 4251 3182 4304 ὅτι
3221 4251 3282 4304 '0
3310 4250 3553 4321 πέμψας
3582 4269 3685 4321 με,

433 4354 485 4398 et
523 4341 835 4412 adimpleta,
864 4337 1023 4392 Patre
1055 4336 1272 4392 interim
1303 4349 1416 4390 non
1435 4335 1610 4390 otioso
1633 4337 1688 4387 et
1709 4329 1997 4396 inetlicace,

2104 4334 2231 4403 μετ’
2271 4335 2417 4404 ἐμοῦ
2467 4336 2620 4401 ἐστι,
2674 4339 2787 4400 καὶ.
2817 4340 2875 4393 '0
2939 4340 3140 4408 Πατὴρ
3185 4341 3254 4395 ἐν
3291 4341 3418 4412 ἐμοί
3459 4343 3685 4413 μένω,

435 4435 579 4490 sicut
625 4410 844 4486 lia-rasis
900 4428 1094 4499 cupide
1145 4426 1449 4495 contendit,
1502 4435 1742 4494 tempore
1787 4437 1997 4478 (econo-

2111 4423 2273 4477 ποιεῖ
2297 4425 2368 4477 τὰ
2407 4426 2550 4495 ἔργα
2587 4428 2794 4486 ταῦτα.
2858 4430 2982 4493 Πῶς
3013 4427 3104 4484 οὖν
3132 4434 3164 4503 ὴ
3208 4410 3417 4504 αἵρεσις
3608 4432 3689 4503 τῷ

435 4523 556 4577 mia:
582 4522 697 4577 sive
716 4518 1144 4589 diSpcnsatinnis
1168 4516 1311 4586 apud
1333 4531 1392 4570 se
1417 4524 1691 4569 manente.
1720 4511 1840 4567 Non
1861 4512 1997 4568 enim

2113 4515 2228 4586 Υἰῷ
2253 4515 2349 4588 τὴν
2373 4518 2511 4589 ὑπὲρ
2536 4520 2691 4591 ἡμῶν
2719 4522 2875 4592 χάριν
2913 4524 3429 4597 προσμαρτυροῦσα,
3453 4525 3693 4596 ἀπόμοι-

435 4616 538 4670 boc
549 4615 906 4674 demonstrat,
925 4612 1016 4680 qui
1036 4610 1203 4664 dixit:
1224 4609 1329 4677 Qui
1341 4607 1480 4663 misit
1494 4624 1595 4670 me,
1621 4621 1819 4660 mecum
1841 4615 1919 4660 est
1939 4604 2004 4672 “;

433 4715 506 4771 ct,
546 4705 704 4760 Pater
731 4706 785 4758 in
818 4720 896 4758 me
919 4718 1134 4756 martem
1165 4700 1274 4756 haec
1303 4713 1460 4768 opera
1487 4697 1616 4767 facit
1637 4699 1704 4752 ”.
1723 4696 2007 4764 Quomodo

437 4799 601 4871 igitur
639 4799 860 4853 haeresis
901 4795 1125 4864 gratiam
1155 4809 1274 4863 qua:
1304 4791 1476 4846 nostri
1508 4806 1677 4846 causa
1716 4790 1856 4844 facta
1896 4797 2002 4854 est,

437 4892 537 4946 soli
573 4889 707 4944 Filio
735 4889 1064 4947 attrilmens.
1110 4886 1406 4954 gratiarum
1443 4884 1673 4938 actionis
1714 4895 1810 4952 pro
1843 4881 2007 4934 colla-

436 4983 509 5038 tis
543 4983 596 5037 in
629 4996 728 5036 nos
773 4977 1052 5034 beneficiis
1081 4975 1293 5032 Patrem
1326 4975 1457 5029 facit
1501 4973 1818 5030 exsortrm?
1865 4973 2009 5029 Solis

435 5075 579 5130 enini
627 5068 1070 5126 benet'a'toribus
1118 5067 1414 5138 gratiarum
1449 5065 1683 5119 actionis
1722 5063 2010 5118 retributio

437 5164 670 5221 naturali
696 5161 906 5216 ratione
933 5159 1182 5214 debetur.
1232 5156 1333 5223 Qui
1370 5167 1549 5210 autem
1584 5154 1649 5210 ad
1688 5142 2007 5210 beneficium

436 5255 827 5312 conferendum
879 5261 963 5309 est
1019 5253 1312 5322 impotens,
1377 5256 1532 5302 extra
1585 5264 1870 5301 nunerum
1925 5254 2010 5301 cst

435 5342 622 5403 eorum
648 5347 735 5402 cui
757 5345 944 5419 gratia!
968 5357 1066 5416 pro
1093 5344 1222 5398 dato
1255 5339 1519 5397 beneﬁcio
1555 5347 1819 5408 aguntur.
1844 5335 2010 5392 Vides

438 5447 496 5492 ut
521 5453 616 5507 per
638 5439 821 5493 omnia
855 5436 988 5509 ipsis
1021 5435 1076 5490 in
1104 5432 1436 5489 contrarium
1477 5429 1620 5485 cedit
1661 5428 2013 5499 blasphemiae

442 5545 639 5598 scepus
676 5531 939 5584 adversus
963 5526 1338 5598 Unigenitum,
1395 5537 1520 5578 cum
1565 5536 1629 5576 ex
1667 5535 2009 5592 consequen-

551 5705 767 5769 "Joan.
798 5721 862 5776 ν,
889 5705 982 5762 2t.
1048 5705 1096 5738 “
1123 5703 1254 5761 ibid.
1291 5705 1382 5761 37.
1458 5703 1506 5737 "
1542 5700 1700 5760 Joan.
1736 5715 1849 5768 xiv,
1881 5699 1967 5756 to.

2114 4624 2206 4678 ρον
2234 4611 2378 4661 ποιεῖ
2409 4609 2499 4663 τὸν
2525 4611 2742 4683 Πατέρα
2769 4614 2866 4684 τῆς
2901 4615 2992 4667 ἐπὶ
3014 4617 3127 4679 τοῖς
3153 4615 3566 4688 κατορθώμασιν
3597 4616 3694 4670 εὐ-

2110 4700 2436 4770 χαριστίας;
2506 4702 2704 4767 Μόνοις
2730 4704 2836 4776 γὰρ
2884 4706 3025 4761 κατά
3066 4707 3226 4777 φύσιν
3262 4709 3531 4779 ὀφείλεται
3573 4711 3694 4772 τοῖς

2116 4791 2426 4862 εὐεργέταις
2465 4795 2498 4864 ἡ
2546 4794 2642 4865 τῆς
2677 4797 3024 4866 εὐχαριστίας
3058 4800 3354 4865 ἀντίδοσις*
3381 4802 3410 4853 6
3452 4801 3510 4854 δέ
3547 4801 3694 4872 πρὸς

2112 4882 2427 4952 εὐεργεσίαν
2453 4884 2731 4950 ἀδύνατος,
2758 4888 2861 4953 ἔξω
2888 4887 2982 4940 τοῦ
3009 4890 3448 4960 εὐχαριστεῖσθαι
3470 4891 3694 4956 πάντως

2112 4973 2280 5028 ἐστίν.
2333 4974 2492 5046 Ὁρᾷς
2520 4977 2596 5040 ὼς
2633 4976 2720 5030 διὰ
2753 4977 2970 5032 πάντων
2999 4979 3180 5043 αὐτοῖς
3212 4980 3349 5050 πρὸς
3378 4981 3694 5035 τούναντίον

2111 5066 2140 5116 6
2187 5063 2388 5128 σκοπὸς
2437 5067 2823 5137 περιτρέπεται
2867 5069 2967 5139 τῆς
3025 5071 3168 5125 κατά
3213 5071 3306 5124 τοῦ
3350 5072 3695 5140 Μονογενοῦς

2116 5155 2481 5230 βλασφημίας,
2518 5149 2658 5214 κατὰ
2688 5162 2750 5216 τὸ
2772 5163 3061 5220 ἀκόλουθον
3084 5167 3176 5219 ἐπὶ
3213 5167 3304 5219 τὸν
3338 5166 3558 5238 Πατέρα
3590 5184 3698 5238 μεθ

2113 5251 2495 5323 ταεαινούσης.
2557 5253 2664 5306 Καί
2717 5271 2805 5326 μοι
2844 5255 2993 5309 δοκεῖ
3021 5259 3137 5310 κατ’
3180 5257 3427 5329 ἀνάγκην
3453 5257 3699 5312 τοιοῦτον

2116 5339 2450 5412 συμϐαίνειν.
2488 5341 2548 5396 Εἰ
2588 5343 2697 5418 γὰρ
2733 5347 2762 5398 6
2791 5347 2963 5417 τιμῶν
2991 5348 3082 5400 τὸν
3113 5348 3239 5400 Υἰὸν
3289 5351 3425 5420 τιμᾷ
3460 5348 3550 5402 τὸν
3582 5350 3702 5404 Πα-

2113 5434 2268 5505 τέρα,
2297 5434 2436 5488 κατὰ
2457 5434 2557 5505 τὴν
2587 5436 2737 5490 θείαν
2765 5437 3056 5506 ἀπόφασιν,
3087 5438 3246 5509 δῆλον
3271 5439 3355 5493 ὃτι
3383 5440 3526 5509 καὶὴ
3552 5439 3700 5510 πρὸς

2116 5525 2174 5577 τὸ
2201 5525 2441 5579 ἐναντίον
2483 5526 2622 5581 κατὰ
2681 5528 2773 5582 τοῦ
2805 5528 2934 5583 Υἰοῦ
2976 5529 3196 5602 σπουδὴ,
3232 5531 3324 5585 ἐπὶ
3355 5531 3445 5586 τὸν
3472 5531 3701 5606 Πατέρα
