4002 6218
308 323 405 380 90!

1437 323 1714 382 CONTRA
1752 321 2146 391 EUROMIUM,
2182 324 2310 383 LIB.
2351 323 2464 381 XII.

3456 332 3566 390 903

304 439 404 508 τὴν
429 437 706 508 ἀναφορὰν
742 437 874 507 ἔχει.
940 437 1082 506 Ἐγὼ
1121 437 1176 492 δέ
1211 454 1352 509 φημι
1378 438 1510 501 δεῖν,
1549 441 1661 504 τοῖς
1693 439 1890 495 ἁπλού-

1995 440 2066 494 tia
2101 439 2155 493 in
2181 437 2398 494 Patrem
2437 446 2702 496 transeat.
2744 439 2821 496 Ac
2855 440 2988 497 mihi
3020 442 3235 499 videtur
3262 458 3326 499 ex
3373 458 3566 502 neces-

308 545 499 600 οτερον
524 528 830 598 δεχομένοις
863 529 924 582 τὸ
963 530 1093 601 περὶ
1123 530 1212 584 τὸν
1255 530 1485 600 σταυρὸν
1517 532 1609 584 καί
1634 532 1730 588 τὴν
1756 533 1889 587 ἀνά-

308 640 497 676 στασιν
521 625 802 692 κήρυγμα,
854 623 975 692 ἰσης
1005 622 1354 692 εὐχαριστίας
1387 622 1523 693 πρός
1553 640 1613 676 τε
1645 623 1737 676 τὸν
1765 623 1892 676 Υίὸν

309 717 402 768 καὶ
439 715 531 766 τὸν
563 715 806 785 Πατέρα,
835 715 932 783 τὴν
953 714 1126 784 αὑτὴν
1156 715 1314 785 χάριν
1345 714 1598 768 ὑπόθεσιν
1627 714 1890 783 γίνεσθαι,

306 806 398 860 καὶ
424 807 487 859 τὸ
509 806 775 877 πατρικὸν
809 807 1019 876 θέλημα
1050 807 1142 858 τοῦ
1164 805 1292 860 Υίοῦ
1320 806 1702 870 τελειώσαντος
1722 821 1740 838 '
1772 807 1896 860 τοῦ-

306 915 365 950 το
388 898 445 950 δέ
472 901 586 952 ἐστι
617 898 678 950 τὸ
707 896 947 964 Πάντας
975 899 1325 966 ἀνᾷρώπους
1360 897 1652 965 σωθῆναι,
1709 899 1891 962 καθώς

307 1007 474 1058 φησιν
501 991 529 1041 6
567 983 927 1051 Ἀπόστολος’
985 989 1183 1059 ὁμοίως
1224 991 1316 1043 ἐπὶ
1380 992 1437 1060 τῇ
1491 989 1670 1060 χάριτι
1717 988 1892 1063 ταύτῃ

305 1083 474 1151 τιμᾷν
509 1080 601 1133 τὸν
634 1080 851 1152 Πατέρα
879 1097 938 1133 τε
983 1081 1076 1135 καί
1115 1082 1206 1134 τὸν
1242 1081 1394 1144 Υίόν,
1425 1081 1501 1144 ὼς
1525 1083 1625 1134 οὐκ
1651 1081 1715 1134 ἂν
1737 1098 1889 1149 γενος

307 1171 480 1242 μένης
506 1171 633 1243 ὑμῖν
673 1173 968 1242 σωτηρίας,
1018 1173 1067 1224 εἰ
1104 1171 1179 1244 μὴ
1213 1172 1274 1226 τὸ
1312 1171 1513 1240 ἀγαθὸν
1556 1171 1767 1242 θέλημα
1795 1170 1887 1224 τοῦ

307 1263 520 1333 Πατρὸς
549 1263 637 1316 διὰ
672 1263 770 1334 τῆς
800 1264 934 1327 ίδίας
963 1263 1244 1334 δυνάμεως
1271 1263 1434 1317 αὑτοῦ
1468 1262 1734 1334 προῆλθεν
1754 1262 1884 1333 ἡμῖν

307 1356 390 1417 εἰς
418 1356 712 1424 ἐνέργειαν.
747 1354 984 1424 Δύναμιν
1017 1354 1072 1406 δέ
1105 1353 1199 1406 τοῦ
1232 1354 1441 1424 Πατρὸς
1466 1355 1554 1407 τὸν
1593 1353 1717 1406 Υἰὺν
1750 1349 1884 1407 εἶναι

307 1445 460 1518 παρὰ
487 1447 595 1500 τῶν
629 1446 858 1518 Γραφῶν
888 1446 1312 1517 μεμαθήκαμεν.

1987 531 2150 586 sitate
2185 531 2314 599 quid
2347 531 2454 585 tale
2479 531 2820 603 contingere.
2851 532 2906 587 Si
2929 534 3074 589 enim
3107 535 3200 605 qui
3247 535 3568 592 bonorfllcat

1989 622 2209 687 Filium,
2262 621 2587 677 honorificat
2624 631 2678 678 et
2712 623 2950 689 Patrem,
2977 627 3278 680 secundum
3318 626 3565 682 divinum

1991 716 2248 778 effatum,
2314 716 2662 785 perspicuum
2717 716 2864 785 quod
2906 719 3242 772 contrarium
3300 718 3568 775 adversus

1993 806 2188 861 Filium
2245 807 2488 867 studium
2535 806 2602 861 ad
2626 805 2838 862 Patrem
2877 809 3040 863 habet
3086 810 3426 865 relationem.
3453 810 3568 881 Ego

1995 909 2174 953 autem
2202 897 2352 958 dico.
2384 908 2640 970 oportere
2661 899 2745 954 his
2763 900 2854 970 qui
2883 900 3185 970 simplicius
3211 900 3279 955 de
3308 917 3472 957 cruce
3513 911 3571 958 et

1991 990 2392 1045 resurrectione
2423 992 2752 1060 praeconium
2779 1000 3128 1060 acceperunt.
3155 993 3380 1062 aequalis
3427 994 3566 1064 grati

1994 1079 2164 1134 animi
2196 1080 2616 1150 significationis
2655 1097 2781 1152 erga
2823 1081 3021 1136 Filium
3050 1091 3103 1137 et
3143 1082 3378 1166 Patren),
3427 1100 3571 1139 eam-

1991 1171 2113 1226 dem
2145 1173 2375 1243 gratiam
2404 1172 2820 1228 fundamentum
2879 1174 3028 1240 fieri,
3093 1176 3396 1245 prtesertim
3444 1191 3569 1232 cum

1995 1262 2167 1319 Filius
2204 1263 2384 1321 Patris
2429 1267 2766 1321 voluntatem
2814 1267 3126 1336 perfecerit,
3174 1284 3294 1338 quae
3349 1269 3570 1340 quidem

1990 1366 2095 1421 εει,
2145 1371 2321 1411 omnes
2358 1358 2593 1412 homines
2633 1357 2805 1412 salvos
2834 1359 2976 1425 ﬁeri,
3019 1360 3163 1416 sicut
3208 1364 3284 1416 ait
3337 1363 3572 1432 Aposto-

1999 1446 2084 1501 lus
2116 1447 2201 1499 ’σε
2234 1449 2488 1504 similiter
2518 1451 2572 1504 in
2595 1449 2698 1504 hac
2722 1451 2895 1520 gratia
2951 1462 3004 1505 et
3051 1451 3267 1507 Patrem
3299 1462 3352 1508 et
3372 1453 3569 1509 Filium

307 1538 516 1593 honore
546 1537 792 1599 allicere,
825 1538 950 1606 quia
982 1537 1132 1593 salus
1158 1538 1315 1592 nobis
1340 1536 1478 1591 facta
1515 1551 1620 1592 noii
1665 1535 1878 1597 fuisset,
1919 1536 2024 1590 nisi
2062 1536 2205 1592 bona
2250 1541 2506 1596 voluntas
2554 1540 2736 1596 Patris
2805 1558 2901 1612 per
2970 1543 3226 1600 virtutem
3273 1549 3448 1617 ipsius
3502 1548 3572 1604 ad

302 1629 680 1698 operationem
706 1627 771 1681 ad
804 1643 904 1682 nos
939 1628 1319 1696 processisset.
1381 1627 1649 1683 Virtutem
1675 1637 1854 1682 autem
1892 1630 2072 1686 Patris
2103 1630 2300 1687 Filium
2326 1650 2450 1691 esse
2472 1651 2537 1690 ex
2571 1635 2871 1706 Scripturis
2903 1637 3218 1693 didicimus.

379 1722 548 1777 Πάλιν
573 1722 629 1775 δέ
661 1720 730 1774 τὰ
758 1721 1020 1792 εἰρημένα
1047 1722 1488 1793 κατανοήσωμεν.
1513 1742 1531 1773 ι
1557 1723 1619 1775 Εἰ
1657 1724 1754 1793 μὲν
1781 1723 1893 1793 ἔχει

2068 1724 2282 1782 Rursus
2315 1736 2496 1782 autem
2528 1745 2648 1798 quae
2677 1731 2752 1783 dit
2769 1739 2819 1782 ta
2856 1741 3018 1796 sunt,
3054 1731 3434 1802 dispiciamus.
3465 1751 3484 1785 ι
3513 1732 3573 1788 Si

299 1811 614 1873 δεικνύναι,
653 1831 669 1860 ι
715 1810 882 1878 φησὶ,
931 1829 948 1861 ι
987 1810 1077 1863 τὸν
1118 1811 1210 1863 ἐπὶ
1257 1811 1472 1865 πάντων
1505 1811 1672 1878 Θεὸν,
1704 1811 1892 1883 ῶσπερ

302 1905 456 1958 ἐστὶν
481 1901 776 1972 ἀπρόσιτον
807 1903 942 1971 φῶς,
979 1903 1037 1954 ἐν
1061 1903 1225 1973 σαρκὶ
1247 1903 1553 1973 γενόμενον,
1581 1903 1613 1973 ἢ
1641 1904 1891 1970 γενέσθαι

299 1996 624 2065 δυνάμενον,
651 1989 766 2046 ἴσον
795 1993 998 2063 λεγέτω
1029 1993 1106 2065 τῷ
1139 1993 1278 2062 φωτὶ
1302 1993 1362 2047 τὸ
1392 1993 1525 2062 φῶς.
1552 2013 1568 2044 ι
1620 1995 1892 2065 Πρόδηλος

300 2086 416 2155 γὰρ
443 2087 472 2138 6
499 2085 606 2138 τῶν
633 2085 938 2158 εἰρημένων
988 2087 1186 2150 σκοπὸς
1217 2086 1285 2139 δι’
1315 2086 1486 2156 αὐτῆς
1536 2089 1633 2157 τῆς
1660 2086 1769 2140 τῶν
1797 2089 1895 2158 ρη-

305 2178 498 2249 μὰτων
538 2182 880 2250 κατασκευῆς
909 2197 920 2210 ·
964 2180 1046 2232 ὅτι
1078 2179 1178 2233 οὑκ
1209 2178 1379 2232 οἴεται
1408 2181 1472 2250 τῇ
1505 2178 1893 2251 παντοδυνάμῳ

301 2271 522 2340 θεότητι
548 2271 638 2324 τὸν
662 2271 788 2324 Υἰδν
817 2271 911 2324 καὶ
940 2272 1074 2343 πρὸς
1103 2271 1163 2324 τὸ
1207 2270 1448 2325 τοιοῦτον
1481 2267 1620 2334 εἰδος
1640 2273 1740 2342 τῆς
1773 2271 1894 2340 φιλ-

301 2361 622 2433 ανθρωπίας
650 2363 862 2432 ἰσχῦσαι
883 2379 896 2392 ·
921 2362 1057 2416 ἀλλά
1085 2362 1162 2428 τῷ
1182 2363 1396 2432 φύσεως
1423 2361 1703 2434 ἐμπαθοῦς
1727 2359 1890 2429 εἶναι,

300 2456 370 2510 τὺ
399 2457 536 2509 κατὰ
565 2456 655 2509 τὸν
681 2455 912 2526 σταυρὸν
939 2455 1193 2520 δέξασθαι
1220 2456 1410 2520 πάθος.
1457 2456 1620 2510 Ἀλλά
1641 2474 1730 2528 μοι
1763 2474 1890 2510 σκο-

302 2551 565 2620 πουμένῳ
598 2549 690 2602 καὶ
734 2548 1095 2620 ἀναζητοῦντι
1127 2549 1289 2602 πόθεν
1318 2553 1439 2611 ταῖς
1469 2547 1750 2612 τοιαύταις
1783 2548 1893 2604 τῶν

302 2641 632 2712 ὐπολὴψεων
664 2641 789 2711 περὶ
819 2641 881 2694 τὸ
915 2640 1067 2694 Θεῖον
1093 2640 1404 2702 συνέπεσεν,
1431 2639 1505 2702 ὡς
1529 2639 1588 2692 τὸ
1613 2639 1710 2710 μὲν
1741 2639 1895 2708 ἀγένο

301 2748 469 2800 νητον
494 2731 605 2800 φῶς
640 2732 932 2804 ἀπρόσιτον
962 2727 1097 2785 εἶναι
1125 2731 1202 2803 τῷ
1230 2730 1475 2802 ἐναντίῳ,
1507 2731 1602 2785 καὶ
1636 2730 1894 2801 καθαρῶς

301 2823 523 2886 ἀπαθὲς
556 2823 648 2877 καί
680 2823 958 2894 ἀκήρατον
987 2823 1228 2878 οἴεσθαι·
1260 2822 1323 2875 τὸ
1353 2823 1409 2876 δέ
1442 2821 1696 2893 γεννητδν
1727 2825 1895 2892 ἐπαμ-

301 2914 616 2984 φοτερίζειν
650 2917 790 2970 κατά
815 2916 912 2988 τὴν
947 2915 1129 2986 φύσιν,
1160 2915 1236 2980 ὡς
1264 2915 1365 2969 οὑκ
1395 2913 1694 2986 ἀκραιφνές
1713 2931 1774 2967 τε
1801 2913 1892 2967 καὶ

301 3003 552 3075 καθαρὸν
585 3005 643 3059 ἐν
675 3007 914 3080 ἀπαθείᾳ
948 3007 1242 3078 φυλάσσειν
1276 3007 1336 3060 τὸ
1369 3006 1540 3060 θεῖον·
1591 3006 1732 3062 ἀλλά
1771 3023 1890 3060 τινα

1994 1816 2140 1872 enim
2173 1825 2354 1887 potest
2379 1820 2778 1884 demonstrare,
2813 1821 3010 1890 inquit,
3043 1820 3207 1876 Deum
3235 1824 3328 1894 qui
3351 1833 3435 1882 est
3481 1840 3574 1881 su-

1995 1921 2091 1976 per
2136 1908 2342 1972 omnia,
2400 1910 2861 1978 quemadmodum
2907 1919 2990 1967 est
3038 1912 3128 1967 lux
3168 1915 3470 1983 inaccessa,
3516 1919 3574 1972 in

1994 2014 2158 2052 carne
2195 1999 2423 2063 factum,
2449 2002 2532 2056 vel
2567 2001 2681 2056 fieri
2711 2004 2976 2073 potuisse,
3005 2006 3268 2075 aequalem
3302 2007 3448 2062 dicat
3491 2010 3572 2064 lu.

1994 2104 2112 2144 cem
2144 2091 2274 2146 luci.
2308 2110 2326 2142 ι
2359 2091 2688 2162 Perspicuus
2717 2103 2896 2150 autem
2929 2095 3198 2150 dictorum
3234 2113 3436 2170 scapus
3479 2116 3574 2170 per

1993 2183 2239 2238 eamdem
2263 2186 2556 2240 verborum
2575 2186 3066 2243 constructionem.
3093 2188 3250 2255 Quod
3276 2206 3384 2246 non
3423 2200 3574 2262 putat

1995 2289 2061 2332 ex
2092 2275 2458 2347 omnipotenti
2515 2278 2716 2334 deitate
2745 2277 2945 2334 Filium
2971 2279 3038 2335 ad
3095 2280 3255 2336 talem
3317 2281 3572 2336 humani-

1996 2366 2126 2422 tatis
2158 2367 2416 2438 spcciem,
2451 2367 2557 2422 vim
2593 2377 2647 2423 et
2671 2368 2840 2423 robur
2869 2370 3148 2435 habuisse,
3194 2372 3288 2427 sed
3317 2373 3445 2443 quia
3477 2389 3577 2428 na-

1994 2470 2130 2516 turai
2157 2460 2395 2532 patibilis
2416 2467 2582 2520 esset.
2633 2462 2838 2516 idcirco
2865 2463 3052 2518 crucis
3102 2465 3418 2535 passionem
3450 2481 3576 2527 sus-

1993 2551 2226 2621 cepisse.
2258 2551 2365 2605 Sed
2397 2552 2525 2606 mihi
2556 2553 2818 2624 cogitanti
2868 2561 2923 2609 et
2955 2554 3245 2624 diligenter
3285 2557 3574 2625 qumrenti,

1993 2641 2138 2696 unde
2170 2642 2224 2696 in
2255 2642 2394 2698 tales
2426 2642 2495 2698 de
2527 2643 2636 2698 Deo
2659 2645 2947 2715 opiniones
2979 2644 3232 2699 inciderit
3264 2684 3280 2708 ,
3330 2653 3390 2698 ut
3421 2647 3574 2715 inge—

1995 2732 2164 2785 nitam
2193 2731 2410 2800 quidem
2449 2731 2623 2787 lucem
2658 2735 2999 2789 inaccessam
3028 2750 3152 2790 esse
3176 2736 3476 2797 contrario,
3523 2746 3578 2792 et

1996 2840 2130 2893 pure
2161 2824 2555 2894 impassibilem
2609 2834 2774 2896 atque
2810 2827 3280 2897 incorruptibilem
3325 2837 3574 2898 putaret;

1994 2916 2236 2985 genitam
2281 2932 2410 2971 vero
2469 2915 2524 2971 in
2574 2926 2865 2988 utramque
2918 2927 3126 2988 partem
3163 2918 3318 2988 lapsu
3349 2921 3576 2989 aucip'ti

1993 3023 2219 3078 vergere
2255 3009 2557 3064 secundum
2614 3018 2888 3074 naturam,
2950 3017 3010 3064 ut
3056 3026 3180 3081 quae
3233 3010 3575 3066 divinitatem

303 3096 563 3166 συμμιγῆ
594 3114 654 3150 τε
686 3099 779 3152 καὶ
815 3099 1120 3170 σύγκρατον
1161 3100 1226 3152 ἐκ
1260 3099 1369 3152 τῶν
1397 3098 1651 3152 ἐναντίων
1672 3097 1770 3169 τὴν
1800 3098 1886 3152 οὑ-

1998 3099 2270 3155 sinccram
2320 3107 2374 3154 et
2413 3114 2603 3169 puram
2637 3100 2689 3153 in
2722 3099 3160 3169 impassibilitate
3199 3115 3306 3155 non
3353 3116 3578 3156 conscr-

304 3185 433 3238 σίαν
461 3186 626 3256 ἔχειν,
656 3188 754 3260 τὴν
778 3191 871 3243 καί⁸
895 3190 994 3261 τῆς
1019 3189 1113 3244 τοῦ
1146 3189 1353 3258 ἀγαθοῦ
1386 3189 1676 3260 μετουσίας
1705 3189 1897 3262 ὀρεγοο

306 3276 504 3350 μένην,
561 3280 656 3332 καὶ
709 3280 847 3352 πρὸς
898 3281 1120 3352 ἐμπαθῆ
1176 3281 1412 3335 διάθεσιν
1456 3282 1894 3354 μεταρρέουσαν·

302 3369 499 3440 ἐπειδὴ
540 3369 690 3440 παρὰ
721 3371 823 3442 τῆς
856 3372 1079 3444 Γραφῆς
1116 3373 1216 3426 οὑκ
1263 3368 1331 3443 ἦν
1365 3374 1462 3444 τῆς
1488 3373 1742 3445 τοιαύτης
1775 3375 1898 3428 ἀτο-

303 3459 442 3523 πίας
470 3459 569 3524 τάς
604 3462 888 3526 ὑποθέσεις
938 3466 1140 3536 εὑρεῖν,
1183 3465 1381 3536 ἐπῆλθέ
1423 3483 1514 3536 μοι
1553 3465 1894 3535 λογίσασθαι,

305 3551 523 3621 μήποτε
565 3551 671 3624 ἄρα
692 3552 792 3617 τὰς
826 3554 937 3608 τῶν
971 3557 1285 3624 Αἰγυπτίων
1324 3557 1452 3628 περὶ
1476 3556 1710 3610 τὸΘεῖον
1735 3555 1898 3626 μυθο-

303 3640 498 3709 λογίας
537 3642 844 3714 θαυμάσας,
902 3644 1000 3709 τὰς
1033 3647 1256 3700 ἐκείνων
1293 3647 1450 3712 δόξας
1489 3650 1599 3711 τοῖς
1646 3649 1775 3720 περ)⁸
1801 3647 1896 3703 τοῦ

302 3733 652 3802 Μονογενοῦς
676 3738 1109 3808 ἐγκαταμίγνυσι
1133 3738 1342 3808 λόγοις;
1363 3739 1498 3794 Φασί
1521 3739 1630 3810 γὰρ
1656 3740 1898 3806 ἐκείνους

302 3824 406 3896 τὴν
446 3825 732 3880 ἀλλόκοτον
761 3829 1153 3894 εἰδωλοποιίαν,
1189 3831 1318 3885 ὅταν
1348 3830 1710 3903 ἀνθρωπίνοις
1741 3830 1892 3902 μέλε-

305 3929 396 3969 σιν
417 3917 629 3986 ἀλόγων
642 3919 802 3973 τινῶν
826 3922 1038 3993 μορφὰς
1059 3922 1702 3994 ἐφαρμόζωσιν,αίνιγμα
1717 3920 1897 3991 λέγειν

304 4006 450 4063 εἶναι
476 4011 576 4081 τῆς
603 4013 912 4084 συμμίκτου
940 4015 1175 4084 φύσεως,
1200 4014 1268 4086 ἢν
1297 4014 1762 4087 προσαγορεύουσι
1790 4015 1896 4070 δαίο

305 4117 471 4172 μονα.
501 4101 716 4176 Ταύτην
739 4104 794 4158 δὲ
819 4104 1147 4178 λεπτοτέραν
1174 4104 1273 4177 μὲν
1298 4104 1405 4161 τῶν
1432 4107 1530 4160 ἀνθ
1539 4104 1734 4177 ρώπων
1756 4101 1896 4161 εἶναι

305 4192 402 4244 καὶ
429 4191 567 4245 πολὺ
594 4197 660 4265 τῇ
687 4195 914 4267 δυνάμει
941 4195 1038 4268 τὴν
1065 4195 1344 4268 ἡμετέραν
1365 4196 1780 4269 ὑπερφέρουσαν
1802 4197 1896 4267 φύε

305 4299 396 4335 σιν
417 4299 432 4314 ·
469 4283 533 4336 τὸ
560 4285 617 4338 δέ
638 4287 788 4341 Θεῖον
815 4288 914 4340 οὑκ
936 4288 1135 4358 ἀμιγὲς
1154 4288 1276 4342 οὐδὲ
1304 4287 1540 4359 ἄκρατον
1572 4287 1736 4359 ἔχειν,
1758 4287 1895 4343 ἀλλά

303 4374 406 4428 καὶ
444 4373 625 4447 ψυχῆς
662 4377 822 4446 φύσει
867 4379 963 4432 καὶ
1000 4379 1253 4450 σώματος
1304 4379 1554 4450 αἰσθήσει
1585 4396 1892 4451 συγκεκρα-

307 4468 496 4539 μένον,
533 4470 727 4542 ἡδονήν
747 4487 807 4524 τε
844 4471 935 4524 καὶ
963 4472 1123 4526 πόνον
1163 4473 1555 4544 ἀναδεχόμενον
1577 4489 1590 4502 ·
1635 4464 1710 4526 ῶν
1737 4471 1890 4525 οὐδὲν

303 4559 442 4631 περὶ
473 4560 565 4615 τὸν
589 4561 881 4632 ἀγέννητον
902 4557 1041 4616 εἰναι
1069 4561 1223 4618 Θεόν.
1260 4563 1372 4618 Καὶ
1397 4562 1505 4635 γάρ
1537 4562 1778 4616 κάκεῖνοι
1805 4561 1894 4615 λέ-

303 4668 466 4720 γουσι
497 4651 654 4704 τοῦτο
685 4653 745 4705 τὺ
765 4652 955 4724 ὄνομα,
980 4652 1058 4725 τῷ
1091 4653 1409 4726 ὑπερέχοντι
1447 4655 1592 4709 κατά
1631 4653 1733 4717 τὰς
1763 4653 1894 4706 ὑπο·

299 4742 503 4812 λήψεις
539 4743 718 4796 αὑτῶν
761 4743 882 4815 Θεῷ
919 4745 1019 4816 τὴν
1069 4745 1398 4817 ἀγεννησίαν
1445 4746 1891 4816 ἐπιφημίζοντες.

307 4835 533 4887 Ἔοικεν
559 4830 652 4887 οὖν
694 4836 824 4906 ἡμῖν
850 4839 879 4890 6
916 4838 1077 4906 σοφὸς
1105 4837 1356 4907 θεολόγος
1381 4831 1534 4901 οὗτος
1561 4839 1626 4891 ἐκ
1663 4837 1772 4890 τῶν
1800 4838 1892 4891 Λί-

304 4922 566 4992 γυπτίων
603 4923 811 4978 ἀδύτων
839 4925 1110 4987 Ἄνουϐιν,
1136 4927 1170 4997 ἢ
1204 4922 1420 4997 Ἶσιν,ἢ
1452 4927 1666 4993 Ὄσιριν
1695 4925 1770 4996 τῷ
1799 4942 1900 4995 κη-

310 5013 555 5084 ρύγματι
569 5013 678 5067 τῶν
690 5015 1032 5084 Χριστιανῶν
1051 5017 1531 5086 ὲπεισάγειν,πλὴν
1547 5016 1644 5086 τῆς
1655 5015 1763 5068 τῶν
1782 5017 1898 5068 ὀνο-

311 5105 504 5174 μάτων
531 5105 847 5176 ὀμολογίας’
877 5107 1123 5178 διαφέρει
1147 5107 1204 5162 δὲ
1229 5107 1448 5170 πάντως
1475 5107 1627 5160 οὐδὲν
1658 5108 1737 5168 είς
1764 5106 1893 5160 ἀσέ-

307 5197 493 5258 ϐειαν,
521 5195 550 5249 δ
591 5213 650 5250 τε
692 5196 973 5267 ὁμολογῶν
1009 5197 1077 5251 τὰ
1112 5196 1218 5250 τῶν
1244 5195 1474 5250 εἰδώλων
1508 5195 1766 5266 ὀνόματα,
1805 5197 1900 5250 καί

309 5289 338 5358 6
366 5287 466 5352 τὰς
498 5290 626 5359 περί
663 5289 865 5343 τούτων
911 5289 1062 5355 δόξας
1086 5290 1142 5342 ἐν
1170 5287 1347 5359 ἐαυτῷ
1374 5287 1668 5359 κρατύνας,
1705 5287 1815 5339 τῶν
1840 5286 1897 5340 δὲ

309 5379 592 5447 ὀνομάτων
644 5379 978 5451 φειδόμενος.
1037 5382 1100 5434 Εἰ
1151 5379 1329 5433 τοίνυν
1369 5379 1432 5432 ἐκ
1471 5379 1570 5448 μέν
1610 5377 1708 5448 τῆς
1751 5376 1899 5438 θείας

312 5466 539 5538 Γραφῆς
579 5470 906 5540 συνηγορίαν
934 5471 1056 5525 τινὰ
1085 5472 1182 5543 τῆς
1214 5471 1468 5534 ἀσεϐείας
1492 5469 1692 5541 ταύτης
1719 5469 1898 5539 εὑρεῖν

311 5559 411 5612 οὐκ
434 5558 604 5624 ἐστιν,
635 5561 699 5614 ἐκ
726 5561 783 5614 δὲ
811 5563 917 5616 τῶν
950 5561 1342 5634 ἱερογλυφικῶν
1371 5561 1710 5632 αἰνιγμάτων
1745 5561 1773 5614 6
1815 5559 1899 5613 λό-

385 5736 432 5766 "
472 5733 758 5792 l'l‘imoth.
793 5753 854 5799 ιι.
881 5737 936 5796 ό.

1999 3197 2108 3248 vet.
2139 3189 2233 3244 sed
2281 3191 2624 3246 commistam
2678 3192 2972 3260 quamdam
3019 3200 3074 3248 et
3114 3202 3576 3264 contemperatam

1999 3294 2064 3333 ex
2093 3281 2386 3336 contrariis
2415 3282 2710 3337 essentiam
2754 3282 2967 3349 habeat,
3017 3299 3138 3354 quae
3165 3293 3220 3339 et
3241 3283 3368 3339 boni
3411 3285 3580 3354 parti-

1998 3371 2328 3440 cipationem
2395 3381 2635 3444 appetat,
2683 3385 2734 3427 et
2767 3375 2832 3428 ad
2887 3374 3202 3445 passibilem
3236 3375 3578 3431 affectionem

2003 3461 2224 3516 deﬂuat.
2280 3463 2550 3530 Quoniam
2583 3482 2646 3520 ex
2712 3463 2999 3534 Scriptura
3042 3467 3169 3523 talis
3221 3467 3580 3525 absurditatis

1998 3554 2349 3612 fundamenta
2405 3558 2652 3613 invenire
2707 3575 2813 3613 non
2872 3559 3021 3626 licet,
3072 3560 3206 3615 mihi
3235 3560 3290 3615 in
3338 3568 3576 3615 mentem

1997 3646 2146 3700 venit
2192 3645 2308 3700 haec
2343 3647 2678 3703 existimatio
2713 3665 2728 3702 :
2761 3647 3029 3718 numquid
3061 3648 3356 3718 aliquando
3408 3649 3580 3722 Egy-

1996 3736 2235 3806 ptiorum
2275 3737 2342 3791 de
2368 3736 2650 3792 divinitate
2703 3736 3068 3793 tabulationes
3092 3738 3416 3805 admiratus,
3460 3741 3580 3796 illo-

1995 3844 2117 3883 rum
2145 3828 2438 3898 opiniones
2482 3827 2551 3884 de
2587 3827 2878 3899 Unigenito
2907 3831 3258 3885 sermonibus
3283 3832 3572 3887 immiscet.

1998 3917 2165 3974 Aiunt
2189 3919 2333 3974 enim
2363 3919 2484 3975 illos
2513 3927 2883 3990 portentosam
2940 3922 3364 3977 simulacrorum
3401 3924 3579 3980 fictio-

1996 4025 2144 4075 nem,
2177 4027 2300 4064 cum
2334 4011 2588 4066 humanis
2619 4012 2879 4067 membris
2905 4014 3266 4083 quorumdam
3291 4014 3576 4071 brutorum

1997 4100 2203 4156 formas
2226 4102 2666 4164 accommodant,
2695 4102 2925 4173 aenigma
2954 4117 3076 4159 esse
3107 4113 3318 4161 natura
3347 4107 3576 4161 commi-

1995 4200 2097 4249 sta:
2125 4193 2329 4256 dicere,
2364 4209 2529 4264 quam
2560 4193 2836 4264 appellant
2866 4195 3200 4264 daemonem;
3233 4196 3372 4252 hanc
3393 4207 3576 4254 autem

1995 4284 2312 4339 hominibus
2375 4284 2717 4339 subtiliorem
2775 4293 2830 4340 et
2875 4287 3120 4356 potentia
3175 4288 3348 4345 multo
3389 4299 3578 4346 nostra

1996 4375 2334 4444 superiorem
2367 4389 2488 4429 esse
2522 4385 2807 4441 naturam;
2842 4375 3178 4431 divinitatem
3201 4387 3380 4434 autem
3403 4396 3578 4450 neque

2000 4466 2322 4530 immistam,
2357 4483 2534 4536 neque
2577 4483 2770 4538 puram
2821 4475 2876 4523 et
2916 4469 3186 4524 sinceram
3221 4470 3442 4535 habere,
3481 4473 3576 4528 sed

1995 4574 2120 4614 cum
2170 4560 2366 4616 anima:
2393 4569 2584 4615 natura
2617 4568 2670 4616 et
2703 4562 2953 4632 corporis
3008 4578 3173 4618 sensu
3201 4573 3578 4634 contemperw

1993 4658 2127 4718 tam,
2165 4652 2462 4723 voluptatis
2492 4661 2547 4707 et
2569 4652 2773 4708 laboris
2827 4667 3083 4724 capacem
3112 4693 3127 4718 ,
3156 4669 3392 4726 quorum
3436 4656 3574 4710 nihil

1995 4744 2052 4799 in
2087 4743 2194 4797 Deo
2225 4743 2465 4812 ingenito
2502 4759 2645 4800 esse.
2677 4743 2811 4798 Nam
2846 4752 2901 4800 et
2929 4745 3006 4802 illi
3051 4745 3154 4801 hoc
3181 4761 3378 4802 nomen
3412 4762 3577 4803 usur-

1997 4839 2150 4899 pant,
2204 4831 2631 4900 supereminenti
2673 4833 2974 4888 secundum
3015 4833 3300 4903 Opiniones
3334 4835 3575 4906 ipsorum

2001 4920 2134 4984 Deo,
2194 4922 2422 4992 ingeniti
2481 4924 2751 4978 rationem
2831 4925 3130 4982 honorifice
3191 4928 3573 4983 atlribuentes.

2001 5012 2368 5079 Quamobrem
2404 5015 2564 5069 nobis
2592 5014 2810 5070 videtur
2851 5016 2958 5071 iste
3009 5016 3231 5086 sapiens
3289 5017 3576 5089 theologus

1999 5118 2066 5156 ex
2094 5100 2479 5173 Egyptiomm
2521 5103 2699 5174 adytis
2727 5111 2779 5158 ct
2820 5105 3190 5173 penetralibus
3223 5105 3460 5171 Anubin,
3493 5107 3576 5163 vel

1999 5195 2130 5257 Isin,
2155 5197 2237 5249 vel
2262 5197 2466 5255 Osirin.
2504 5196 2776 5266 plrcconio
2808 5196 3242 5252 Christianorum
3296 5197 3575 5259 inducere.

1997 5294 2224 5356 eiu-epla
2257 5287 2538 5339 nominum
2586 5286 2936 5343 confessione
2969 5308 2981 5342 :
3015 5290 3148 5342 nihil
3201 5298 3381 5344 autem
3419 5293 3578 5360 plane

1999 5377 2183 5430 differt
2215 5377 2281 5430 ad
2315 5377 2664 5446 impietatem,
2691 5386 2744 5432 et
2777 5379 2869 5448 qui
2901 5379 3168 5434 idolorum
3199 5382 3418 5435 nomina
3447 5399 3577 5438 cou-

2003 5468 2206 5531 litetur,
2238 5476 2291 5522 et
2318 5471 2411 5538 qui
2457 5469 2742 5538 opiniones
2777 5470 2830 5524 in
2866 5471 3046 5541 seipso
3082 5471 3288 5528 habens
3319 5474 3578 5529 obﬁrma-

2001 5568 2106 5625 tas,
2159 5559 2474 5617 nominibus
2503 5559 2754 5618 abstinet.
2790 5560 2845 5617 Si
2882 5561 3045 5634 igitur
3077 5578 3142 5619 ex
3187 5563 3373 5620 divina
3429 5564 3578 5622 Scri-
