4002 6218
453 328 603 398 903'

1706 325 1765 387 Β.
1798 328 2129 390 οηεοοῐιιι
2164 332 2460 393 NYSSENI

3592 343 3701 403 θυι

454 470 611 529 ptura
633 454 801 526 hujus
836 449 1134 525 impietatis
1149 447 1511 522 patrocinium
1538 448 1760 519 aliquod
1781 465 1891 506 non
1911 451 2036 506 licet

2140 468 2231 523 γος
2278 454 2465 519 αὐτοῖς
2510 451 2610 527 τὴν
2658 454 2811 527 ίσχύν
2840 453 2972 527 ἔχει,
3026 455 3242 521 πάντως
3281 457 3383 513 οὐκ
3423 458 3617 531 ἄδηλον
3653 460 3709 515 τί

450 548 733 614 invenire,
787 545 883 601 sed
943 558 1006 599 ex
1066 541 1487 613 hieroglypiticis
1536 542 1864 613 :enigmatis,
1919 542 2035 597 sive

455 638 758 693 involucris
779 633 1182 706 Egypliorum,
1207 647 1386 689 sermo
1417 633 1658 703 ipsorum
1693 633 1861 687 robur
1876 632 2035 689 habet

451 729 704 801 profecto
753 744 861 783 non
894 728 1191 782 obscurum
1226 724 1355 795 quid
1415 726 1554 781 bene
1612 725 1908 781 sentientes
1938 726 2038 781 ho-

451 823 628 877 mines
666 820 733 875 de
775 820 861 876 his
890 818 1082 873 deceat
1110 817 1370 887 cogitare.
1398 817 1551 883 Quod
1583 825 1762 872 autem
1799 833 1907 872 non
1945 833 2037 871 ca-

452 912 722 968 lumniose
767 920 823 967 et
860 911 1167 983 petulanter
1195 910 1336 963 hanc
1378 908 1813 966 criminationem
1849 908 2037 965 inferi-

452 1022 596 1073 mus,
638 1008 754 1078 ipse
786 1006 943 1060 nobis
971 1006 1126 1060 testis
1172 1020 1238 1059 ex
1268 1003 1523 1074 propriis
1564 1001 1911 1059 sermonibus
1943 1003 2037 1058 flat

452 1098 776 1154 Eunomius.
808 1097 911 1164 Qui
950 1096 1250 1167 ingenitum
1278 1095 1520 1165 quidem,
1558 1093 1735 1149 lucent
1789 1095 2037 1149 inacces-

452 1205 567 1245 sam
618 1189 875 1259 appellat,
928 1195 983 1242 et
1029 1187 1095 1241 ad
1150 1188 1562 1258 perpessionum
1606 1187 2035 1256 experimentum

452 1282 567 1335 sive
610 1280 967 1335 tentationem
1004 1281 1193 1335 venire
1228 1296 1334 1333 non
1380 1279 1692 1343 valentem;
1746 1278 1799 1333 in
1856 1279 2038 1348 genito

450 1388 579 1427 vero
601 1380 843 1425 ntutuatn
870 1380 921 1424 et
953 1382 1246 1440 cognatam
1283 1369 1444 1424 talem
1473 1370 1888 1440 dispositionem
1917 1385 2039 1425 esse

451 1463 659 1528 dellnit,
696 1472 753 1517 ut
784 1476 960 1532 neque
987 1462 1272 1533 unigenito
1300 1460 1429 1526 Deo,
1458 1476 1693 1531 quorum
1722 1477 1886 1518 causa
1922 1476 2039 1531 pas-

452 1569 547 1610 sus
570 1563 672 1617 est,
699 1552 861 1608 homo
896 1554 1194 1624 quidquam
1242 1553 1454 1614 debeat.
1510 1552 1779 1623 siquidem
1819 1568 1951 1608 casu
1983 1563 2037 1608 et

454 1645 677 1699 fortuito
726 1646 1023 1699 secundum
1095 1646 1338 1715 ipsorunt
1388 1645 1651 1699 rationem
1714 1643 1782 1698 ad
1840 1645 2036 1698 horum

452 1736 869 1807 perpessionuut
900 1743 954 1791 et
984 1738 1326 1790 cruciatnum
1367 1734 1755 1805 experientiam
1781 1733 2037 1804 delapsus

451 1836 558 1892 est,
592 1826 801 1897 patibili
845 1825 1083 1880 essentia
1118 1826 1437 1880 naturaliter
1487 1825 1550 1879 ad
1582 1825 1683 1879 hoc
1718 1834 1987 1895 pet-tracta
2020 1843 2033 1879 :
2071 1806 2110 1859 Β

457 1919 601 1988 quod
634 1919 851 1987 quidem
889 1918 1038 1973 nulla
1066 1918 1363 1988 gratiarum
1417 1917 1632 1971 actione
1674 1916 1895 1985 dignum
1933 1926 2033 1993 est.

456 2013 593 2077 Quis
621 2012 765 2065 enim
797 2012 848 2064 in
881 2012 1068 2082 gratia:
1104 2018 1256 2081 parte
1282 2010 1394 2063 sive
1423 2008 1668 2063 beneficii
1714 2008 1832 2064 loco
1853 2018 2035 2078 ponat,

452 2106 596 2176 quod
632 2106 945 2161 necessario
995 2105 1217 2166 accidit,
1258 2103 1509 2170 quamvis
1543 2104 1615 2157 sit
1672 2102 1952 2158 lucrosum
1985 2110 2039 2157 et

452 2198 725 2269 perutile?
780 2195 964 2265 Neque
1000 2194 1145 2249 enim
1198 2195 1331 2262 igni,
1380 2192 1582 2248 caloris
1618 2208 1806 2259 causa,
1864 2209 2040 2264 neque

452 2304 626 2359 aqum.
658 2286 854 2348 fluxus.
901 2287 1130 2357 gratiam
1163 2285 1449 2351 habemus,
1494 2285 1561 2339 ad
1596 2293 1809 2340 naturae
1848 2301 2039 2342 neces-

454 2384 667 2436 sitatem
693 2380 837 2450 quod
872 2379 930 2433 fit
969 2386 1290 2433 revocantes
1329 2394 1343 2430 :
1383 2377 1512 2448 quia
1550 2393 1657 2432 non
1690 2377 1866 2447 possit
1896 2378 2039 2448 ignis

455 2485 485 2524 a
515 2470 792 2525 caiorilica
830 2468 1145 2538 Operatione
1178 2467 1425 2530 destitui,
1458 2481 1631 2536 neque
1657 2481 1795 2537 aqua
1830 2468 2040 2523 stabilis

455 2563 508 2615 in
537 2562 699 2631 plano
730 2575 972 2623 manere.
1004 2567 1198 2629 sponte
1241 2556 1398 2611 iocali
1447 2557 1803 2613 inclinatione
1833 2566 2036 2612 motum

459 2668 712 2723 prorsum
763 2651 1087 2705 attrahente.
1134 2648 1190 2703 Si
1229 2649 1393 2719 igitur
1450 2655 1660 2703 natura:
1713 2648 2039 2705 necessitate

453 2742 779 2798 beneficium
821 2740 1216 2795 incarnationis
1245 2753 1273 2792 a
1305 2737 1444 2792 Filio
1476 2738 1786 2793 hominibus
1839 2737 2038 2792 faetum

452 2851 576 2890 esse
619 2834 832 2899 dicunt,
872 2833 1076 2887 nullam
1127 2831 1353 2885 omnino
1390 2832 1619 2901 gratiam
1655 2830 1879 2896 habent,
1911 2831 2038 2900 quia

456 2944 568 2983 non
603 2927 670 2982 ad
733 2926 954 2982 liberam
990 2933 1044 2978 et
1080 2923 1383 2979 absolutam
1442 2929 1788 2992 potestatem,
1845 2923 1939 2976 sed
1972 2922 2039 2975 ad

464 3020 767 3074 naturalem
819 3017 1198 3073 necessitatem
1225 3015 1369 3086 quod
1427 3014 1627 3069 factum
1662 3022 1745 3070 est
1776 3014 2036 3069 referunt.

453 3108 609 3177 Quod
637 3110 682 3164 si
729 3120 932 3162 munus
967 3106 1018 3161 id
1069 3121 1194 3162 esse
1226 3106 1546 3169 sentientes,
1584 3102 1907 3160 beneficium
1941 3105 2039 3160 de-
2065 3141 2111 3202 ο

453 3201 733 3265 decorant,
769 3212 960 3254 vereor
994 3212 1061 3251 ne
1090 3197 1145 3250 in
1180 3197 1518 3251 contrarium
1564 3205 1712 3250 retro
1746 3197 1878 3273 ipsis
1913 3212 2038 3251 con-

454 3300 698 3346 vertatur
724 3291 998 3361 impietas.
1028 3299 1192 3355 atque
1241 3290 1411 3359 pluris
1442 3289 1815 3343 aestimandam
1850 3290 2038 3360 patibi-

457 3384 562 3438 lem
608 3382 729 3436 Filii
784 3382 1199 3452 dispositionem
1250 3380 1474 3444 faciant,
1533 3394 1695 3450 quam
1759 3389 2037 3449 paternam

456 3475 980 3542 impassihiiitatem,
1008 3470 1276 3541 siquidem
1313 3472 1366 3525 in
1404 3472 1566 3536 bono,
1591 3469 1734 3538 quod
1768 3471 1820 3524 in
1851 3487 2037 3525 eortttn

458 3566 745 3619 utilitatem
778 3563 944 3627 cedit,
1004 3563 1213 3632 pulchri
1259 3560 1523 3631 judicium
1567 3561 1790 3615 faciant.
1825 3560 1956 3615 Nam
1994 3563 2040 3617 si

458 3651 674 3714 Filium,
699 3652 842 3707 sicut
880 3650 947 3705 de
976 3646 1137 3707 Patre
1163 3651 1461 3705 decet-ntmt
1490 3661 1541 3705 et
1568 3649 1782 3713 docent,
1820 3666 2040 3721 perpes-

455 3739 629 3794 sionis
659 3754 764 3793 non
809 3752 1065 3808 capacem
1096 3754 1217 3794 esse
1250 3739 1591 3809 contigisset,
1620 3740 2039 3796 inemendabilis

457 3839 620 3900 atque
665 3829 1037 3899 irreparabilis
1071 3831 1364 3886 mansisset
1409 3838 1595 3884 nostra
1629 3831 1871 3895 miseria,
1906 3833 2035 3902 quia

458 3938 566 3975 non
595 3927 740 3977 esset
767 3921 859 3990 qui
898 3935 994 3990 per
1018 3921 1294 3991 propriam
1319 3923 1711 3991 experientiam
1754 3923 1821 3977 ad
1862 3923 2041 3977 incor-

459 4014 766 4083 ruptionem
801 4012 1113 4067 sublevaret
1142 4012 1437 4066 hominem.
1470 4011 1536 4066 Et
1558 4014 1637 4067 sic
1669 4014 2038 4082 captiosorum

456 4119 519 4158 ac
544 4104 817 4157 fallacinm
842 4103 1232 4174 magistrorum
1254 4106 1474 4159 solertia
1501 4120 1608 4159 non
1632 4088 2038 4171 animadvertit,

2136 546 2405 616 προσήκει
2425 547 2551 609 τούς
2568 539 2627 601 εῦ
2649 546 2978 618 φρονοῦντας
3000 549 3123 620 περὶ
3145 549 3348 603 τούτων
3365 550 3710 619 λογίσασθαι.

2137 637 2261 690 Ὀτι
2293 638 2339 691 δ’
2364 638 2464 692 οὐκ
2485 639 2901 711 ὲπηρεαστικῶς
2927 641 3129 712 ταύτην
3157 642 3255 712 τὴν
3291 642 3546 715 διαϐολὴν
3588 647 3713 700 ἐπι-

2137 728 2396 800 φέρομεν,
2428 729 2588 794 αὐτδς
2612 729 2679 785 ἂν
2705 733 2913 800 γένοιτο
2932 734 3062 803 ἡμῖν
3088 734 3295 805 μάρτυς
3323 735 3411 788 διὰ
3432 738 3540 789 τῶν
3565 737 3713 791 ίδίων

2136 816 2308 885 λόγων
2337 819 2623 889 Εὐνόμιος,
2652 821 2681 873 ὁ
2712 822 2805 874 τὸν
2826 823 3116 893 ἀγέννητον
3147 826 3244 894 μὲν
3270 826 3563 897 ἀπρόσιτον
3592 829 3713 899 φῶς

2136 907 2330 976 λέγων,
2359 910 2453 963 καὶ
2478 911 2559 975 είς
2588 914 2781 983 πεῖραν
2811 913 3151 984 παθημάτων
3173 916 3345 969 ἐλθεῖν
3368 918 3443 990 μὴ
3476 920 3714 991 δυνάμε-

2136 1015 2248 1065 νον,
2291 1002 2383 1054 ἐπὶ
2419 1002 2476 1055 δὲ
2508 1003 2569 1056 τὸ
2610 1005 2864 1075 γεννητὸν
2889 1007 3218 1079 κατάλληλόν
3253 1027 3310 1061 τε
3348 1012 3440 1064 καὶ
3471 1014 3712 1086 συγγενῆ

2137 1090 2233 1162 τὴν
2273 1093 2528 1165 τοιαύτην
2564 1094 2801 1149 διάθεσιν
2838 1097 3223 1170 διοριζόμενος.
3268 1102 3356 1166 Ὠς
3384 1104 3518 1174 μηδὲ
3551 1106 3713 1175 χάριν

2136 1182 2215 1253 τῷ
2260 1189 2540 1253 μονογενεί
2581 1186 2699 1259 Θεῷ
2733 1189 2823 1242 τὸν
2848 1189 3132 1261 ἄνθρωπον
3177 1186 3252 1246 ὧν
3284 1194 3466 1249 ἕνεκεν
3508 1196 3713 1253 ἔπαθεν

2138 1275 2302 1346 ἔχειν,
2334 1279 2491 1350 εἴπερ
2514 1280 2833 1351 αὐτομάτως
2866 1284 3009 1337 κατά
3048 1285 3139 1338 τὸν
3176 1285 3331 1356 λόγον
3353 1290 3532 1343 αὐτῶν
3575 1293 3716 1362 πρὸς

2138 1368 2237 1438 τὴν
2269 1367 2377 1421 τῶν
2418 1369 2756 1441 παθημάτων
2798 1374 3104 1447 κατωλίσθη
3139 1381 3350 1450 πεῖραν,
3382 1381 3483 1451 τῆς
3530 1384 3714 1452 ἐμπα-

2140 1456 2266 1522 θοῦς
2289 1459 2477 1523 οὐσίας
2505 1462 2748 1529 φυσικῶς
2782 1466 2917 1536 πρὸς
2947 1467 3102 1521 τοῦτο
3128 1473 3525 1544 κατασυρείσης
3542 1492 3555 1506 ο
3576 1476 3715 1546 ὅπερ

2138 1551 2395 1622 οὐδεμιᾶς
2420 1552 2567 1619 ἀξιον
2591 1556 2943 1629 εὐχαριστίας
2972 1562 3106 1615 ἐστί.
3158 1562 3253 1627 Τίς
3284 1564 3392 1637 γάρ
3426 1567 3492 1620 ἂν
3532 1570 3591 1621 έν
3613 1570 3716 1639 χά-

2141 1660 2289 1714 ριτος
2331 1644 2541 1709 δέξαιτο
2588 1648 2763 1719 μέρει,
2810 1652 2872 1703 τὸ
2912 1655 3031 1706 κατ’
3074 1655 3316 1728 ἀνάγκην
3368 1660 3714 1729 συμϐαίνειν,

2141 1732 2245 1787 κᾶν
2275 1735 2561 1825 έπικερδὲς
2603 1741 2697 1793 καὶ
2733 1741 3006 1814 ὠφέλιμον
3036 1742 3106 1817 ﬁ;
3151 1747 3287 1802 Οὐτε
3326 1751 3434 1822 γάρ
3473 1753 3552 1822 τῷ
3582 1756 3717 1825 πυρὶ

2139 1826 2238 1895 τῆς
2277 1824 2632 1899 θερμότητος,
2662 1829 2784 1884 οὐτε
2808 1832 2887 1904 τῷ
2913 1834 3061 1889 ὐδατι
3085 1838 3181 1909 τῆς
3205 1838 3351 1909 ῥοῆς,
3373 1842 3532 1912 χάριν
3561 1824 3720 1912 γινω-

2139 1932 2365 1987 σκομεν,
2407 1921 2489 1983 είς
2520 1921 2617 1994 τὴν
2657 1923 2899 1995 ἀνάγκην
2939 1928 3039 1999 τῆς
3079 1930 3291 1997 φύσεως
3329 1934 3623 2003 ἀνάγοντες
3654 1938 3717 1990 τὸ

2137 2012 2442 2080 γινόμενον,
2478 2013 2567 2067 διά
2588 2014 2649 2068 τὸ
2680 2016 2754 2089 μὴ
2785 2017 3041 2074 δύνασθαι
3066 2022 3126 2074 τὸ
3150 2023 3259 2096 πῦρ
3299 2024 3398 2096 τῆς
3424 2027 3716 2099 θερμαντι-

2139 2104 2241 2174 κῆς
2259 2105 2539 2177 ἐνεργείας
2570 2109 3032 2185 ἀπολειφθῆναι,ἥ
3068 2116 3325 2187 στάσιμον
3350 2120 3441 2171 ἐπὶ
3473 2122 3717 2191 πρανοῦς

2142 2198 2319 2265 μεῖναι
2341 2197 2402 2250 τὺ
2431 2197 2595 2269 ὕδωρ,
2639 2201 2959 2273 αὐτομάτως
2997 2206 3095 2277 τῆς
3132 2208 3363 2278 τοπικῆς
3389 2211 3717 2275 ὲπικλίσεως

2139 2288 2502 2361 ὲφελκομένης
2534 2292 2626 2346 ἐπὶ
2670 2293 2730 2347 τὸ
2759 2296 2945 2366 πρόσω
2976 2297 3072 2369 τὴν
3101 2300 3332 2371 κίνησιν.
3391 2302 3451 2356 ΕΞ
3486 2300 3581 2356 οὖν
3616 2305 3719 2372 φιῖ⁴

2141 2395 2278 2441 σεως
2342 2381 2556 2456 ἀνάγκῃ
2621 2384 2718 2455 τὴν
2779 2387 2867 2440 διὰ
2929 2390 3129 2460 σαρκὸς
3185 2393 3502 2463 εὐεργεσίαν
3561 2395 3721 2464 παρά

2138 2466 2233 2519 τοῦ
2278 2469 2404 2522 Υίοῦ
2449 2475 2770 2545 γεγενῆσθαι
2811 2481 2921 2542 τοῖς
2968 2479 3272 2552 ἀνθρώποις
3312 2483 3575 2553 λέγουσιν,
3627 2488 3722 2539 οὐ-

2138 2559 2331 2630 δεμίαν
2379 2566 2596 2629 πάντως
2638 2568 2792 2639 χάριν
2821 2570 3207 2638 γινώσκουσιν,
3249 2576 3330 2629 ὅτι
3370 2577 3469 2628 οὐκ
3510 2579 3589 2641 είς
3623 2578 3723 2631 δύο

2140 2669 2301 2723 ναμιν
2338 2654 2775 2730 έξουσιαστικὴν,
2829 2662 2944 2714 ἀλλ’
2978 2665 3057 2727 εἰς
3098 2667 3330 2738 φυσικὴν
3371 2668 3615 2739 ἀνάγκην
3657 2671 3722 2723 τὸ

2140 2748 2357 2813 γεγονὸς
2395 2748 2771 2821 ἀναφέρουσιν.
2824 2754 2885 2806 Εἰ
2912 2754 2967 2807 δὲ
3008 2757 3105 2827 τῆς
3140 2758 3348 2829 δωρεᾶς
3392 2760 3721 2831 αἰσθανόμε-

2140 2851 2220 2887 νοι
2260 2836 2359 2905 τὴν
2400 2838 2718 2909 εὐεργεσίαν
2771 2842 3127 2911 ἀτιμάζουσι,
3196 2847 3409 2902 δέδοικα
3454 2849 3528 2920 μὴ
3577 2851 3725 2920 πρὸς

2140 2924 2445 2979 τούναντίον
2480 2934 2789 3001 περιτραπῇ
2827 2933 2988 2986 πάλιν
3032 2936 3211 2998 αὐτοῖς
3247 2939 3279 3007 ἡ
3319 2928 3575 3003 ἀσέὸεια,
3622 2944 3729 2997 καὶ

2142 3018 2537 3089 προτιμοτέραν
2571 3022 2902 3090 ποιήσωνται
2933 3023 3030 3095 τὴν
3059 3027 3279 3098 ἐμπαθῆ
3313 3028 3407 3082 τοῦ
3444 3030 3566 3084 Υῐοῦ
3596 3034 3727 3087 διά-

2143 3106 2289 3161 θεσιν
2354 3110 2451 3181 τῆς
2485 3115 2755 3185 πατρικῆς
2790 3115 3084 3182 ἀπαθείας,
3135 3121 3192 3171 ὲν
3223 3121 3301 3191 τῷ
3328 3122 3447 3175 καθ’
3486 3125 3729 3190 ἑαυτοὺς

2143 3199 2352 3270 ἀγαθῷ,
2377 3203 2476 3270 τὴν
2500 3204 2593 3257 τοῦ
2625 3205 2789 3260 καλοῦ
2818 3208 2998 3279 κρίσιν
3024 3209 3352 3280 ποιούμενοι.
3395 3215 3455 3267 Ei
3481 3216 3589 3288 γάρ
3622 3220 3729 3272 καὶ

2142 3292 2232 3345 τὸν
2277 3294 2436 3356 Υίὸν,
2499 3296 2681 3361 καθὼς
2726 3300 2853 3371 περὶ
2899 3301 2993 3354 τοῦ
3023 3303 3234 3369 Harpe;
3278 3305 3725 3376 δογματίζουσιν,

2144 3384 2527 3455 ἀπαράδεκτον
2558 3383 2696 3440 εἶναι
2724 3391 2918 3462 συνέϐη
2964 3393 3057 3445 τοῦ
3104 3394 3340 3457 πάθους,
3396 3396 3731 3469 ἀδιόρθωτης

2146 3476 2358 3547 ἔμεινεν
2387 3478 2453 3532 ἂν
2486 3482 2517 3550 ὴ
2560 3480 2659 3550 τῆς
2692 3480 2904 3550 φύσεως
2948 3483 3101 3555 ἡμῶν
3134 3484 3409 3554 συμφορὰ,
3438 3488 3537 3539 οὐκ
3564 3487 3730 3550 ὄντος

2143 3566 2238 3618 τοῦ
2270 3567 2357 3620 διά
2407 3569 2505 3637 τῆς
2534 3569 2737 3633 οἰκείας
2778 3571 2990 3643 πείρας·
3024 3573 3104 3636 εἰς
3134 3574 3439 3645 ἀφθαρσίαν
3466 3575 3727 3647 ἐξαιρουο

2149 3658 2309 3729 μένου
2353 3660 2444 3712 τὸν
2479 3659 2762 3731 ἄνθρωπον
2792 3680 2809 3697 ο
2842 3664 2937 3716 καὶ
2977 3664 3117 3718 οὕτω
3157 3665 3407 3719 λανθάνει
3448 3669 3728 3735 σοφιστῶν

2144 3752 2176 3820 ἡ
2199 3749 2455 3819 δεινότης,
2478 3751 2544 3804 δι’
2575 3746 2649 3805 ὦν
2675 3751 2953 3825 καθαιρεῖν
2974 3756 3240 3829 ἐπιχειρεῖ
3270 3759 3365 3812 τοῦ
3400 3760 3727 3829 μονογενοῦς

2145 3840 2279 3894 Θεοῦ
2306 3841 2365 3895 τὸ
2401 3843 2704 3911 μεγαλεῖον,
2735 3846 2815 3908 είς
2847 3844 3097 3916 μείζονάς
3126 3868 3183 3903 τε
3207 3851 3300 3903 καὶ
3321 3852 3723 3923 προτιμοτέρας

2146 3932 2439 4002 ὑπολήψεις
2477 3934 2635 3987 αὐτὸν
2668 3937 3023 4007 περιάγουσα.
3088 3941 3344 4014 Ἑπείπερ
3368 3944 3395 3996 ὁ
3423 3943 3725 4014 δυνάμενος

2147 4021 2458 4093 ὲπιδρᾶσαι,
2492 4024 2584 4077 τοῦ
2627 4024 3009 4092 ἀδυνατοῦντος
3038 4029 3172 4103 πρὸς
3199 4032 3260 4085 τὸ
3299 4033 3501 4101 ἀγαθὸν
3529 4052 3722 4105 προτι-

2152 4112 2397 4184 μότερος.

456 4196 600 4264 quod
633 4213 728 4268 per
757 4212 819 4252 ea
870 4198 1070 4269 quibus
1104 4198 1389 4255 destruere
1430 4201 1652 4255 molitur
1678 4201 1903 4271 ingeniti
1941 4201 2032 4258 Dei
2075 4208 2437 4277 majestatem,
2507 4212 2574 4265 ad
2604 4214 2840 4283 majores
2864 4226 2919 4271 et
2950 4216 3383 4276 honorabiliorcs
3432 4222 3721 4291 Opiniones

456 4290 634 4360 ipsum
668 4287 992 4361 circumagit
1034 4308 1048 4344 :
1090 4291 1361 4364 siquidem
1418 4292 1513 4363 qui
1563 4301 1741 4364 potest
1797 4295 2014 4364 operari
2052 4297 2277 4366 bonum,
2325 4317 2392 4357 eo
2439 4304 2530 4373 qui
2579 4306 2645 4360 ad
2713 4308 2913 4362 bonum
2949 4321 3033 4365 est
3064 4310 3331 4381 impotens
3377 4287 3723 4386 praestantior

454 4398 560 4439 εει.

529 4472 634 4527 Sed
678 4474 853 4527 sentio
897 4472 1262 4529 inordinatum
1301 4476 1574 4531 sermonis
1622 4491 1880 4542 cursum;
1918 4492 2025 4531 non
2062 4483 2110 4543 υ

455 4563 600 4617 enim
642 4573 820 4619 manet
859 4565 911 4619 in
950 4578 1115 4624 cursu
1154 4566 1524 4627 convenienti,
1563 4568 1680 4632 sed,
1717 4577 1776 4621 ιιι
1817 4568 2037 4624 fervidis

455 4663 510 4708 et
543 4656 804 4710 animosis
850 4671 1114 4725 equorum
1174 4657 1338 4727 pullis
1387 4658 1524 4711 solet
1566 4659 1918 4728 contingere,
1968 4660 2037 4712 ah

457 4745 893 4799 adversariorum
927 4745 1108 4815 impiis
1134 4745 1398 4802 conviciis
1432 4745 1734 4818 impetuosc
1769 4746 1941 4801 fertur
1966 4746 2035 4801 ad

459 4836 823 4905 insequendas
869 4836 1239 4893 absurditates
1285 4851 1474 4893 eorum
1528 4851 1649 4907 qua:
1697 4843 2034 4907 supponunt.

458 4927 599 4998 Ergo
631 4929 745 4998 ipse
768 4928 1105 4985 cohibendus
1135 4935 1220 4985 est
1250 4944 1313 4983 ac
1343 4928 1721 4999 reprimendus
1741 4968 1756 4988 .
1797 4944 1866 4984 ne
1892 4942 2034 4999 prae-

458 5018 607 5072 ferox
644 5019 853 5073 frenum
897 5033 1194 5088 respuens,
1233 5018 1375 5074 ultra
1416 5020 1632 5073 modum
1675 5020 1729 5074 in
1773 5018 2035 5075 absurdo-

459 5125 575 5161 rum
604 5108 1124 5165 demonstrationem
1159 5096 1443 5181 evagetur;
1482 5110 1694 5164 veniam
1730 5118 1907 5165 autem
1938 5110 2035 5164 da-

458 5200 535 5251 bit
574 5199 842 5271 benignus
880 5207 933 5256 et
972 5200 1237 5255 candidus
1276 5200 1491 5253 auditor
1523 5200 1595 5255 ob
1627 5214 1690 5254 ea
1726 5214 1847 5269 quae
1880 5200 2026 5255 dicta

456 5295 619 5351 sunt,
652 5306 761 5346 non
791 5291 949 5346 nobis
988 5291 1389 5344 incumbentem
1428 5306 1493 5343 ex
1540 5290 1892 5360 inquisitione
1932 5290 2031 5344 ah—

456 5378 748 5433 surdorum
790 5380 1347 5446 demonstrationem,
1390 5380 1484 5434 sed
1533 5381 1617 5434 his
1662 5382 1752 5451 qui
1800 5382 2032 5452 maligna

457 5479 664 5539 ponunt
696 5472 957 5541 principia
980 5514 995 5539 ,
1033 5471 1328 5542 imputans.
1364 5470 1531 5528 Nobis
1564 5480 1746 5527 autem
1782 5472 1849 5526 ad
1876 5474 2026 5527 aliud

457 5559 715 5630 quiddam
746 5576 935 5615 eorum
965 5576 1084 5631 qua:
1112 5563 1258 5617 dicta
1288 5571 1417 5617 sunt
1436 5602 1451 5624 .
1487 5561 1751 5631 adigenda
1782 5563 2031 5631 specula-

457 5652 532 5704 tio
554 5647 714 5704 :dicit
735 5648 881 5703 enim
899 5649 1045 5716 quod
1064 5668 1081 5697 ι
1101 5651 1265 5703 etiam
1284 5649 1444 5706 ttubis
1471 5650 1639 5706 Deunt
1670 5653 2031 5723 compositum

453 5736 1023 5807 cilicit,quodlucem
1067 5737 1288 5803 quidem
1330 5753 1673 5798 communem
1724 5757 2033 5815 supponere

2215 4478 2354 4530 Ἀλλ’
2400 4479 2723 4551 αἰσθάνομαι
2771 4484 3206 4553 ὐπατακτοῦντος
3257 4491 3352 4545 τοῦ
3403 4493 3563 4563 λόγου
3596 4514 3611 4527 ·
3654 4500 3716 4552 οὐ

2137 4564 2246 4637 γάρ
2264 4567 2509 4637 ἐπιμένει
2526 4570 2602 4641 τῷ
2630 4571 2921 4643 καθήκοντι
2950 4575 3151 4646 δρόμῳ,
3171 4580 3311 4633 κατά
3332 4584 3456 4646 τοὺς
3482 4584 3717 4657 θερμούς

2136 4673 2195 4710 τε
2224 4658 2316 4711 καὶ
2346 4658 2611 4728 θυμώδεις
2649 4662 2757 4716 τῶν
2800 4663 2995 4719 πώλων
3029 4670 3149 4731 ταῖς
3171 4669 3279 4723 τῶν
3302 4673 3719 4742 ἀνταγωνιστῶν

2139 4746 2508 4820 βλασφημίαις
2532 4756 2995 4827 συνεκφερόμενος
3025 4761 3159 4832 πρὸς
3192 4762 3261 4814 τὰ
3288 4764 3387 4834 τῆς
3405 4766 3715 4833 ὑποθέσεως

2135 4840 2331 4895 ἄτοπα.
2396 4842 2604 4897 Οὐκοῦν
2649 4845 2941 4900 καθεκτέον
2983 4850 3143 4903 αὐτὸν
3177 4851 3317 4923 πέρα
3349 4854 3442 4907 τοῦ
3492 4859 3714 4930 μετρίου

2136 4931 2269 5000 πρὸς
2293 4935 2634 5005 κατασκευὴν
2660 4936 2768 4990 τῶν
2792 4938 3008 4991 ἀτόπων
3036 4941 3420 5010 ἀφηνιάζοντα.
3469 4947 3712 5017 Συγγνώ-

2136 5037 2287 5073 σεται
2318 5022 2374 5075 δὲ
2397 5023 2614 5089 πάντως
2641 5028 2669 5079 ό
2691 5026 2988 5097 εὐγνώμων
3016 5033 3290 5103 ἀκροατὴς
3315 5037 3408 5089 ἐπὶ
3435 5042 3548 5102 τοῖς
3570 5043 3711 5111 εἰρη-

2138 5112 2339 5183 μένοις,
2364 5115 2461 5185 οὐχ
2485 5118 2618 5186 ἡμῖν
2646 5117 2743 5189 τὴν
2764 5119 3179 5176 ἀνακύπτουσαν
3200 5126 3262 5177 ὲκ
3288 5126 3388 5195 τῆς
3420 5129 3708 5194 ἐξετάσεως

2133 5203 2386 5269 ἀτοπίαν,
2418 5205 2552 5259 ἀλλά
2582 5210 2694 5270 τοῖς
2713 5207 2811 5273 τὰς
2839 5212 3077 5280 πονηρὰς
3104 5213 3512 5285 ὑποτιθεμένοις
3544 5217 3707 5289 ἀρχάς

2134 5291 2497 5364 λογιζόμενος.
2545 5296 2704 5367 Ἡμῖν
2729 5299 2785 5352 δὲ
2818 5302 2952 5371 πρὸς
2975 5301 3158 5373 ἔτερόν
3186 5318 3238 5357 τι
3270 5306 3381 5359 τῶν
3413 5309 3705 5379 εἰρημένων

2136 5386 2431 5454 μετακτέον
2465 5387 2563 5459 τὴν
2595 5389 2847 5460 θεωρίαν.
2894 5382 3030 5465 Φησὶ
3063 5395 3285 5467 γάρ,ὄτι
3336 5417 3354 5448 ι
3387 5401 3497 5453 Καὶ
3523 5400 3703 5451 σύνθε-

2132 5490 2225 5527 τον
2278 5477 2406 5547 ἡμῖν
2430 5478 2521 5530 τόν
2549 5479 2681 5532 Θεὸν
2712 5482 3102 5554 ἀπεργάζεται,
3135 5484 3211 5555 τῷ
3243 5489 3421 5539 κοινὸν
3448 5488 3543 5557 μὲν
3578 5488 3703 5538 ὐποο

2134 5565 2320 5620 θέσθαι
2368 5568 2431 5620 τὸ
2483 5569 2618 5639 φῶς,
2653 5572 2876 5645 ἰδιότησι
2921 5574 2975 5628 δέ
3008 5593 3118 5628 τισι
3161 5576 3257 5631 καὶ
3299 5578 3563 5640 ποικίλαις
3590 5577 3701 5629 διαο

2134 5658 2324 5725 φοραῖς
2346 5655 2574 5729 θατέρου
2594 5660 2847 5731 χωρίζειν
2870 5662 3115 5734 θάτερον.
3146 5665 3407 5721 Σύνθετον
3428 5666 3532 5739 γάρ
3554 5665 3699 5719 οὐδὲν

2132 5739 2292 5814 ἦττον
2317 5745 2377 5799 τὸ
2408 5747 2672 5820 κοινότητι
2704 5753 2804 5823 μιᾷ
2834 5755 3314 5825 συνενηνεγμένον,
3350 5755 3618 5828 διαφοραῖς
3639 5752 3694 5806 δέ
