4002 6218
305 221 410 278 90ῗὶ
1474 235 1756 292 CONTRA
1794 236 2180 305 EUNOMIUM,
2215 237 2343 293 LIB.
2374 237 2487 293 XII.
3471 245 3576 302 908

310 350 422 431 τισι
461 334 557 431 καί
588 340 911 431 στινδρομαῖς
947 341 1254 413 ἰδιωμάτων
1283 348 1666 419 χωριζόμενον.
1697 370 1714 402 ›
1751 354 1890 424 Πρὸς

1997 360 2207 423 Oportet
2232 394 2245 417 ,
2274 352 2699 423 promietatibus
2734 363 2914 412 autem
2945 352 3272 428 quibusdam
3301 362 3577 431 variisque

310 422 482 517 ταῦτα
510 424 569 477 δὲ
614 425 815 496 βραχὺς
846 430 980 499 ἡμῖν
1009 434 1038 483 6
1061 431 1218 499 λόγος
1247 436 1341 487 καὶ
1366 422 1810 502 εὐαπὸιλλακτος.⁷
1832 436 1890 494 Ὃ

2002 422 2323 499 dilicrentiis
2358 442 2587 496 alterum
2628 443 2695 499 ab
2729 445 2902 501 altero
2937 422 3209 517 separare.
3240 447 3394 515 Quod
3430 422 3575 505 enim

312 515 423 582 γὰρ
450 516 563 579 τοῖς
584 519 873 588 ἡμετέροις
893 522 1143 576 ἐπικαλΞί
1162 525 1445 595 δόγμασιν,
1480 530 1528 581 εἰ
1570 530 1645 601 μὴ
1672 531 1759 585 διὰ
1786 532 1892 584 τῶν

1999 535 2363 605 compositum
2424 542 2553 598 cst,
2616 535 2973 591 nihilominus
3025 551 3131 591 una
3187 539 3578 594 communitate

310 606 529 661 οἰκείων
554 610 953 674 κατασκευάζει
985 611 1178 682 λόγων,
1212 617 1331 670 καθ’
1366 618 1521 688 ἡμῶν
1552 621 1731 675 αὐτῶν
1762 624 1890 693 όμο-

1998 630 2370 700 eonjungitur,
2403 628 2723 684 differentiis
2751 636 2932 683 tamen
2979 628 3307 697 quibusdam
3352 639 3407 684 et
3452 645 3577 700 pro-

318 698 588 770 λογοῦμεν
615 700 677 754 τὸ
700 701 951 771 ἔγκλημα
972 720 987 735 ·
1019 702 1347 777 σκεψώμεθα
1361 709 1468 780 γὰρ
1488 708 1553 762 τὰ
1573 712 1702 781 παρ’
1733 710 1895 765 αὐτοῦ

1999 720 2292 791 prietatum
2322 720 2686 775 concursibus
2718 726 3020 789 St'paralur.
3054 717 3130 771 Ad
3167 719 3279 771 hmc
3314 719 3493 773 brevis
3525 729 3578 773 et

313 792 694 861 γεγραμμένα.
773 792 894 858 Φῶς
937 794 1190 862 ἀληθινὸν
1243 798 1500 869 ὀνομάζει
1543 801 1634 853 τὸν
1671 801 1893 871 Κύριον,

1998 808 2279 864 succincta
2310 806 2482 861 oratio
2524 813 2894 873 comparatur.
2934 804 3034 870 Qui
3068 804 3211 857 enim
3263 813 3448 856 nostra
3481 819 3573 856 ac—

311 881 609 952 ἁπρόσιτον
635 881 693 936 δὲ
723 881 837 952 φῶς
858 884 949 937 τὸν
984 886 1219 958 Πατέρα.
1273 888 1481 941 Οὐκοῦν
1519 890 1616 959 τὴν
1655 892 1795 945 κατὰ
1837 892 1891 944 τὸ

1998 910 2154 955 cusat
2186 900 2474 970 dogmata,
2528 899 2630 951 nisi
2681 910 2775 967 per
2822 895 3039 966 propria
3087 896 3247 949 verba
3287 895 3573 963 procedat,

314 971 433 1040 φῶς
457 975 737 1027 κοινωνίαν
758 974 850 1028 καὶ
873 975 1031 1040 αὐτὸς
1051 977 1415 1049 ὡμολόγησεν,
1433 974 1605 1045 οὕτως
1628 983 1894 1052 ὀνομάσας

1997 1001 2189 1047 contra
2239 1005 2339 1045 nos
2401 990 2548 1059 ipsos
2591 988 2795 1042 crimen
2842 985 3111 1039 fatemur:
3163 983 3576 1038 consideremus

313 1063 593 1134 ἑκάτερον.
621 1062 743 1117 Τῶν
766 1065 822 1119 δὲ
855 1069 1231 1138 προσηγοριῶν
1269 1071 1559 1140 προσφυῶς
1582 1073 1690 1134 τοῖς
1717 1073 1893 1141 πράγ-

1997 1084 2142 1136 enim
2182 1095 2245 1135 ca
2282 1095 2403 1150 qua:
2436 1078 2504 1133 ab
2542 1079 2660 1147 ipso
2696 1085 2821 1131 sunt
2863 1075 3085 1144 scripta.
3138 1071 3339 1127 Lucem
3392 1086 3573 1126 veram

319 1170 485 1224 μασιν
532 1157 1000 1226 ἐφηρμοσμένων,
1041 1159 1225 1223 καθὼς
1267 1162 1507 1232 πολλαχῆ
1577 1162 1890 1235 διωρίσατο,

1998 1169 2545 1223 Dominumnominat
2570 1187 2581 1221 :
2614 1167 2828 1221 Patrem
2850 1180 2978 1219 vero
3007 1165 3179 1218 lucem
3212 1164 3570 1217 inaccessam.

313 1249 381 1302 οὐ
411 1246 574 1320 ψιλὴν
621 1248 848 1319 νοοῦμεν
886 1249 980 1303 τοῦ
1028 1250 1205 1319 φωτὸς
1237 1253 1334 1324 τὴν
1380 1254 1562 1326 φωνὴν
1603 1255 1725 1324 δίχα
1751 1256 1893 1319 τινὸς

1996 1262 2140 1333 Ergo
2180 1263 2296 1331 ipse
2334 1262 2498 1315 etiam
2544 1259 2746 1314 fatetur
2783 1257 3222 1312 connuunioncm
3269 1255 3572 1312 secundum

317 1338 557 1403 διανοίας
595 1340 688 1393 ἐπὶ
719 1340 818 1410 τῆς
842 1339 990 1405 Θείας
1022 1342 1238 1411 φύσεως
1267 1343 1539 1410 λέγεσθαι,
1587 1346 1723 1399 ἀλλὰ
1752 1362 1893 1410 τινος

1996 1356 2200 1417 lucem,
2235 1354 2315 1407 sic
2348 1361 2638 1421 utrumque
2672 1352 2981 1404 nominans.
3008 1352 3142 1405 Cum
3175 1357 3356 1403 autem
3388 1347 3575 1418 appcl~

317 1430 680 1501 ὑποκειμένου
695 1433 1133 1503 κατηγορεῖσθαι.
1165 1434 1374 1489 Οὐκοῦν
1394 1438 1459 1506 τῇ
1484 1436 1623 1489 κατὰ
1645 1435 1705 1489 τὸ
1726 1437 1894 1506 ὄνομα

1996 1445 2224 1499 lationes
2247 1443 2411 1498 rebus
2434 1443 2499 1496 ad
2521 1457 2698 1497 rerum
2723 1453 2972 1495 naturam
3000 1441 3109 1495 sint
3127 1437 3571 1498 accommodatae,

315 1523 577 1594 κοινωνίᾳ
601 1527 696 1578 καὶ
722 1523 822 1595 τὴν
840 1524 949 1579 τῶν
978 1528 1393 1597 σημαινομένων
1420 1527 1741 1598 ὁμολογοῦσι
1766 1547 1894 1582 ταυ-

1997 1533 2137 1587 sicut
2164 1532 2351 1586 multis
2379 1532 2432 1585 in
2464 1531 2598 1585 locis
2628 1530 2868 1585 deﬁnivit
2893 1573 2907 1595 ,
2937 1546 3043 1584 non
3073 1530 3264 1583 exilem
3294 1536 3347 1581 et
3375 1527 3572 1582 nudam

312 1614 536 1685 τότητα.
600 1614 866 1687 Ἐπείπερ
906 1607 984 1669 ὧν
1020 1618 1089 1671 τὰ
1118 1618 1356 1688 ὀνόματα
1386 1619 1454 1671 τὰ
1494 1618 1651 1683 αὐτὰ,
1688 1619 1892 1672 τούτων

1999 1638 2185 1676 vocem
2216 1622 2353 1677 lucis
2384 1622 2591 1691 absque
2623 1622 2802 1692 aliqua
2840 1620 3111 1675 sententia
3160 1620 3214 1674 in
3257 1619 3438 1673 divina
3483 1632 3576 1671 na-

314 1706 667 1776 ἀπεφήναντο
721 1706 854 1777 μηδὲ
902 1705 1000 1770 τὰς
1043 1706 1232 1776 φύσεις
1283 1707 1475 1778 ἐτέρας
1518 1708 1683 1777 ἔχειν.
1745 1709 1893 1771 Ἐνὺς

2001 1721 2123 1767 tura
2172 1712 2282 1767 dici
2332 1690 2726 1782 intelligimus,
2778 1711 2872 1766 sed
2926 1711 2993 1765 de
3044 1710 3279 1780 quodam
3329 1709 3576 1778 subjecto

314 1797 499 1850 τοίνυν
523 1796 675 1860 δντος
718 1796 814 1850 τοῦ
851 1797 993 1853 κατὰ
1030 1797 1091 1851 τὸ
1123 1797 1237 1867 φῶς
1271 1797 1691 1868 σημαινομένου,
1737 1799 1769 1867 ἠ
1798 1795 1892 1849 τοῦ

2000 1803 2292 1858 enuntiari.
2329 1801 2477 1871 Ergo
2508 1809 2563 1856 et
2596 1802 2835 1855 nominis
2870 1800 3260 1855 communione
3293 1801 3458 1853 etiam
3497 1800 3573 1852 εἰ·

312 1889 617 1959 ἀπροσίτου
636 1888 732 1943 καὶ
752 1888 1007 1959 ἀληθινοῦ
1038 1887 1320 1960 προσθήκη
1356 1888 1497 1943 κατὰ
1520 1888 1611 1942 τὸν
1636 1889 1732 1959 τῆς
1753 1887 1892 1957 αἱρέ-

2000 1893 2383 1963 gniticatorum
2409 1890 2748 1945 identitatem
2772 1892 3131 1944 conlltentur:
3160 1888 3427 1957 siquidem
3450 1904 3576 1956 quo-

316 1997 461 2043 σεως
489 1979 673 2049 λόγον.
719 1980 782 2033 τὸ
819 1981 994 2034 κοινὸν
1031 1980 1254 2051 διορίζει
1290 1982 1400 2043 τοῖς
1433 1980 1723 2043 ἰδιάζουσιν
1749 1997 1763 2010 ·
1818 1980 1894 2042 ὡς

2000 1999 2120 2038 rum
2169 1982 2391 2038 nomina
2437 1988 2565 2036 sunt
2612 1982 2835 2044 eadem,
2886 1980 3078 2035 horum
3131 1992 3305 2048 neque
3352 1987 3574 2031 naturas

313 2071 451 2126 ἄλλο
478 2071 577 2142 μὲν
602 2070 661 2124 τὸ
687 2070 781 2125 τοῦ
822 2068 1034 2143 Πατρδς
1067 2071 1202 2139 φῶς,
1230 2070 1417 2140 ἕτερον
1443 2070 1498 2123 δὲ
1538 2070 1599 2124 τὸ
1636 2070 1730 2123 τοῦ
1764 2070 1891 2123 Υἰοῦ

2001 2073 2250 2129 diversas
2281 2084 2406 2129 esse
2438 2078 2844 2127 asseverarunt.
2892 2068 3027 2125 Cum
3077 2067 3244 2135 igitur
3288 2083 3456 2120 unmn
3506 2070 3575 2120 sit

312 2162 597 2234 νοηθῆναι,
631 2164 742 2225 τοῖς
776 2162 1059 2232 ἰδιώμασιν
1086 2162 1181 2216 ἀπ’
1206 2160 1451 2232 ἀλλήλων
1472 2160 1857 2232 διακρινόμενα
1876 2177 1891 2192 ·

1999 2164 2143 2235 quod
2159 2180 2253 2234 per
2268 2165 2441 2219 lucem
2459 2164 2812 2233 signiﬁcatur,
2831 2162 3125 2215 inaccessa»
3139 2168 3191 2215 et
3215 2174 3352 2215 verm
3369 2158 3578 2212 additio

312 2254 356 2324 ἢ
391 2253 569 2307 τοίνυν
618 2251 975 2323 ἀνατρεψάτω
1014 2250 1082 2306 τὰ
1125 2251 1261 2316 ῐδια,
1313 2252 1401 2305 ἵνα
1441 2251 1515 2322 μὴ
1549 2250 1799 2305 σύνθετον
1826 2246 1892 2303 δι’

2001 2255 2301 2311 secundum
2330 2254 2600 2309 licereseos
2624 2267 2967 2318 sermonem,
2992 2251 3135 2321 quod
3162 2264 3450 2305 commune
3470 2259 3575 2311 est,

310 2336 399 2399 ὧν
423 2342 570 2411 λέγει
596 2341 981 2412 κατασκευάσῃ
1005 2341 1065 2394 τὺ
1084 2333 1258 2404 Θείον,
1298 2340 1333 2410 ἢ
1367 2341 1501 2412 μηδὲ
1535 2340 1693 2411 ἡμῶν
1725 2339 1890 2394 ταῦτα

2002 2347 2118 2402 suis
2144 2345 2568 2417 proprietatibus
2604 2342 2895 2414 distinguit
2938 2362 2950 2398 :
2988 2352 3046 2397 ut
3088 2342 3195 2396 alia
3225 2341 3444 2412 quidem
3475 2339 3578 2394 Pa-

313 2433 715 2506 κατηγορείτω,
746 2433 891 2504 ἅπερ
917 2434 975 2486 ὲν
996 2435 1109 2497 τοῖς
1131 2430 1282 2496 ἰδίοις
1312 2433 1497 2503 βλέπει
1528 2432 1727 2501 λόγοις.
1757 2430 1893 2487 Οὐδὲ

2001 2437 2103 2492 tris
2131 2437 2220 2491 lux
2242 2476 2256 2498 ,
2290 2436 2398 2490 alia
2420 2450 2548 2489 vero
2572 2433 2694 2488 Filii
2730 2440 2913 2488 mente
2941 2440 2995 2488 et
3020 2433 3206 2487 animo
3232 2430 3581 2501 concipiatur

254 2534 279 2583 ἱ
313 2526 434 2599 γὰρ
466 2524 563 2596 τὴν
602 2524 883 2594 ἁπλότητα
916 2522 1004 2578 διὰ
1042 2523 1246 2579 τούτων
1292 2525 1321 2577 6
1358 2524 1515 2593 λόγος
1550 2524 1834 2595 λυμαίνετο

2001 2524 2423 2599 proprietatibus
2448 2538 2477 2576 a
2504 2539 2563 2579 se
2586 2523 2818 2577 invicem
2849 2522 3110 2577 distincta
3136 2538 3149 2575 :
3181 2521 3265 2576 vel
3290 2520 3455 2591 igitur
3480 2536 3580 2576 sua

318 2606 516 2681 ἐπειδὴ
596 2614 844 2685 κοινότης
891 2625 951 2667 τε
998 2613 1094 2667 καὶ
1139 2613 1338 2683 ἰδιότης
1386 2614 1546 2668 οὐσία
1575 2616 1676 2668 οὐκ
1726 2613 1894 2667 ἐστιν·

2002 2616 2221 2672 decreta
2250 2621 2495 2678 evertat,
2525 2627 2595 2667 ne
2623 2627 2719 2682 per
2750 2627 2815 2668 ea
2848 2627 2970 2682 quae
2998 2611 3133 2667 dicit
3163 2609 3331 2667 Deum
3358 2625 3582 2682 compo-

321 2707 471 2764 ὥστε
532 2705 631 2774 τὴν
658 2704 967 2776 συνδρομὴν
1003 2703 1210 2759 τούτων
1246 2700 1499 2758 σύνθετον
1523 2704 1898 2760 ἀποδεικνύειν

2002 2707 2166 2762 situm
2220 2712 2512 2775 praestruat
2535 2744 2551 2769 ,
2583 2709 2666 2759 vel
2713 2719 2781 2759 ne
2807 2719 2909 2758 nos
2941 2702 3008 2757 de
3039 2702 3125 2757 his
3156 2710 3418 2768 accuset,
3455 2717 3577 2772 quae

310 2795 388 2851 ’σὺ
412 2796 790 2866 ὑποκείμενον.
831 2793 969 2849 Ἀλλ’
998 2795 1033 2863 ἡ
1073 2793 1171 2865 μὲν
1197 2794 1353 2848 οὐσία
1380 2794 1502 2849 καθ’
1544 2793 1743 2865 ἑαυτὴν
1772 2795 1801 2848 ὅ
1843 2795 1890 2847 τί

2006 2797 2061 2851 ἰη
2089 2797 2209 2854 suis
2239 2797 2591 2852 sermonibus
2624 2796 2906 2866 perspicit.
2942 2794 3128 2865 Neque
3155 2796 3300 2850 enim
3335 2810 3433 2867 per
3462 2794 3578 2852 huic

313 2902 455 2943 ποτε
486 2888 626 2942 κατὰ
642 2887 740 2958 τὴν
765 2884 929 2955 φύσιν
953 2886 1093 2949 ἐστὶ,
1120 2885 1384 2955 διαμένει,
1406 2886 1580 2939 έκεῖνο
1600 2882 1735 2939 οὖσα
1761 2884 1893 2956 ὅπερ

2004 2887 2409 2959 simplicitatem
2456 2903 2638 2944 sermo
2678 2887 3051 2954 contaminat;
3087 2887 3345 2958 quoniam
3391 2902 3581 2943 esseu-

308 2980 462 3038 ἐστι.
509 2978 693 3033 Ταῦτα
734 2978 791 3032 δὲ
822 2977 931 3031 τῶν
965 2978 1094 3048 περὶ
1144 2976 1311 3048 αὐτὴν
1354 2976 1658 3047 νοουμένων
1701 2992 1761 3028 τε
1804 2976 1888 3029 καὶ

2005 2977 2078 3032 tia
2105 2993 2212 3032 non
2238 2986 2323 3034 est
2345 2978 2713 3035 communitas
2743 2986 2796 3034 et
2822 2978 3127 3048 proprietas
3162 2992 3176 3029 :
3200 2978 3274 3031 ita
3298 2985 3356 3033 ut
3384 2977 3577 3031 borum

312 3034 712 3140 θεωρουμένων
758 3061 899 3132 εἶναι
924 3104 939 3131 ,
990 3034 1097 3128 uti;
1124 3082 1209 3128 τις
1237 3034 1303 3118 έν
1338 3034 1744 3128 εῐποίδιανοίας
1770 3082 1892 3135 μετ-

2003 3083 2308 3125 concursus
2343 3069 2708 3138 compositum
2744 3050 3084 3140 demonstret
3113 3069 3440 3138 subjectum.
3475 3067 3578 3123 Sed

312 3161 485 3231 έχων.
519 3154 676 3214 Ἐπεὶ
704 3158 799 3212 καὶ
826 3159 968 3229 επρδς
999 3158 1147 3227 ἡμᾶς
1195 3156 1321 3218 τοὺς
1356 3153 1673 3226 ἀνθρώπους
1701 3151 1817 3208 ἐστι
1849 3173 1892 3208 τι

2002 3160 2299 3216 essentiam
2350 3160 2572 3231 quidem
2617 3175 2713 3230 per
2757 3174 2851 3225 se,
2893 3160 3157 3231 quidquid
3203 3160 3420 3215 tandem
3471 3160 3578 3221 sit,

314 3252 504 3308 κοινὸν
523 3251 624 3319 τῆς
639 3246 790 3312 θείας
802 3244 1016 3319 φύσεως
1038 3246 1393 3315 κατανοῆσαι,
1408 3247 1521 3300 ἀλλ’
1537 3248 1600 3300 οὐ
1616 3246 1705 3300 διὰ
1723 3246 1894 3309 τοῦτο1

2003 3250 2306 3306 secundum
2340 3260 2594 3306 naturam
2626 3260 2946 3322 permanet,
2978 3252 3110 3307 illud
3137 3252 3410 3307 exsistens
3437 3252 3580 3321 quod

313 3344 357 3412 ἢ
381 3341 482 3397 ἀνθ
492 3338 742 3413 ρωπότης
766 3340 827 3392 τὸ
856 3339 1069 3409 θεῖον,ἢ
1095 3338 1282 3410 θεότης
1302 3339 1420 3393 ἐστὶ
1444 3339 1506 3393 τὸ
1537 3338 1893 3411 ἀνθρώπινον.

2004 3340 2222 3413 quidem
2251 3347 2357 3397 est.
2387 3339 2511 3395 Haec
2537 3356 2607 3396 ex
2636 3356 2828 3396 eorum
2860 3355 3089 3396 numero
3113 3355 3235 3410 qua:
3262 3339 3314 3393 in
3351 3340 3466 3410 ipsa
3503 3339 3583 3393 iu-

331 3410 567 3501 ίΔγαθὸν
596 3410 707 3502 γὰρ
735 3431 827 3484 τὸν
845 3430 979 3483 Θεὸν
1002 3427 1139 3482 εἶναι
1171 3429 1535 3497 πιστεύοντες,
1560 3410 1782 3502 οἴδαμεν
1807 3432 1905 3486 καὶ

2004 3410 2327 3502 telliguutur
2356 3439 2411 3487 et
2454 3431 2913 3498 considerantur,
2951 3446 3109 3495 esse,
3144 3432 3325 3502 quivis
3372 3432 3582 3485 ratione

313 3527 409 3578 ἐπ’
434 3522 723 3594 ἀνθρώπου
748 3520 906 3575 τοῦτο
923 3518 984 3574 τὸ
997 3518 1165 3588 ὄνομα
1187 3521 1333 3592 παρά
1349 3521 1446 3588 τῆς
1458 3521 1681 3593 Γραφῆς
1703 3539 1870 3590 τεταγ
1889 3552 1893 3562 ε

2003 3529 2059 3578 et
2106 3529 2289 3578 mente
2332 3523 2599 3592 praeditus
2649 3523 2869 3579 dixerit.
2909 3522 3179 3591 Quoniam
3228 3523 3394 3577 etiam
3439 3523 3581 3592 apud

324 3615 515 3686 μένον.
572 3612 731 3666 Ἀλλὰ
770 3612 973 3683 διαιρεῖ
1029 3609 1129 3678 τὴν
1156 3612 1221 3663 ὲκ
1252 3611 1351 3681 τῆς
1375 3610 1700 3681 ὁμωνυμίας
1727 3612 1902 3664 κοινό-

2006 3628 2106 3668 nos
2134 3613 2381 3668 homines
2425 3613 2554 3669 licet
2585 3613 2844 3684 quiddam
2893 3628 3186 3668 commune
3235 3628 3358 3667 cum
3399 3611 3582 3666 divina

320 3719 487 3778 τητα,
515 3705 580 3757 τὸ
619 3704 820 3766 ἰδιάζον
848 3703 934 3771 ἐφ’
965 3700 1228 3772 ἐκατέρου
1260 3701 1360 3770 τῆς
1387 3701 1679 3771 σημασίας.
1719 3700 1777 3753 '0
1806 3700 1900 3769 μὲν

2005 3709 2199 3756 natura
2233 3701 2537 3772 intelligere
2562 3741 2577 3767 ,
2608 3717 2715 3756 non
2744 3709 2927 3757 tamen
2958 3712 3251 3772 propterea
3280 3703 3362 3757 vel
3396 3703 3584 3755 huma-

315 3799 432 3870 γὰρ
459 3796 611 3867 πηγὴ
640 3795 739 3864 τῆς
758 3793 1092 3863 ἀταθότητος
1118 3791 1215 3855 ὣν,
1237 3791 1330 3845 ἀπ’
1355 3791 1524 3861 αὐτῆς
1542 3791 1895 3861 ὀνομάζεται·

2006 3789 2154 3845 nitas
2182 3797 2267 3845 est
2295 3791 2441 3860 quod
2475 3791 2723 3845 divinum
2755 3799 2870 3854 est,
2902 3792 2989 3846 vel
3015 3791 3276 3846 divinitas
3306 3791 3453 3861 quod
3486 3791 3585 3845 hu—

315 3892 351 3944 ὁ
374 3889 434 3943 δὲ
475 3887 719 3959 μετέχων
763 3885 865 3954 τῆς
904 3884 1259 3955 ἀγαθότητος,
1304 3881 1635 3952 συμμετέχει
1675 3882 1766 3934 καὶ
1810 3881 1895 3937 τοί

2007 3897 2272 3949 manum;
2323 3881 2525 3938 bonum
2559 3882 2706 3938 enim
2757 3881 2926 3938 Deum
2961 3898 3083 3938 esse
3117 3882 3442 3946 credentes,
3476 3884 3585 3939 sci-

314 3980 592 4050 ὁνόματος
616 3993 631 4009 ο
665 3976 758 4031 καὶ
786 3977 849 4031 οὺ
882 3976 969 4029 διὰ
994 3975 1152 4030 τοῦτο
1182 3970 1433 4038 σύνθετος
1453 3974 1481 4027 6
1506 3973 1657 4039 Θεὸς,
1677 3974 1760 4026 ὅτι
1795 3990 1894 4027 κοι·

2009 3990 2134 4031 mus
2163 3975 2331 4031 etiam
2365 3976 2420 4031 in
2456 3975 2679 4031 homine
2719 3975 2823 4030 hoc
2852 3990 3050 4031 nomen
3080 3990 3203 4031 esse
3242 3990 3274 4029 a
3300 3973 3584 4046 Scriptura

317 4069 485 4121 νωνεί
514 4066 652 4137 πρὸς
683 4064 773 4119 τὸν
815 4064 1102 4135 ἄνθρωπον
1143 4063 1243 4135 τῆς
1273 4063 1365 4117 τοῦ
1400 4063 1602 4132 ἀγαθοῦ
1637 4076 1897 4135 προσηγο-

2006 4059 2322 4121 drdinatum
2354 4086 2368 4123 :
2406 4067 2501 4123 sed
2535 4066 2982 4122 communitatem
3015 4081 3137 4135 qua:
3165 4080 3231 4121 ex
3274 4065 3584 4135 atquivocac

316 4162 473 4231 ρίας.
536 4155 745 4211 Οὐκοῦν
781 4156 1030 4225 φανερῶς
1075 4157 1142 4208 ὲκ
1182 4154 1387 4208 τούτων
1417 4155 1793 4225 ,όμολογείται,
1825 4156 1896 4208 ὅτι

2008 4156 2154 4213 tione
2180 4166 2292 4222 est,
2323 4156 2652 4226 disunguit,
2686 4170 2806 4226 quae
2838 4156 2891 4209 in
2927 4164 3158 4225 utroque
3184 4162 3270 4209 est
3301 4153 3576 4225 signiﬁca-

258 4252 276 4355 ,
316 4251 485 4313 ἄλλος
528 4249 559 4301 6
593 4248 692 4355 της
714 4247 1049 4355 μοινότητος,
1085 4248 1183 4300 καὶ
1215 4245 1372 4347 ἄλλος
1398 4242 1547 4355 6
1572 4245 1758 4355 offula;
1790 4247 1838 4297 ἐς

2009 4245 2179 4301 tionis
2210 4246 2537 4317 proprietas.
2570 4245 2663 4301 Ille
2693 4246 2913 4315 quidem
2956 4247 3128 4311 Deus,
3172 4244 3297 4300 fons
3337 4260 3461 4300 cum
3507 4246 3579 4300 sit

316 4340 507 4410 λόγος,
559 4338 652 4393 καὶ
678 4334 830 4392 οὐδὲν
876 4338 1077 4407 μᾶλλον
1102 4338 1192 4392 διὰ
1219 4336 1379 4391 τοῦτο
1416 4336 1662 4401 σύνθεσίς
1691 4354 1774 4401 τις
1806 4338 1896 4391 καὶ

2008 4336 2301 4399 bonitatis,
2332 4351 2399 4392 ex
2432 4337 2547 4407 ipsa
2578 4336 2959 4393 denomiaatur
2991 4355 3005 4391 :
3039 4337 3127 4391 hic
3169 4352 3300 4393 vero
3345 4336 3577 4408 (nempe

317 4429 670 4499 ⁸τεολυμέρειιι
710 4428 840 4499 περὶ
891 4426 987 4499 τὴν
1039 4426 1217 4498 διπλῆν
1259 4444 1319 4480 τε
1363 4426 1457 4480 καὶ
1497 4425 1700 4480 ἄποσον
1738 4443 1897 4481 κατα-

2014 4427 2215 4497 homo)
2248 4427 2505 4484 bonitatis
2539 4428 2841 4499 particeps,
2878 4429 3042 4482 etiam
3077 4429 3315 4484 nominis
3345 4442 3574 4484 consors

321 4520 659 4585 σκευάζεται
712 4518 907 4589 φύσιν,
961 4519 1015 4572 εί
1047 4537 1099 4573 τι
1127 4518 1235 4573 τῶν
1272 4517 1755 4589 ὲπιθεωρουμένων
1786 4519 1819 4589 ἢ
1849 4520 1901 4573 ὲν

2014 4514 2269 4571 cﬂicitur.
2325 4514 2444 4572 Non
2492 4516 2616 4572 ideo
2664 4524 2847 4571 tamen
2901 4516 3045 4572 Deus
3095 4525 3182 4572 cst
3215 4517 3586 4586 compositus,

319 4611 559 4685 ἰδιότητι
590 4608 861 4679 βλέποιτο,
894 4608 928 4680 ἢ
958 4610 1101 4665 κατὰ
1131 4609 1307 4663 κοινοῦ
1332 4627 1475 4676 τινος
1503 4609 1599 4683 τὴν
1630 4612 1899 4683 σημασίαν

2012 4611 2143 4682 quia
2173 4625 2296 4666 cum
2333 4610 2555 4667 homine
2583 4611 2707 4667 boni
2736 4611 3122 4681 appellationis
3145 4610 3587 4666 communionem

321 4703 467 4773 ἔχοι.
2018 4704 2198 4760 habet.
2246 4702 2613 4771 Quamobrem
2657 4718 2723 4759 ex
2772 4703 2859 4759 his
2902 4719 3002 4774 pro
3035 4701 3295 4759 confesso
3334 4703 3588 4767 habetur,

322 4794 478 4865 quod
509 4794 615 4848 alia
643 4800 729 4850 est
752 4794 1194 4859 communitatis,
1229 4794 1334 4848 alia
1366 4808 1495 4848 vero
1529 4796 1789 4851 essentize
1837 4797 1980 4852 ratio
2019 4815 2033 4853 :
2080 4797 2249 4853 nihilo
2313 4796 2486 4869 magis
2546 4805 2727 4852 tamen
2766 4796 2836 4851 ob
2878 4812 2997 4851 eam
3044 4812 3301 4861 causam,
3368 4811 3586 4867 compo-

322 4886 464 4944 sitio
492 4885 745 4955 quaadam
774 4894 831 4940 et
862 4886 1253 4955 particularum
1290 4885 1581 4939 multitudo
1607 4887 1661 4940 in
1689 4886 1925 4957 simplici
1966 4895 2020 4942 et
2068 4889 2393 4958 quantitatis
2431 4896 2652 4959 experte
2690 4895 2885 4942 natura
2931 4889 3291 4952 construitur,
3320 4886 3448 4941 licet
3481 4886 3583 4940 ali-

323 4977 465 5050 quid
508 4992 699 5033 eorum
739 4990 848 5048 qua
890 4978 1038 5032 circa
1079 4978 1255 5049 ipsam
1306 4977 1748 5048 considerantur,
1777 4982 1864 5037 vel
1895 4981 1949 5037 in
1988 4984 2319 5054 proprietate
2341 4992 2636 5053 spectetur,
2668 4982 2751 5039 vel
2776 4982 2845 5039 de
2876 4981 3155 5037 communi
3196 4982 3378 5052 aliquo
3418 4980 3589 5051 signi~

327 5073 615 5129 ﬁcantiam
646 5071 864 5127 habeat.
3320 5126 3381 5154 Α

415 5163 559 5219 Ἀλλ’
585 5163 672 5233 ἐφ’
712 5162 919 5236 ῐτερον,
969 5162 1020 5216 εί
1060 5161 1239 5226 δοκεῖ,
1296 5161 1405 5217 τῶν
1442 5164 1747 5235 εἰρημένων
1780 5179 1911 5237 μετ-

2090 5165 2195 5221 Sed
2225 5163 2293 5219 ad
2320 5163 2465 5219 aliud
2488 5203 2504 5229 ,
2531 5164 2579 5220 si
2609 5163 2846 5226 videtur,
2871 5178 3060 5218 eorum
3092 5179 3213 5233 qua:
3240 5146 3387 5217 dicta
3415 5171 3543 5219 sun:
3570 5204 3583 5227 ,

326 5260 602 5331 ιλῆωμεν,
632 5257 723 5311 τὸν
754 5257 843 5312 διὰ
888 5257 1053 5328 μέσου
1082 5256 1246 5328 λῆρον
1273 5256 1482 5330 χαίρειν
1510 5258 1786 5323 ἐάσαντες.
1855 5260 1906 5313 '0

2024 5267 2408 5321 transeamus,
2443 5271 2615 5325 nugas
2640 5270 2761 5327 qua:
2803 5257 2857 5309 in
2910 5255 3091 5311 medio
3131 5263 3261 5309 sunt
3303 5256 3482 5311 valere
3512 5259 3587 5313 si-

328 5349 640 5422 φιλοπόνως
684 5346 781 5418 τὴν
821 5347 1253 5420 Ἀριστοτελικὴν
1284 5348 1394 5401 τῶν
1426 5346 1596 5402 ὄντων
1648 5348 1908 5421 διαίρεσιν

2017 5356 2232 5405 nentes.
2270 5347 2372 5403 llic
2403 5355 2661 5401 accurate
2692 5347 3045 5417 promidgans
3077 5346 3480 5402 Aristotelicum
3509 5349 3593 5403 di-

332 5438 674 5512 ὲπιθρυλλῶν
699 5438 777 5511 τῷ
803 5438 1060 5511 ἡμετέρῳ
1083 5437 1246 5508 λόγῳ,
1266 5438 1611 5510 ἐξείργασται
1645 5439 1800 5510 γένη,
1817 5443 1912 5496 καὶ

2015 5441 2281 5498 visionem
2310 5481 2325 5503 ,
2364 5447 2555 5495 nostro
2607 5440 2846 5497 sermoni
2894 5438 3097 5494 adimit
3131 5454 3328 5511 genera
3370 5449 3423 5495 et
3470 5456 3593 5511 spe-

329 5533 473 5606 εῐδη,
514 5534 609 5587 καὶ
641 5531 902 5604 διαφορὰς
950 5533 1044 5586 καὶ
1087 5533 1263 5603 ἄτομα
1290 5550 1303 5562 '
1355 5534 1450 5587 καὶ
1500 5535 1679 5587 πᾶσαν
1725 5534 1824 5604 τὴν
1855 5536 1909 5587 ὲν

2016 5535 2164 5599 cies,
2196 5542 2250 5589 et
2280 5531 2650 5592 dill‘erentias,
2692 5539 2747 5586 et
2797 5530 3074 5586 individua
3098 5574 3111 5596 ,
3155 5539 3209 5587 ct
3245 5546 3406 5587 omne
3444 5529 3592 5600 quod

328 5628 457 5692 ταῖς
506 5624 861 5695 κατηγορίαις
894 5625 1238 5695 τεχνολογίαν
1266 5627 1353 5680 ἐπὶ
1385 5625 1601 5697 διαϐολῇ
1634 5625 1740 5681 τῶν
1773 5628 1908 5699 ήμε‹

2018 5634 2102 5684 est
2136 5626 2191 5681 in
2222 5624 2516 5696 categoriis
2549 5624 2869 5690 artiﬁcium,
2912 5628 2974 5681 ad
3008 5626 3337 5680 calumniam
3372 5633 3591 5679 nostro-

623 5719 891 5782 ΡΛτιιοι..
943 5718 1057 5780 Gn.
1100 5719 1286 5780 XLV.
2874 5730 2881 5736 '
3152 5716 3228 5776 29
