4002 6218
458 262 561 317 907

1701 262 1760 320 S.
1787 214 2110 319 GRECOﬁlI
2129 264 2421 324 NYSSENI

3588 263 3695 319 908

457 393 578 434 rum
635 377 982 435 decretorum
1038 378 1092 434 in
1141 363 1667 449 medium-protulit.
1712 380 1809 437 liis
1856 382 2033 450 itaque

2139 382 2309 454 τέρων
2332 357 2616 453 δογμάτων
2640 381 3068 454 προεχειρίσατο.
3095 379 3279 435 ταῦτα
3305 378 3483 433 τοίνυν
3510 379 3699 433 latrav-

457 471 715 536 omissis,
748 472 813 526 ad
845 487 1008 543 grave
1035 472 1090 526 'et
1121 471 1472 527 ineluctabile
1506 474 1682 544 ipsius
1715 472 2027 528 ﬁrmamen-

458 571 574 619 tum
623 566 873 618 oratione
921 563 1354 633 progrediamur.
1413 565 1832 633 Demosthenico
1882 567 2026 620 enim

462 652 646 708 furore
701 669 855 708 suam
907 654 1211 708 oralionem
1264 654 1646 721 contendens,
1697 655 1839 710 alius
1903 655 2029 725 qui-

456 744 583 798 dam
617 745 774 800 nobis
802 744 1201 813 Exoltiseridus
1228 745 1564 802 Paeanieusis
1590 746 1874 817 apparuit,
1902 760 2029 801 ora-

460 836 594 892 toris
623 836 982 891 acrimoniam
1016 837 1070 890 in
1095 837 1396 893 certamine
1424 844 1614 891 contra
1645 851 1746 892 nos
1771 843 2028 906 suscepto

460 928 703 982 imitans.
740 926 1019 997 Exponam
1054 926 1120 980 ad
1169 926 1394 979 verbum
1442 926 1558 994 ipsa
1609 924 1894 994 scriptoris
1946 924 2029 977 di-

460 1026 543 1070 cta
575 1031 589 1067 :
641 1014 813 1079 Sane,
849 1016 1063 1085 inquit,
1110 1014 1199 1070 sed
1228 1015 1274 1069 si
1327 1030 1445 1067 cum
1478 1014 1707 1083 genitum
1738 1025 1787 1066 et
1823 1012 2027 1083 ingeni-

462 1118 571 1160 tum
605 1108 869 1160 contrario
900 1106 1051 1159 modo
1086 1122 1139 1159 se
1170 1105 1427 1168 habeant,
1460 1119 1525 1158 ea:
1557 1120 1704 1174 (equo
1737 1102 1830 1155 lux
1853 1102 2030 1172 genita

461 1199 528 1252 ad
559 1199 844 1266 ingenitam
890 1197 1057 1251 lucem
1098 1198 1328 1264 subiret,
1371 1194 1483 1250 [uec
1525 1195 1732 1266 quidem
1776 1194 1870 1248 lux
1901 1195 2025 1264 ﬁet,

461 1290 631 1343 altera
676 1305 792 1342 vero
846 1288 1090 1343 tenebrw.
1142 1289 1386 1342 Acumen
1430 1287 1598 1357 igitur
1647 1295 1702 1340 et
1751 1285 2029 1341 solertiam

458 1378 799 1433 occursionis
858 1376 926 1430 ad
979 1377 1378 1445 Oppositiouem
1447 1374 1888 1441 contrariorum,
1962 1391 2026 1431 ex

461 1470 611 1524 illius
648 1468 999 1523 sermonibus
1028 1468 1234 1534 discat,
1271 1468 1357 1523 cui
1384 1469 1556 1522 otium
1586 1467 1769 1521 fuerit.
1799 1467 1909 1537 Ego
1940 1482 2032 1523 au.

461 1572 566 1615 tem
597 1570 908 1616 nostrorum
936 1560 1289 1623 histrionem,
1316 1560 1399 1614 vel
1426 1568 1616 1614 nostra
1639 1560 1821 1615 dicere
1851 1562 2029 1629 ipsum

462 1656 805 1720 censuerim,
837 1652 922 1707 vel
965 1666 1127 1722 quam
1163 1651 1413 1721 proxime
1456 1651 1727 1707 sermonis
1770 1651 2032 1705 imitatio-

2126 491 2238 540 τες,
2256 475 2348 526 ἐπὶ
2378 474 2439 527 τὸ
2469 474 2606 546 βαρὺ
2634 475 2727 528 καὶ
2750 473 3243 541 δυσανταγώνιστον
3263 470 3428 524 αὐτοῦ
3447 469 3528 541 τῷ
3555 470 3703 540 λόγῳ

2131 561 2494 634 μετέλθωμεν.
2555 563 2939 634 Δημοσθενικῷ
2987 562 3096 633 γὰρ
3146 561 3304 633 θυμῷ
3355 561 3447 614 τὸν
3504 562 3700 616 ἑαυτοῦ

2127 650 2284 720 λόγον
2305 652 2567 717 τονώσας,
2594 652 2751 716 ἀλλος
2785 669 2873 716 τις
2899 653 3028 723 ἡμῖν
3069 650 3343 721 Ἐξολτισή
3353 651 3498 721 ριδος
3526 650 3702 704 Παια-

2127 746 2274 809 νιεὺς
2306 746 2641 817 ἀναπέφηνε,
2682 746 2744 800 τὸ
2791 747 2954 818 δριμὺ
2987 746 3078 800 τοῦ
3116 747 3344 817 ῥήτορος
3376 748 3435 799 ἐν
3462 746 3543 815 τῷ
3579 746 3701 799 καθ’

2127 837 2286 908 ἡμῶν
2315 837 2488 905 ἀγῶνι
2530 837 2881 908 μιμούμενος.
2938 836 3272 908 Ἐκθήσομαι
3299 837 3356 890 δὲ
3390 837 3531 891 κατά
3555 837 3704 903 λέξιν

2129 929 2271 983 αὐτὰ
2291 929 2384 983 τοῦ
2401 928 2740 1000 λογογράφου
2764 929 2831 981 τά
2860 929 3099 999 ῥήματα.
3119 929 3253 991 Ναὶ,
3278 929 3464 1000 φησὶν,
3488 929 3631 983 ἀλλ’
3650 933 3703 984 εί

2129 1022 2234 1075 τοῦ
2250 1021 2537 1091 γεννητοῦ
2548 1022 2696 1091 πρὸς
2710 1020 2775 1075 τὸ
2787 1021 3121 1090 ἀγέννητον
3132 1021 3420 1085 ἐναντίως
3427 1020 3460 1073 ἕ
3462 1036 3700 1089 κοντος,

2129 1113 2253 1165 κατ’
2268 1107 2407 1164 ἴσον
2424 1112 2736 1166 ὑποϐαίνοι
2751 1112 2817 1164 τὸ
2831 1112 3123 1180 γεννητὸν
3132 1109 3256 1179 φῶς
3269 1110 3419 1178 πρὸς
3445 1110 3516 1163 τὸ
3538 1109 3703 1179 ἀγόν·
3733 1129 3743 1142 ·

2128 1220 2315 1270 mror
2323 1202 2466 1272 ςρῶς,
2479 1204 2670 1273 τὸμὲν
2683 1204 3035 1273 γεννήσεται
3046 1202 3190 1271 φῶς,
3210 1202 3274 1256 τὸ
3285 1202 3353 1255 δὲ
3366 1204 3612 1269 σκότος.
3632 1203 3704 1256 τὸ

2132 1295 2230 1365 μὲν
2257 1292 2349 1348 οὖν
2376 1294 2469 1359 ὀξὺ
2504 1297 2597 1349 καὶ
2620 1294 2872 1365 εὔστοχον
2892 1296 2991 1366 τῆς
3018 1296 3155 1366 πρὸς
3186 1295 3282 1365 τὴν
3296 1295 3575 1349 ἀντίθεσιν
3598 1296 3704 1350 ἀπ-

2129 1388 2425 1457 αντήσεως,
2449 1388 2554 1457 ὅτῳ
2577 1385 2759 1458 σχολὴ,
2780 1386 2869 1440 διά
2892 1386 2999 1440 τῶν
3026 1387 3232 1440 ἐκείνου
3258 1386 3477 1457 μαθέτω
3503 1386 3698 1456 λόγων.

2130 1476 2273 1547 Ἐγὼ
2294 1478 2350 1531 δὲ
2369 1476 2461 1531 τὸν
2480 1478 2590 1531 τῶν
2609 1478 2892 1548 ἡμετέρων
2918 1476 3212 1549 ὑποκριτὴν
3241 1478 3532 1549 ἀξιώσαιμ’
3543 1478 3612 1533 ἀν
3632 1478 3704 1533 τὰ

2131 1569 2378 1641 ἡμέτερα
2411 1568 2611 1638 λέγειν,
2635 1568 2669 1637 ἦ
2704 1567 2780 1632 ὡς
2807 1566 3091 1635 ἐγγυτάτω
3120 1569 3382 1638 προάγειν
3407 1568 3503 1621 τοῦ
3538 1568 3701 1637 λόγου

2131 1658 2229 1727 τὴν
2243 1657 2496 1727 μίμησιν,
2513 1657 2547 1728 ἢ
2569 1656 2746 1720 καθὼς
2766 1656 3115 1710 πεπαίδευται
3137 1658 3230 1710 καὶ
3247 1657 3489 1722 δύναται,
3505 1674 3706 1729 κεχρη-

461 1761 585 1800 nem
620 1718 953 1816 producere,
978 1718 1063 1800 vel
1108 1718 1249 1802 sicut
1301 1744 1583 1798 institutus
1615 1754 1698 1799 est
1722 1750 1775 1798 et
1809 1752 2026 1812 potest,

2136 1718 2293 1818 μένον
2310 1718 2400 1820 ’τῷ
2431 1718 2574 1818 λόγῷ
2616 1749 2678 1801 ὲκ
2725 1718 2818 1801 τοῦ
2865 1748 2996 1801 ἰδίου
3045 1747 3336 1819 προσώπου
3378 1718 3486 1802 καὶ.⁷
3522 1718 3705 1821 regis

462 1853 715 1894 sermone
751 1836 952 1892 utendo
993 1852 1060 1892 ex
1090 1851 1190 1893 sua
1237 1851 1491 1906 persona,
1547 1844 1600 1890 et
1633 1849 1741 1889 non
1770 1851 1833 1889 ex
1870 1837 2029 1892 nobis

462 1934 752 1989 disserere.
788 1931 956 1988 Nemo
997 1932 1141 1987 enim
1192 1941 1441 1988 nostrum
1492 1931 1572 1985 sic
1619 1946 1854 2000 unquam
1884 1928 2032 1983 deci-

464 2027 666 2096 piatur,
717 2032 798 2090 ut,
835 2039 958 2079 cum
997 2025 1243 2096 genitum
1277 2039 1401 2078 cum
1432 2023 1674 2093 ingenito
1706 2022 1867 2077 modo
1902 2036 2031 2075 con-

463 2118 632 2173 trario
673 2133 731 2173 se
769 2117 965 2172 habeat
1010 2115 1311 2172 secundum
1372 2114 1759 2185 signiﬁcatum,
1797 2114 2029 2167 alterum

463 2211 635 2264 altero
683 2208 996 2278 inferiorem
1039 2206 1336 2262 existimet.
1389 2204 1563 2260 Omne
1609 2205 1755 2261 enim
1807 2207 2030 2275 opposi-

463 2311 575 2355 tum
625 2314 733 2353 non
770 2301 826 2353 in
867 2297 1234 2353 contentionis
1274 2296 1601 2353 remissione
1646 2297 2027 2364 dill'erentiam,

463 2392 559 2447 sed
590 2392 643 2445 in
667 2391 913 2447 absoluta
933 2391 1231 2445 secundum
1254 2390 1620 2460 signiﬁcatum
1642 2391 2031 2446 contrarietate

464 2483 821 2539 diﬁcrentiam
868 2483 1049 2546 habet,
1100 2492 1159 2536 ut
1198 2482 1438 2537 dormire
1487 2482 1721 2553 aliquem
1771 2480 2028 2545 dicimus,

461 2574 546 2628 vel
582 2589 689 2627 non
735 2572 1002 2640 dormire;
1056 2571 1247 2629 sedere
1272 2574 1355 2626 vel
1386 2587 1496 2627 non
1533 2574 1751 2640 sedere;
1788 2574 2028 2643 genitum

2131 1840 2285 1911 ἡμῶν
2306 1839 2669 1909 διαλέγεσθαι.
2698 1840 2789 1911 Μή
2814 1857 2941 1893 ποτε
2961 1838 3070 1911 γάρ
3087 1840 3229 1894 οὕτω
3254 1840 3561 1912 παραχθείη
3589 1842 3703 1895 τῶν

2130 1930 2414 2000 ἡμετέρων
2442 1930 2650 2001 μηδεὶς,
2671 1928 2811 1982 ὥστε
2830 1928 2921 1982 τοῦ
2944 1930 3199 2001 γεννητοῦ
3235 1931 3369 2002 πρὸς
3389 1932 3450 1984 τὸ
3469 1933 3705 2004 ἀγέννη-

2130 2037 2222 2073 τον
2245 2021 2497 2085 ἐναντίως
2515 2022 2658 2075 κατά
2680 2021 2741 2074 τὸ
2765 2020 3160 2091 σημαινόμενον
3181 2020 3413 2090 ἔχοντος,
3434 2021 3702 2076 ὑπόϐασιν

2131 2111 2225 2164 τοῦ
2260 2112 2446 2182 ἑτέρου
2482 2112 2543 2165 τὸ
2560 2111 2745 2182 ἕτερον
2771 2110 2996 2166 οἴεσθαι.
3028 2112 3143 2166 Πᾶν
3169 2112 3280 2183 γὰρ
3299 2112 3360 2164 τὸ
3388 2113 3704 2183 ἀντικείμε-

2132 2221 2242 2266 νον,
2263 2206 2362 2258 οὐκ
2400 2205 2457 2257 ὲν
2493 2203 2679 2272 ὑφέσει
2700 2204 2798 2274 τὴν
2832 2203 3115 2274 διαφορὰν,
3132 2202 3245 2255 ἀλλ’
3274 2204 3333 2255 ὲν
3358 2203 3704 2275 παντελεῖτῇ

2133 2297 2274 2351 κατά
2318 2297 2378 2349 τὸ
2418 2296 2811 2367 σημαινόμενον
2856 2295 3204 2367 ἀλλοτριώσει
3236 2296 3334 2367 τὴν
3371 2296 3706 2350 ἀντιδιαστο-

2131 2390 2230 2461 λὴν
2257 2390 2387 2460 ἔχει.
2429 2385 2554 2443 Οἶον
2601 2387 2880 2441 καθεύδειν
2922 2388 3044 2442 τινὰ
3074 2387 3306 2457 λέγομεν
3339 2387 3372 2456 ἢ
3404 2387 3479 2459 μὴ
3503 2386 3708 2442 καθεύο

2130 2482 2271 2537 δειν·
2307 2481 2572 2552 καθῆσθαι
2606 2481 2639 2552 ἢ
2681 2479 2756 2552 μὴ
2793 2479 3058 2549 καθῆσθαι
3095 2494 3107 2507 ·
3134 2479 3513 2550 γεγεννῆσθαι,
3552 2479 3588 2550 ἢ
3629 2480 3707 2552 μή

2130 2572 2487 2643 γεγεννῆσθαι
2507 2572 2710 2625 ·.τάλλα
2741 2571 2915 2625 πάντα
2929 2570 3069 2623 κατά
3096 2570 3185 2623 τὸν
3216 2571 3378 2624 αὐτὸν
3414 2570 3605 2637 τύπον,
3627 2565 3707 2625 ὧν

463 2682 585 2722 esse
630 2664 715 2721 vel
759 2680 867 2719 non
904 2666 1147 2735 genitum
1193 2680 1353 2731 esse;
1390 2665 1605 2735 aliaque
1634 2665 1817 2720 omnia
1840 2665 2029 2720 eadem

2136 2668 2163 2737 ἡ
2206 2664 2298 2720 τοῦ
2343 2664 2462 2729 ἑνὸς
2507 2664 2664 2735 ἄρσις
2709 2662 3000 2741 θέσιςίτοῦ
3044 2663 3418 2731 ἀντικειμένου
3471 2663 3701 2730 γίνεται.

467 2760 658 2820 forma,
714 2775 948 2831 quorum
999 2759 1162 2815 unius
1210 2759 1447 2814 sublatio
1492 2760 1727 2829 oppositi
1761 2770 1846 2815 est
1884 2759 2031 2830 posi-

465 2854 562 2908 tio.
612 2852 682 2908 L‘t
722 2852 885 2922 igitur
937 2852 1120 2905 vivere
1156 2866 1261 2905 nou
1302 2858 1387 2905 est
1422 2851 1674 2906 remissio
1720 2854 1840 2920 ejus
1883 2852 2028 2921 quod

464 2946 666 3000 dicitur
719 2959 825 2999 non
866 2944 1069 3009 vivere,
1115 2943 1208 2998 sed
1245 2942 1471 2995 omnino
1513 2943 1871 2997 contrarietas
1905 2961 1918 2996 :
1951 2944 2031 2997 sic

2134 2758 2345 2827 ’Ὠσπερ
2391 2752 2484 2809 οὖν
2516 2755 2578 2808 τὸ
2613 2755 2734 2824 ζῇν,
2779 2754 2900 2823 οὐχὶ
2948 2752 3134 2821 bipedi;
3179 2755 3293 2805 ἐστι
3331 2753 3424 2807 τοῦ
3465 2752 3540 2824 μὴ
3580 2751 3704 2824 ζῇν,

2132 2849 2268 2902 ἀλλά
2312 2846 2589 2911 παντελῶς
2637 2846 2984 2909 ἐναντίωσιςο
3016 2845 3157 2899 οῦτω
3202 2847 3264 2898 τὸ
3305 2847 3660 2916 γεγεννῆσθαι
3683 2888 3702 2911 ,

2131 2941 2229 3011 οὐχ
2263 2939 2451 3009 ὕφεσιν
2477 2938 2571 2991 τοῦ
2621 2938 2697 3009 μὴ
2734 2936 3077 3006 γεννηθέντος
3120 2938 3447 3007 ὲνοήσαμεν,
3480 2936 3594 2990 ἀλλ’
3618 2936 3708 2990 ἀν-

465 3038 702 3106 genitum
747 3050 869 3091 esse
909 3051 1014 3089 non
1056 3034 1434 3090 remissionem
1464 3033 1585 3103 ejus
1629 3034 1772 3104 quod
1804 3049 1911 3089 non
1940 3051 2029 3105 ge-

2136 3033 2331 3088 τίθεσίν
2373 3048 2494 3084 τινα
2537 3031 2629 3084 καὶ
2683 3029 3084 3101 ἀντιδιαστολὴν
3133 3024 3515 3099 ἀμεσῖτευτον,
3540 3027 3705 3090 ὡςτδ

467 3128 643 3182 uitum
699 3134 782 3181 est
834 3119 1343 3187 animadvertimus,
1387 3122 1482 3178 sed
1530 3123 1928 3194 oppOsitionem
1977 3134 2031 3178 et

467 3221 794 3276 contrariam
840 3204 1201 3275 diﬁ'erenliam
1269 3217 1447 3273 medio
1492 3225 1792 3280 carentem,
1846 3217 1920 3271 ita
1975 3224 2035 3271 ut

468 3312 613 3382 quod
668 3312 722 3366 in
773 3313 1039 3367 alterutro
1082 3312 1441 3383 signiﬁcatur,
1495 3311 1646 3365 nullo
1697 3310 1857 3365 modo
1909 3326 2032 3365 cum

469 3402 643 3457 altero
671 3403 1059 3456 commercium
1091 3402 1312 3465 haheat,
1343 3416 1521 3471 neque
1548 3401 1600 3455 in
1631 3417 1827 3470 pauco,
1859 3417 2035 3472 neque

470 3492 527 3548 in
557 3492 783 3562 majore.
812 3491 914 3558 Qui
947 3492 1111 3562 igitur
1143 3494 1360 3558 asserit,
1394 3492 1446 3546 id
1479 3493 1623 3562 quod
1661 3509 1724 3547 ex
1763 3493 2036 3547 contrario

473 3583 816 3654 intelligitur,
855 3583 1084 3639 inferius
1112 3597 1236 3638 esse
1274 3597 1339 3638 eo
1380 3583 1523 3653 quod
1572 3582 1672 3654 ipsi
1702 3591 1787 3639 est
1819 3585 2037 3654 opposi-

473 3682 610 3738 tum,
668 3688 733 3728 ex
777 3688 874 3729 Sua
929 3688 1161 3743 persona
1218 3673 1361 3727 hunc
1407 3689 1711 3730 sermonem
1777 3677 2036 3745 proferat.

474 3765 669 3821 Nostra
712 3765 857 3820 enim
902 3765 1145 3836 vulgaris
1186 3765 1440 3836 loquendi
1473 3765 1665 3831 forma,
1706 3782 1769 3821 ea
1794 3783 1914 3837 quae
1941 3784 2039 3836 op-

472 3857 665 3928 positis
688 3857 1039 3925 couvcniunt,
1074 3858 1357 3928 aequaliter
1386 3858 1517 3912 dicit
1550 3859 1691 3913 inter
1724 3874 1782 3915 se
1808 3860 2035 3925 distare,

474 3967 537 4006 ac
560 3950 874 4021 primigenia
908 3950 1025 4020 ipsa
1059 3951 1197 4005 inter
1224 3966 1282 4005 se
1302 3949 1579 4004 diﬁ‘erunt.
1604 3950 1785 4017 Quare
1804 3952 1850 4007 si
1875 3952 2037 4006 etiam

475 4044 528 4097 in
579 4044 698 4098 luce
758 4042 1003 4098 eamdem
1054 4040 1416 4098 diﬂerentiam
1476 4057 1638 4111 quam
1677 4057 1798 4112 quae
1846 4050 1931 4097 est
1985 4043 2039 4098 in

473 4135 656 4203 genito
703 4133 768 4189 ad
822 4133 1122 4203 ingenitum
1168 4133 1389 4204 inspicit
1420 4131 1741 4197 Eunomius,
1789 4120 2038 4188 nostru'm

472 4234 711 4296 repetam
759 4241 1086 4281 sermonem.
1148 4224 1304 4292 Quod
1353 4225 1497 4281 sicut
1552 4225 1662 4280 illic
1706 4225 1873 4280 altera
1908 4240 2041 4280 con-

471 4317 818 4372 tradictionis
875 4332 1001 4387 pars
1034 4316 1564 4373 incommunicabilis
1615 4331 1739 4372 cum
1789 4318 2041 4388 opposito

2135 3127 2194 3179 ὲν
2241 3122 2486 3193 ἑκατέρῳ
2522 3123 2917 3193 σημαινόμενον
2971 3120 3157 3191 μηδενί⁵
3201 3121 3388 3190 τρόπῳ
3430 3120 3706 3172 κοινωνεῖν

2134 3214 2270 3284 πρὸς
2292 3213 2351 3265 τὸ
2384 3213 2588 3283 ἕτερον,
2640 3216 2778 3283 μήτε
2807 3213 2863 3263 ὲν
2904 3210 3089 3280 ὀλίγῳ,
3118 3211 3254 3280 μήτε
3283 3210 3343 3261 ὲν
3375 3208 3598 3263 πλείονι.
3645 3209 3706 3261 ’0

2133 3307 2313 3360 τοίνυν
2345 3307 2408 3360 τὸ
2447 3304 2507 3371 ἐξ
2525 3305 2770 3357 ἐναντίου
2816 3303 3099 3373 νοούμενον
3143 3302 3450 3355 ὑποϐαίνειν
3486 3300 3620 3371 πρὸς
3645 3300 3708 3354 τὸ

2134 3398 2509 3468 ἀντικείμενον
2560 3397 2765 3465 λέγων,
2796 3398 2860 3448 ὲκ
2903 3394 2995 3448 τοῦ
3044 3391 3171 3447 ίδίου
3215 3392 3500 3464 προαγέτω
3536 3405 3707 3461 προσ-

2134 3490 2285 3543 ώπου
2316 3490 2402 3543 τὸν
2431 3488 2605 3557 λόγον.
2630 3489 2690 3542 'U
2720 3487 2828 3558 γὰρ
2855 3486 3119 3557 ἡμέτερος
3149 3483 3475 3553 ίδιωτισμὸς,
3504 3481 3573 3534 τά
3597 3482 3708 3544 τοῖς

2136 3583 2531 3653 ἀντικειμένοις
2574 3579 2955 3648 ἀναλογοῦντα,
2994 3576 3135 3632 κατά
3174 3576 3231 3629 τὸ
3258 3572 3373 3629 ἴσον
3408 3577 3518 3635 τοῖς
3559 3589 3710 3643 πρω-

2136 3673 2409 3737 τοτύποις,
2439 3672 2532 3726 καὶ
2570 3671 2704 3741 πρὸς
2732 3669 2896 3723 ἑαυτὰ
2934 3668 3079 3737 λέγει
3114 3664 3434 3720 διίστασθαι.
3468 3664 3628 3716 Ὥστε
3658 3665 3712 3716 εἰ

2139 3768 2234 3822 καὶ
2260 3766 2337 3838 τῷ
2368 3766 2507 3835 φωτὶ
2525 3765 2622 3836 τὴν
2660 3765 2830 3833 αὐτὴν
2870 3759 3225 3833 παραλλαγὴν
3258 3760 3325 3830 ἢν
3353 3758 3432 3828 τῷ
3467 3755 3712 3827 γεννητῷ

2141 3858 2278 3929 πρὸς
2305 3858 2367 3912 τὸ
2396 3858 2687 3926 ἀγέννητον
2732 3856 2891 3927 ἐνορᾷ
2919 3856 2950 3908 ὁ
2987 3853 3268 3923 Εὑνόμιος,
3300 3850 3391 3905 τὸν
3444 3849 3715 3920 ἡμέτερον

2140 3949 2552 4021 ἐπαναλήψομαι
2576 3949 2730 4018 λόγον
2753 3964 2764 3977 ³
2793 3949 2874 4001 ὅτι
2901 3946 2975 4009 ὡς
3003 3946 3119 3999 ἐκεῖ
3150 3945 3335 4015 ἕτερον
3354 3943 3455 4013 τῆς
3484 3940 3717 4008 ἀντιφά-

2143 4059 2281 4107 σεως
2319 4042 2481 4114 μέρος
2508 4040 2868 4110 ἀκοινώνητον
2891 4038 3026 4110 πρὸς
3048 4038 3109 4090 τὸ
3135 4035 3509 4105 ἀντικείμενον
3539 4031 3713 4103 μένειο

2141 4135 2312 4199 οὕτως
2333 4136 2487 4205 είπερ
2516 4134 2594 4202 τῷ
2621 4134 2699 4186 ἐνὶ
2724 4132 2877 4204 μέρει
2904 4130 3010 4184 τῶν
3031 4129 3319 4183 ἀντιθέτων
3346 4126 3405 4179 τὸ
3434 4124 3554 4194 φῶς
3588 4140 3721 4177 συν⁹

2142 4227 2462 4299 αρμοσθείη,
2484 4226 2547 4279 τὸ
2575 4226 2892 4296 λειπόμενον
2922 4220 3151 4291 ουζυγὲς
3176 4220 3252 4291 τῷ
3283 4219 3461 4289 σκότῳ
3493 4215 3722 4278 πάντως

2145 4317 2589 4389 ἀναδειχθήσεται
2611 4357 2626 4382 ,
2654 4316 2755 4385 τῆς
2795 4314 3136 4384 ἀντιθετικῆς
3169 4311 3415 4381 ἀνάγκης
3433 4306 3724 4374 ἀναλόγως

472 4415 687 4474 manet;
734 4406 874 4461 haud
926 4407 1104 4471 aliter,
1146 4406 1416 4476 siquidem
1448 4407 1539 4461 uni
1591 4406 1730 4477 parti
1759 4409 2033 4477 opposito-

2144 4418 2256 4478 τοῖς
2283 4411 2581 4483 προάγουσι
2611 4409 2703 4462 καὶ
2729 4408 2819 4461 τὸν
2857 4406 2950 4460 τοῦ
2979 4407 3153 4476 φωτὸς
3181 4404 3337 4472 λόγον
3359 4402 3495 4473 πρὸς
3532 4399 3596 4452 ἰδ
3625 4399 3725 4452 ἀν·

472 4513 592 4553 rum
622 4498 716 4551 lux
759 4505 1043 4569 congruat,
1077 4496 1345 4567 reliquum
1394 4497 1746 4569 conjugatum
1799 4497 2043 4554 tenebris

474 4590 660 4660 procul
682 4588 848 4644 dubio
871 4588 1355 4652 demonstrabitur,
1376 4588 1679 4658 oppositiva
1699 4588 2039 4654 necessitate,

475 4683 828 4754 proportione
871 4681 1056 4737 habita
1115 4695 1240 4735 cum
1290 4680 1763 4750 praecedentibus,
1799 4688 1853 4736 et
1901 4682 2043 4736 lucis

473 4775 740 4829 rationem
790 4772 857 4826 ad
905 4771 1212 4842 oppositum
1254 4767 1565 4839 discrepare
1623 4771 1873 4825 faciente.
1918 4767 2041 4827 Haec

474 4883 576 4922 nos
606 4866 697 4936 qui
753 4864 960 4934 absque
998 4861 1184 4918 subtili
1217 4862 1524 4919 disserendi
1560 4862 1770 4918 ratione
1800 4863 2044 4922 scribere

475 4957 844 5031 aggredimur,
874 4957 1018 5011 sicut
1041 4956 1114 5009 ait
1145 4955 1235 5011 ille
1257 4955 1348 5025 qui
1374 4970 1473 5010 nos
1495 4955 1786 5010 calumniis
1810 4956 2039 5027 impetit,

475 5052 542 5105 ad
611 5064 808 5105 novum
860 5046 1231 5101 Paaaniensem
1288 5061 1383 5115 per
1446 5044 1751 5116 indigenam
1805 5046 2042 5116 linguam

479 5139 790 5195 subrustice
843 5136 1138 5206 loquimur.
1196 5133 1482 5201 Quomodo
1543 5124 1724 5190 autem
1782 5137 2045 5193 adversus

477 5231 873 5302 oppositionem
925 5229 1064 5283 hanc
1099 5226 1417 5290 decertavit,
1457 5227 1549 5296 qui
1595 5228 1803 5284 calidos
1840 5229 1963 5285 illos
1990 5239 2045 5286 et

478 5324 657 5392 ignem
693 5324 966 5392 spirantes
1013 5333 1293 5375 sermones
1332 5333 1433 5387 pro
1476 5333 1575 5373 sua
1623 5317 2039 5376 Dcmosthenica

477 5412 819 5468 vehementia
852 5417 1042 5468 contra
1072 5425 1171 5466 uos
1195 5409 1460 5480 projecit?
1483 5410 1913 5483 Quibuscunque
1944 5428 2042 5467 au-

480 5512 588 5557 tem
653 5505 849 5573 volupe
894 5511 979 5559 est
1024 5502 1221 5567 ridere,
1272 5501 1324 5556 in
1374 5501 1492 5573 ipsa
1543 5504 1779 5559 oratoris
1838 5508 2038 5577 scripta

2146 4506 2452 4578 τικείμενον
2481 4499 2911 4569 διαστελλοῦσης.
2955 4497 3138 4551 Ταῦτα
3165 4499 3326 4568 ἡμεῖς
3344 4536 3359 4559 ,
3386 4494 3435 4547 oi
3481 4493 3607 4562 δίχα
3631 4490 3728 4543 λο-

2148 4594 2311 4665 γικῆς
2352 4593 2654 4664 ἑντρεχείας
2704 4589 3101 4660 ἐπιχειροῦντες
3134 4588 3213 4657 τῷ
3242 4587 3505 4658 γράφειν,
3531 4582 3724 4646 καθώς

2150 4703 2313 4757 φησιν
2339 4684 2681 4740 όδιαϐἀλλων
2720 4684 2884 4753 ἡμᾶς,
2910 4681 3043 4751 πρὸς
3065 4680 3154 4733 τὸν
3186 4680 3303 4733 νέον
3332 4675 3597 4731 Παιανιέα
3631 4674 3726 4727 διὰ

2148 4777 2246 4847 τῆς
2282 4778 2569 4847 ἐπιχωρίου
2590 4774 2833 4845 γλώττης
2864 4771 3341 4843 ὑπαγροικίζομεν.
3358 4767 3479 4831 Πῶς
3498 4765 3554 4819 δὲ
3583 4766 3726 4837 πρὸς

2148 4871 2248 4941 τὴν
2303 4869 2574 4923 ἀντίθεσιν
2624 4867 2824 4939 ταύτην
2875 4864 3257 4937 διηγωνίσατο,
3296 4861 3422 4924 τοὺς
3480 4859 3727 4930 θερμοὺς

2150 4963 2391 5026 ἐκείνους
2422 4961 2516 5015 καὶ
2549 4959 2657 5032 πῦρ
2689 4960 2948 5020 πνέοντας
2988 4958 3177 5027 λόγους
3222 4954 3358 5009 κατά
3401 4951 3500 5023 τὴν
3532 4954 3725 5022 Δημο-

2148 5054 2397 5123 σθενικὴν
2423 5053 2665 5107 εὐτονίαν
2703 5052 2822 5106 καθ’
2849 5052 3007 5122 ἡμῶν
3042 5046 3509 5120 προϐαλλόμενοςς
3535 5045 3728 5105 Ὄσοις

2146 5146 2267 5200 καθ’
2316 5146 2506 5218 ἡδονήν
2562 5148 2675 5198 ἐστι
2723 5145 2783 5197 τὸ
2833 5144 3019 5214 γελᾷν,
3064 5143 3245 5204 αὐτοῖς
3300 5135 3728 5208 ὲπερχέσθωσαν

2149 5243 2260 5305 τοῖς
2312 5238 2715 5311 γεγραμμένοις
2755 5236 2832 5307 τῷ
2886 5238 3090 5307 ῥήτορι.
3136 5233 3213 5287 Τὸ
3256 5231 3366 5302 γάρ
3418 5229 3726 5301 ἡμέτερον.

2151 5333 2287 5403 πρὸς
2337 5332 2434 5402 μὲν
2482 5330 2698 5400 ἔλεγχον
2742 5328 2850 5381 τῶν
2894 5329 2991 5399 τῆς
3028 5323 3276 5387 ἀσεϐείας
3317 5322 3625 5394 δογμάτων,
3662 5320 3729 5373 οὐ

2148 5424 2267 5477 λίαν
2310 5422 2628 5492 δυσκίνητον
2659 5436 2671 5448 ’
2724 5419 2858 5491 πρὸς
2895 5419 2951 5472 δὲ
2999 5417 3060 5470 τὸ
3113 5414 3399 5487 κωμῳδεῖν
3440 5414 3540 5484 τὴν
3576 5412 3732 5482 ἀμα-

2149 5515 2268 5570 θίαν
2301 5514 2410 5568 τῶν
2449 5513 2816 5575 ἀπαιδεύτων,
2848 5509 3121 5573 παντελῶς
3152 5510 3299 5562 ἐστιν
3328 5502 3728 5574 ἀνεπιτήδειον.

483 5595 716 5648 irruant.
768 5593 920 5659 Quod
984 5594 1127 5649 enim
1183 5602 1428 5648 nostrum
1483 5600 1589 5659 est,
1641 5595 1707 5650 ad
1788 5596 2031 5659 imnictat

2159 5608 2376 5680 quidem
2433 5606 2775 5673 decretogum
2833 5603 3212 5659 refutationem
3269 5614 3377 5655 non
3430 5599 3587 5654 valde
3636 5606 3732 5655 est

482 5689 685 5742 lentum
714 5693 767 5740 et
793 5702 990 5755 segne;
1014 5687 1084 5740 ad
1120 5686 1399 5741 rideudam
1425 5703 1551 5743 vero
1576 5697 1627 5742 et
1654 5693 2028 5770 mordendam,
2059 5713 2317 5777 tan-luam
2370 5704 2425 5758 iu
2459 5703 2751 5765 commlia,
2822 5698 3167 5754 indoctorum
3210 5697 3482 5753 inscitiam
3503 5737 3519 5764 ,
3558 5702 3732 5767 plane

482 5787 565 5836 est
610 5780 868 5848 ineptum,
902 5790 1003 5831 nec
1051 5777 1160 5831 ullo
1194 5778 1355 5832 modo
1393 5778 1667 5834 idoneum.
