4002 6218
245 273 351 331 909

1197 433 1448 450 ~—-—

1161 587 1340 641 ῐΙΡΟΣ
1372 589 1507 642 TON

1285 279 1577 346 conm
1623 279 2007 352 EUNOMIUM,
2055 282 2185 339 LIB.
2232 285 2342 341 xu.

3399 285 3503 351 9ὶο

1459 438 3475 470 .__.__________.______________________

1567 590 1924 645 ΕΥΝΟΜΙΟΥ
1965 590 2325 645 ΔΕΥΤΕΡΟΝ
2369 595 2587 648 ΛΟΓΟΝ

1589 764 1952 850 ΛΟΓΟΣ.
1989 761 2179 849 νΙΒἋ

1096 1095 1372 1156 CONTRA
1464 1099 1749 1158 EUNOMII
1825 1099 2194 1159 SECUNDAM
2255 1098 2655 1159 ORATIONEM

869 1265 1193 1361 LIBRI
1254 1273 1925 1369 DUODECIMI
2025 1280 2312 1369 PARS
2385 1279 2882 1404 ALTERA,

773 1457 862 1517 IN
951 1460 1389 1532 QUIBUSDAH
1471 1467 1879 1527 CODICIBUS
1950 1468 2175 1525 LIBER
2254 1472 2587 1529 DECIMUS
2676 1472 3008 1528 TERTIUS.

328 1765 410 1823 Τὰ
464 1767 562 1840 μὲν
605 1769 670 1841 δὴ
720 1770 911 1843 πρῶτα
959 1771 1070 1827 τῶν
1113 1772 1248 1846 πρὸς
1295 1774 1556 1846 Εὐνόμιον
1591 1776 1837 1846 ἀγώνων,

2013 1780 2132 1835 Jam
2166 1782 2382 1852 quidem
2419 1782 2602 1837 divino
2644 1781 2857 1838 favente
2890 1784 3092 1838 auxilio
3138 1785 3513 1854 superioribus

255 1858 459 1926 ἱκανῶς
498 1863 598 1933 ήδη
647 1862 787 1918 κατά
833 1863 984 1917 Θείαν
1028 1865 1344 1936 συμμαχίαν
1369 1868 1426 1919 ὲν
1453 1869 1564 1930 τοῖς
1595 1866 1835 1934 φθάσασι

253 1957 539 2026 διήνυσται
575 1955 757 2020 πόνοις
775 1971 790 1986 °
818 1955 1109 2029 καθώσπερ
1137 1956 1257 2012 ἔστι
1284 1961 1396 2022 τοῖς
1428 1959 1764 2030 βουλομένοις
1783 1960 1843 2026 ἐξ

254 2048 442 2102 αὐτῶν
489 2050 620 2119 ἡμῖν
664 2048 772 2103 τῶν
816 2049 1206 2120 πεπονημένων
1255 2051 1473 2121 μαθεῖν,
1496 2051 1644 2114 ὅπως
1679 2054 1735 2104 ὲν
1765 2051 1843 2122 τῷ

195 2145 202 2150 ’
254 2141 513 2210 προτέρῳ
546 2139 654 2193 τῶν
679 2140 872 2208 λόγων,
909 2142 942 2212 ὴ
975 2140 1159 2211 ἀπάτη
1203 2142 1344 2195 κατὰ
1377 2142 1577 2214 κράτος
1620 2141 1840 2212 έλήλεγ-

255 2249 409 2295 κται,
456 2233 550 2285 καὶ
575 2232 826 2303 οὐδεμίαν
862 2232 1016 2303 ίσχύν
1041 2232 1120 2286 ἔτι
1166 2233 1310 2287 κατά
1341 2233 1441 2304 τῆς
1485 2233 1740 2305 ἀληθείας
1784 2235 1842 2288 ὲν

253 2326 376 2386 τοῖς
407 2323 790 2394 ὲξητασμένοις
832 2324 894 2379 τὸ
935 2324 1128 2394 ψεῦδος
1171 2325 1282 2396 ἔχει
1309 2365 1323 2389 ,
1353 2328 1466 2388 τοῖς
1503 2342 1568 2394 γε
1604 2325 1678 2397 μὴ
1722 2325 1844 2380 λίαν

255 2413 519 2484 ἱκθύμως
563 2416 974 2486 ἀναισχυντοῦσι
1003 2416 1140 2489 πρὸς
1180 2418 1278 2487 τὴν
1307 2417 1582 2488 ἀλήθειαν.
1621 2416 1837 2491 Ἐπειδὴ

253 2506 318 2557 ὀὶ
345 2506 436 2558 καὶ
456 2505 706 2578 δεύτερος
733 2507 879 2578 αὐτῷ
910 2507 1052 2563 κατὰ
1072 2508 1169 2578 τῆς
1191 2507 1469 2572 εὐσεϐείας
1501 2503 1610 2561 οἷόν
1631 2523 1712 2572 τις
1741 2509 1839 2581 λῃ-

261 2595 487 2668 στρικὸς
517 2600 947 2670 συγκεκρότηται
981 2599 1136 2668 λόγος
1158 2616 1172 2630 ·
1214 2600 1374 2653 πάλιν
1407 2599 1498 2653 τοῦ
1539 2599 1672 2653 Θεοῦ
1699 2617 1842 2668 συμ-

257 2684 568 2756 μαχοῦντος
617 2687 684 2740 δι’
715 2689 871 2759 ἡμῶν
923 2690 956 2760 ἡ
1011 2687 1235 2760 ἀλήθεια
1283 2692 1348 2761 τῇ
1395 2688 1696 2761 παρατάξει
1733 2689 1843 2744 τῶν

257 2778 476 2850 ἐχθρῶν
502 2779 880 2844 ἀνθοπλίζεται
901 2822 917 2845 ,
962 2779 1210 2852 καθάπερ
1241 2799 1324 2845 τις
1374 2781 1674 2852 στρατηγὸς
1711 2798 1843 2854 προ-

257 2869 653 2942 καθηγουμένη
703 2871 810 2925 τῶν
865 2872 1149 2944 ἡμετέρων
1203 2873 1374 2942 λόγων
1405 2915 1421 2937 ,
1447 2874 1539 2927 καὶ
1593 2873 1730 2944 πρὸς
1781 2872 1841 2926 τὺ

257 2961 461 3015 δοκοῦν
497 2963 661 3034 ἑαυτῇ
688 2964 828 3017 κατὰ
845 2964 952 3018 τῶν
977 2963 1248 3034 πολεμίων
1285 2963 1616 3018 εὐθύνουσα’
1721 2964 1841 3017 κατ’

257 3054 418 3123 τινος
447 3055 726 3125 ἑπόμενοι,
759 3053 1100 3127 θαρρούντως
1130 3058 1243 3120 τοῖς
1275 3055 1546 3126 δευτέροις
1570 3055 1677 3109 τῶν
1700 3055 1845 3124 ἀγώ-

1947 1871 2222 1925 laboribus
2251 1872 2424 1940 prima
2449 1880 2642 1924 contra
2685 1871 3014 1926 Eunomium
3053 1875 3351 1928 certamina
3384 1889 3516 1930 con-

1945 1961 2085 2016 fecta
2122 1968 2269 2028 sunt,
2305 1961 2446 2015 sicut
2482 1961 2567 2016 his
2601 1962 2693 2031 qui
2735 1962 3008 2016 voluerint
3040 1979 3106 2018 ex
3138 1964 3223 2021 his
3257 1964 3513 2034 operibus

1943 2065 2066 2120 qua:
2109 2050 2507 2107 elaboravimus
2565 2051 2687 2106 licet
2752 2052 3062 2121 perdiscere
3120 2054 3393 2124 quomodo
3456 2053 3514 2108 in

1943 2141 2125 2210 priore
2163 2155 2474 2196 sermonum
2527 2152 2679 2212 parte
2726 2158 2881 2198 error
2938 2152 3189 2214 potenter
3239 2145 3512 2200 refutatu:

1943 2239 2044 2299 est,
2098 2248 2274 2303 neque
2318 2233 2488 2288 ullum
2548 2235 2784 2303 amplius
2825 2235 2992 2290 robur
3049 2235 3318 2292 adversus
3368 2240 3517 2293 veri-

1942 2325 2160 2380 rilatem
2197 2325 2249 2378 iu
2292 2325 2380 2383 his
2414 2341 2534 2395 qua:
2588 2336 2716 2382 sunt
2761 2327 3070 2382 examinata
3102 2335 3158 2383 et
3199 2329 3514 2399 disquisita,

1944 2415 2106 2470 habet
2157 2415 2525 2481 mendacium,
2574 2416 2715 2487 apud
2767 2433 2864 2472 eos
2910 2419 3001 2487 qui
3048 2434 3158 2472 non
3216 2418 3374 2472 valde
3401 2420 3518 2473 ani-

1943 2522 2095 2562 mose
2136 2516 2328 2562 contra
2357 2510 2639 2563 veritatem
2681 2516 2810 2562 sunt
2837 2509 3206 2578 impudentes.
3244 2511 3514 2576 Quoniam

1947 2614 2076 2654 vero
2112 2599 2388 2654 secundus
2432 2599 2582 2653 labor
2614 2599 2683 2654 ab
2724 2614 2790 2654 eo
2832 2608 3022 2654 contra
3063 2601 3314 2670 pietatem
3350 2603 3515 2656 veluti

1943 2690 2324 2762 praedatorium
2360 2691 2630 2760 quoddam
2687 2705 2882 2762 agmen
2939 2691 3204 2746 collectus
3243 2701 3361 2759 est;
3399 2706 3519 2746 rur-

1943 2798 2061 2843 sus.
2098 2781 2207 2837 Deo
2247 2782 2566 2852 opitulante,
2608 2797 2704 2852 per
2732 2797 2830 2837 nos
2870 2782 3140 2838 instructa
3175 2785 3293 2838 acie
3325 2793 3516 2838 contra

1945 2874 2128 2930 hostes
2157 2881 2399 2928 armatur
2422 2874 2644 2939 veritas,
2668 2889 2732 2927 ac
2760 2889 2858 2928 ceu
2889 2873 3137 2944 quaedam
3163 2873 3272 2928 dux
3301 2885 3518 2930 nostro-

1945 2981 2064 3018 rum
2108 2980 2422 3020 sermonum
2463 2964 2854 3034 propugnatrix
2885 2965 3061 3034 prasit,
3097 2971 3280 3034 atque,
3317 2973 3376 3017 ut
3411 2963 3517 3019 sibi

1945 3054 2180 3119 videtur,
2240 3062 2430 3108 contra
2478 3055 2664 3109 hostes
2697 3054 2904 3124 dirigit,
2938 3070 3100 3124 quam
3146 3071 3245 3110 nos
3289 3071 3320 3111 e
3351 3056 3520 3110 vesti-

257 3163 377 3199 νων
428 3146 862 3216 ὲπιτολμήσομεν
885 3183 900 3209 ,
933 3146 1082 3201 οὐδὲν
1127 3148 1566 3216 καταπλαγέντες
1608 3147 1706 3217 τὴν
1749 3147 1842 3200 τοῦ

1951 3146 2036 3216 gio
2080 3152 2376 3216 sequentes
2422 3145 2759 3200 conﬁdenter
2815 3145 3073 3201 secundis
3123 3145 3520 3201 certaminibus

255 3235 498 3307 ψεύδους
539 3235 839 3306 παράταξιν
861 3277 877 3301 ,
907 3235 1012 3290 κᾶν
1048 3239 1104 3289 ὲν
1137 3237 1328 3308 πλήθει
1374 3237 1736 3309 προφαίνηται
1763 3236 1847 3290 λό-

258 3341 402 3393 γων.
433 3325 624 3387 Πιστὸς
656 3325 766 3396 γὰρ
803 3327 831 3379 ὁ
856 3326 1320 3396 ἐπαγγειλάμενος
1362 3325 1564 3396 χιλίους
1602 3327 1690 3395 ὐφ’
1725 3326 1846 3390 ἐνὸς

257 3414 686 3486 διωχθήσεσθαι,
715 3415 808 3470 καὶ
844 3416 1107 3488 μυριάδας
1140 3415 1246 3470 ὐπὸ
1279 3416 1370 3470 δύο
1414 3416 1846 3488 μετακινηθήσε-

266 3505 426 3559 σθαι·
457 3507 534 3568 ὼς
567 3505 664 3574 τῆς
691 3503 989 3569 εὐσεϐείας,
1023 3507 1082 3559 οὐ
1105 3506 1202 3576 τῆς
1235 3506 1582 3578 πολυχειρίας
1617 3505 1846 3576 ἐχούσης

261 3596 335 3651 τὺ
365 3594 508 3649 κατὰ
542 3595 772 3666 πόλεμον
802 3595 1018 3666 κράτος.
1051 3596 1264 3666 Ὥσπερ
1300 3597 1329 3648 ὸ
1367 3597 1707 3667 πολύσαρκος
1759 3597 1851 3650 Γο-

263 3685 420 3749 λιάθ,
443 3687 540 3758 τὴν
570 3688 790 3759 βαρεῖαν
821 3685 1035 3762 ἐξείνην
1064 3689 1172 3750 τοῖς
1211 3687 1565 3759 Ἰσραηλίταις
1595 3690 1849 3743 ἐπισείων

264 3777 501 3850 αἰχμὴν,
527 3778 778 3848 οὐδεμίαν
811 3777 1054 3850 ἐπήγαγε
1086 3778 1286 3832 δειλίαν
1319 3776 1472 3848 ἀνδρὶ
1497 3779 1713 3851 ποιμένι
1755 3780 1850 3834 καὶ

267 3867 596 3938 ἀμελετήτῳ
631 3867 726 3939 τῆς
766 3867 1064 3937 πολεμικῆς
1119 3852 1442 3939 εὐστροφίας
1479 3886 1492 3900 ·
1519 3860 1563 3935 ᾧ
1606 3870 1852 3940 συμπλα-

268 3959 394 4023 κεὶς
428 3960 569 4012 κατά
581 3962 680 4029 τὴν
705 3960 884 4031 μάχην
917 3958 1184 4028 ἀκέφαλος
1201 3961 1428 4029 γίνεται,
1453 3959 1590 4032 πρὸς
1618 3961 1850 4014 τούνανο

269 4051 388 4105 ⁴τίον
426 4051 574 4121 αὐτῷ
605 4052 703 4120 τῆς
749 4051 960 4114 ὲλπίδος
1006 4049 1492 4123 περιστραφείσης.
1544 4049 1649 4105 Τὸν
1693 4051 1852 4106 αὐτὸν

268 4145 478 4218 τρόπον
506 4144 598 4198 καὶ
623 4145 651 4196 ὁ
671 4139 790 4197 καθ’
821 4144 967 4214 ἡμᾶς
987 4143 1177 4197 Γολιάθ
1203 4143 1232 4196 ό
1259 4143 1358 4213 τῆς
1391 4142 1690 4212 ἀλλοφύλου
1719 4142 1853 4196 καθ-

270 4236 576 4310 ηγούμενος
621 4233 871 4304 γνώσεως
897 4273 912 4298 ,
949 4235 1238 4306 πρόκωπόν
1265 4251 1324 4287 τε
1375 4233 1467 4288 καὶ
1494 4233 1704 4305 γυμνὴν
1741 4227 1854 4290 οἷόν

269 4347 399 4383 τινα
421 4324 695 4399 ῥομφαίαν
723 4325 820 4397 τὴν
843 4325 1191 4396 βλασφημίαν
1232 4327 1344 4389 τοῖς
1381 4325 1854 4396 ἀντιτεταγμένοις

1943 3238 2289 3300 audebimus,
2337 3235 2473 3290 nihil
2519 3234 2945 3290 reformidantes
2987 3235 3313 3290 instructam
3365 3250 3521 3288 men.

1944 3327 2086 3384 dacii
2105 3327 2298 3388 aciem,
2323 3326 2538 3382 etiamsi
2563 3326 2914 3380 multitudine
2941 3341 3256 3380 sermonum
3277 3335 3524 3379 nostram

1945 3434 2211 3491 superare
2247 3417 2517 3473 videatur.
2555 3416 2760 3472 Fidelis
2789 3418 2936 3472 enim
2965 3418 3056 3488 qui
3097 3417 3346 3487 promisit
3376 3415 3523 3471 mille

1946 3513 2016 3567 ab
2058 3526 2168 3566 uno
2221 3509 2654 3580 persequendos,
2695 3517 2750 3565 et
2789 3510 2977 3564 decem
3023 3507 3192 3563 millia
3236 3521 3267 3560 a
3309 3505 3522 3561 duobus

1947 3603 2310 3675 proﬂigandos
2352 3619 2476 3658 esse
2517 3603 2557 3669 ι,
2621 3603 2750 3672 quia
2791 3602 2966 3671 pietas
3014 3615 3125 3655 non
3157 3614 3187 3652 a
3235 3612 3522 3654 numerosa

1948 3710 2112 3749 manu
2163 3693 2330 3747 robur
2379 3692 2446 3746 ad
2482 3692 2682 3746 bellum
2738 3692 3001 3746 obtineat.
3058 3689 3522 3756 Quemadmodum

1950 3786 2043 3840 ille
2075 3783 2434 3852 corpulentus
2470 3779 2682 3836 Goliath
2722 3794 2942 3850 gravem
2988 3779 3136 3833 illam
3165 3778 3222 3832 in
3251 3775 3525 3831 lsraelitas

1950 3874 2234 3946 cuspidem
2257 3873 2578 3936 obvibrans,
2608 3871 2819 3926 nullum
2853 3871 3086 3926 incussit
3114 3877 3377 3924 terrorem
3405 3868 3526 3922 viro

1953 3967 2178 4036 pastori,
2228 3963 2437 4019 bellica:
2483 3959 2844 4016 volubilitatis
2877 3957 3004 4013 rudi
3055 3967 3219 4028 atque
3250 3958 3523 4027 imperito,

1951 4072 1983 4112 a
2029 4073 2138 4128 quo
2191 4063 2486 4112 consertus
2535 4054 2592 4108 in
2621 4065 2800 4122 pugna
2837 4051 3018 4120 capite
3040 4049 3397 4105 obtruncatus
3417 4056 3524 4110 est,

1952 4149 2011 4204 in
2045 4148 2382 4204 contrarium
2414 4145 2464 4199 ei
2491 4158 2586 4214 spe
2618 4156 2884 4197 conversa
2918 4159 2932 4195 :
2970 4139 3160 4206 eodem
3189 4149 3336 4194 certe
3367 4139 3526 4194 modo

1955 4241 2044 4296 hic
2088 4247 2277 4296 noster
2323 4236 2560 4300 Goliath,
2603 4234 2720 4304 qui,
2767 4232 2960 4288 aliena:
2993 4239 3048 4287 et
3099 4232 3393 4302 peregrinae
3435 4246 3527 4286 co-

1951 4330 2210 4404 gnitionis
2247 4329 2356 4384 dux
2400 4335 2454 4382 et
2503 4333 2716 4390 auctor,
2771 4324 3026 4394 capulum
3069 4322 3378 4380 districtum
3427 4340 3528 4376 nu-

273 4422 608 4492 προτείνων,
643 4421 737 4474 κα)⁸
769 4415 994 4474 στίλϐων
1013 4462 1027 4484 ,
1057 4419 1172 4490 ἀμα
1197 4422 1324 4482 τοῖς
1354 4418 1664 4490 νεοθήκτοις
1701 4412 1854 4486 σοφί-

1957 4422 2198 4491 dumque
2225 4421 2373 4474 velut
2399 4433 2586 4473 ensem
2620 4425 2808 4472 tenens
2837 4414 3160 4486 sacrilegum
3195 4413 3529 4484 impiumque

277 4527 512 4582 σμασιν,
561 4511 660 4565 οὐκ
715 4509 886 4581 ὲφάνη
931 4510 1156 4580 φοϐερὸς
1209 4510 1301 4562 καὶ
1359 4508 1687 4580 δυσάντητος
1742 4508 1854 4572 τοῖς

278 4600 521 4666 ἰδιώταις
541 4604 692 4675 ἡμῖν,
729 4602 804 4668 ὠς
833 4605 951 4658 κατ’
976 4599 1220 4668 ἐξουσίαν
1256 4599 1400 4672 ἔχειν
1435 4600 1596 4655 αὐτὸν
1629 4602 1693 4670 τῇ
1727 4599 1857 4669 ἐρη-

279 4695 384 4767 μία
425 4694 536 4748 τῶν
592 4692 1004 4749 ἀντιῦαινόντων
1057 4691 1487 4764 ὲπικομπάζεινο
1529 4689 1643 4744 ἀλλ’
1697 4683 1854 4761 εὗρεν

277 4787 432 4857 ἡμᾶς
459 4788 525 4838 ὲκ
546 4787 644 4855 τῆς
670 4784 766 4838 τοῦ
802 4783 1007 4856 Κυρίου
1039 4783 1272 4854 ποίμνης
1303 4779 1676 4852 αὐτοσχεδίους
1697 4779 1855 4833 πολε-

282 4875 507 4947 μιστὰς,
535 4876 659 4939 τούς
707 4874 840 4946 μήτε
897 4873 1162 4944 μαθόντας
1215 4871 1558 4943 λογομαχεῖν,
1590 4867 1725 4940 μήτε
1758 4867 1853 4938 ζη-

283 4967 420 5036 μίαν
442 4963 504 5018 τό
534 4964 606 5037 μὴ
631 4962 1005 5036 μεμαθηκέναι
1031 4962 1368 5033 νομίζοντας,
1391 4957 1653 5014 ἰδιωτικόν
1675 4977 1731 5012 τε
1760 4957 1854 5012 καὶ

281 5055 670 5128 ἀγροικίζοντα
716 5054 808 5108 τὸν
857 5053 1012 5122 λόγον
1065 5053 1162 5124 τῆς
1213 5051 1470 5121 ἀληθείας
1527 5050 1646 5103 κατ’
1693 5045 1855 5102 αὐτοῦ

284 5148 768 5219 σφενδονήσαντας.
807 5145 1022 5217 Ἐπειδὴ
1057 5146 1236 5198 τοίνυν
1277 5145 1369 5197 καὶ
1405 5145 1432 5194 ὁ
1469 5139 1857 5214 μνημονευθεὶς

285 5243 494 5302 ἐκεῖνος
527 5238 728 5309 ποιμὴν
755 5241 820 5309 τῇ
865 5236 1120 5308 σφενδόνῃ
1159 5231 1474 5288 καταϐαλὼν
1504 5231 1592 5285 τὸν
1626 5230 1858 5299 ἀλλόφυ-

1959 4510 2264 4567 convicium
2298 4507 2584 4578 praetendit
2627 4514 2682 4563 et
2732 4521 2925 4562 recens
2971 4506 3147 4560 acutis
3177 4504 3529 4576 sophismatis

1961 4600 2197 4664 micans,
2225 4598 2386 4654 nobis
2413 4597 2756 4668 simplicibus
2783 4603 2836 4651 et
2865 4596 3098 4652 indoctis
3127 4610 3235 4650 non
3266 4602 3351 4650 est
3378 4595 3529 4649 visus

1959 4690 2241 4751 terribilis,
2286 4703 2463 4759 neque
2512 4687 2753 4742 occurrit
2801 4684 3185 4751 formidabilis,
3219 4685 3292 4739 ita
3334 4693 3393 4737 ut
3430 4696 3529 4754 pro

1961 4797 2063 4838 suo
2110 4782 2338 4838 arbitrio
2401 4781 2519 4850 ipse
2583 4779 3000 4850 repugnantium
3075 4777 3299 4847 penuria
3358 4775 3528 4846 possit

1963 4875 2260 4931 insolenter
2301 4889 2361 4929 se
2405 4873 2644 4943 jactare;
2693 4872 2788 4927 sed
2844 4886 2945 4926 nos
2999 4885 3065 4926 ex
3114 4869 3325 4923 Domini
3369 4883 3531 4939 grege

1961 4967 2118 5037 quasi
2167 4964 2557 5019 tumultuarios
2607 4974 2662 5018 et
2715 4978 2780 5018 ex
2835 4973 3074 5032 tempore
3123 4961 3336 5015 oblatos
3365 4959 3531 5014 bella.

1963 5067 2109 5112 tores
2142 5063 2337 5110 nactus
2367 5060 2473 5119 est,
2511 5051 2602 5122 qui
2647 5065 2824 5121 neque
2851 5051 3032 5106 verbis
3074 5052 3404 5107 contendere
3444 5051 3530 5104 di-

1963 5145 2218 5208 dicimus,
2267 5157 2443 5213 neque
2476 5156 2585 5195 non
2626 5140 2882 5196 didicisse
2909 5141 3133 5195 multam
3157 5142 3238 5196 vel
3270 5141 3526 5196 damnum

1964 5233 2364 5296 existimamus,
2389 5229 2655 5300 plebeium
2678 5238 2731 5284 et
2754 5229 3016 5283 rusticum
3056 5244 3362 5286 sermonem
3394 5245 3530 5285 con-

272 5330 404 5393 λον,
432 5327 836 5399 ὐπορῤαγείσης
870 5326 947 5399 τῷ
975 5325 1105 5395 λίθῳ
1153 5326 1249 5395 τῆς
1295 5322 1740 5394 περικεφαλαίας,
1767 5319 1861 5374 καὶ

1969 5335 2053 5381 tra
2098 5327 2276 5396 ipsum
2327 5323 2470 5378 velut
2505 5320 2857 5377 tun-.libularii
2905 5321 3229 5390 iaculantes.
3263 5323 3530 5389 Quoniam

284 5420 425 5492 πρὸς
453 5419 554 5490 τὴν
597 5419 718 5489 βίαν
752 5421 849 5490 τῆς
893 5418 1051 5489 βολῆς
1080 5418 1214 5488 πρὸς
1239 5418 1305 5472 τὰ
1343 5416 1490 5482 ὲντὸς
1515 5414 1857 5486 διασχούσης,

286 5511 346 5561 οὐ
381 5506 573 5562 τοῦτον
603 5509 896 5580 ἐποιήσατο
942 5511 1039 5580 τῆς
1081 5509 1449 5582 ἀνδραγαθίας
1499 5507 1588 5563 τὸν
1623 5509 1766 5580 ὅρον,
1801 5506 1860 5560 τὸ

370 5682 386 5713 ⁸
421 5679 578 5736 Deut.
612 5695 783 5739 xxxu.
816 5681 901 5738 30.

1968 5419 2136 5488 igitur
2178 5415 2269 5470 ille
2294 5413 2406 5482 jam
2451 5419 2909 5467 commemoratus
2960 5418 3149 5483 pastor
3201 5411 3366 5468 funda
3409 5428 3532 5485 per-

1968 5519 2130 5563 cusso
2158 5502 2481 5574 alienigena,
2501 5505 2554 5556 et
2580 5499 2730 5570 galea
2757 5506 3008 5556 contorto
3030 5500 3207 5571 lapide
3237 5501 3528 5572 perfracta,
