4002 6218
532 254 630 309 9“
1780 255 1836 311 S.
1886 255 2218 314 GliEGORII
2274 258 2573 317 NYSSENI
3636 282 3722 336 9η

535 383 586 432 et
629 376 696 431 ad
725 376 1035 431 videntium
1066 376 1246 447 jactus
1282 377 1347 430 ad
1385 377 1573 431 intima
1607 377 1972 443 discindente,
2010 396 2121 435 non

2235 381 2358 435 ίδείν
2384 385 2440 436 ἐν
2483 383 2736 454 πτώματι
2772 385 2831 436 τὸ
2886 386 3141 457 πολέμιον
3172 404 3184 419 “
3219 389 3325 442 ἀλλ’
3359 390 3629 464 ἐπιδραμὼν
3655 402 3725 453 καὶ

535 476 683 524 hunc
719 470 847 525 fecit
896 470 1244 525 strenuitatis
1287 469 1607 536 terminum,
1647 478 1707 524 ut
1743 472 1956 529 hostem
1989 487 2118 542 pro-

537 568 771 617 stratum
801 560 1032 627 videret,
1079 560 1172 616 sed
1223 560 1429 632 impetu
1472 562 1617 618 iacto
1652 564 1833 635 capite
1866 564 2123 620 adversa-

537 654 680 708 rium
738 654 1034 723 spoliatum
1085 654 1262 709 victor
1305 655 1607 725 trophaeum
1655 656 1837 711 ferens
1882 656 1947 711 ad
1992 673 2122 712 suos

536 743 721 809 rediit,
774 744 1185 816 magniloquum
1218 745 1350 800 illud
1391 753 1556 815 caput
1594 746 1660 799 ad
1688 762 1912 801 suorum
1944 748 2121 802 tribu-

537 837 671 891 lium
718 838 1022 891 exercitum
1083 843 1396 907 reportans.
1454 836 1537 892 Ob
1587 851 1705 893 eam
1745 853 1969 893 causam
2024 853 2123 893 nos

537 930 701 986 etiam
729 931 883 985 decet
906 932 962 985 in
996 931 1305 1001 exemplum
1336 930 1469 984 illud
1504 930 1779 987 intuentes
1809 947 1918 986 non
1946 933 2123 988 lentos

539 1023 605 1076 ad
635 1022 908 1078 secundos
939 1037 1221 1078 sermones
1257 1021 1663 1085 remollescere,
1713 1023 1830 1087 sed,
1858 1034 2122 1094 quantum

539 1113 780 1168 maxime
805 1113 954 1176 licet,
979 1106 1493 1184 praestantissimae)
1530 1112 1676 1167 illam
1708 1112 1926 1171 Davidis
1953 1116 2125 1171 actio-

539 1221 662 1260 nem
700 1205 926 1271 imitari,
976 1220 1041 1261 ac
1090 1205 1344 1262 similiter
1395 1212 1521 1276 post
1571 1204 1812 1276 primum
1866 1207 2034 1261 ictum
2070 1208 2126 1264 in

540 1299 754 1353 hostem
786 1297 1059 1367 iacentem
1092 1297 1402 1365 incurrere,
1441 1304 1503 1352 ut
1539 1298 1720 1369 capite
1762 1299 2124 1358 obtruncatus

540 1401 594 1446 et
629 1394 945 1454 dest'tutus,
970 1392 1219 1447 veritatis
1242 1391 1537 1461 perduellis
1561 1392 1827 1448 videatur.
1850 1392 1953 1460 Qui
1979 1395 2125 1449 enim

540 1500 569 1538 a
618 1484 721 1539 nde
748 1484 998 1538 divulsus
1043 1492 1145 1549 est,
1200 1491 1366 1553 caput
1398 1484 1568 1554 magis
1616 1483 1780 1538 habet
1815 1484 2126 1541 abscissum

541 1586 593 1631 ct
630 1594 657 1631 a
700 1578 915 1631 cervice
946 1576 1221 1631 revulsum
1261 1592 1425 1646 quam
1470 1576 1570 1637 ille
1614 1577 1943 1648 alienigena.
1980 1576 2129 1644 Quo-

541 1670 688 1723 niam
768 1668 955 1722 Omnis
1007 1668 1105 1722 viri
1170 1677 1327 1738 caput
1380 1676 1460 1722 est
1515 1665 1781 1733 Christus,
1851 1668 1994 1723 sicut
2052 1667 2129 1721 ait

2227 474 2327 542 τῆς
2356 475 2598 547 κεφαλῆς
2622 476 2714 529 τὸν
2739 477 2999 549 πολέμιον
3025 479 3380 552 ἀποσυλήσας,
3405 490 3731 560 τροπαιοφόρος

2226 573 2338 634 τοῖς
2397 569 2545 634 ἰδίοις
2587 572 2875 637 ἐπάνεισι,
2918 572 3017 643 τὴν
3071 573 3502 646 μεγαλορῥήμονα
3541 581 3728 653 κεφαλὴν

2228 661 2441 732 ἐκείνην
2467 661 2545 733 τῷ
2583 661 2800 733 στρατῷ
2823 662 2932 716 τῶν
2960 662 3243 732 ὁμοφύλων
3270 664 3632 735 διαπομπεύων.
3658 672 3731 725 Διὰ

2228 753 2387 806 τοῦτο
2413 753 2508 806 καὶ
2531 754 2682 823 ἡμᾶς
2711 754 2980 823 προσήκει
3009 753 3144 824 πρὸς
3166 753 3227 806 τὸ
3255 753 3532 823 ὑπόδειγμα
3556 755 3727 826 βλέπον.

2226 860 2355 909 τας,
2387 841 2462 913 μὴ
2496 842 3044 913 καταμαλακισοῆναι
3079 842 3213 914 πρὸς
3236 845 3356 906 τοὺς
3388 845 3630 918 δευτέρους
3651 850 3733 902 τῶν

2228 936 2404 1004 λόγων
2425 952 2438 965 ⁸
2475 935 2589 990 ἀλλ’
2641 936 2717 999 ὡς
2749 936 2826 989 ἔνι
2860 936 3095 1007 μάλιστα
3136 938 3463 1009 μιμήσασθαι
3496 940 3576 992 τοῦ
3609 942 3734 994 Δαῦὶδ

2228 1028 2353 1101 ’τὴν⁸
2381 1027 2665 1100 ἀριστείαν
2691 1042 2703 1055 ·
2737 1029 2831 1083 καὶ
2876 1029 3273 1101 παραπλησίως
3305 1031 3484 1102 ἐκείνῳ
3526 1035 3639 1103 μετὰ
3664 1035 3736 1105 τὴν

2232 1118 2455 1191 πρώτην
2505 1119 2719 1191 πληγὴν
2757 1120 3066 1190 ἐπεμῦἧναι
3115 1121 3380 1192 κειμένῳ,
3408 1123 3476 1185 ὡς
3502 1123 3557 1177 ἂν
3586 1127 3734 1195 φανεξη

2232 1211 2467 1281 μάλιστα
2498 1210 2599 1282 τῆς
2625 1210 2868 1279 κεφαλῆς
2906 1210 3129 1282 ἔρημος,
3156 1212 3185 1264 ὁ
3213 1212 3307 1281 τῆς
3353 1212 3578 1283 ἀληθείας
3616 1215 3735 1269 πολέ-

2232 1318 2375 1371 μιος.
2418 1301 2476 1354 ’0
2509 1301 2619 1374 γὰρ
2644 1301 2744 1372 τῆς
2776 1304 3013 1367 πίστεως
3035 1304 3408 1375 διεζευγμένος
3437 1306 3526 1377 τὴν
3552 1308 3737 1377 κεφαλὴν

2230 1394 2610 1464 ἀποτέτμηται
2639 1393 2733 1446 τοῦ
2781 1394 3081 1465 ἀλλοφύλου
3131 1396 3352 1466 μᾶλλον.
3394 1396 3530 1449 Ἐπεὶ
3551 1397 3641 1469 γὰρ
3663 1403 3739 1454 Κε-

2229 1484 2396 1554 gauli;
2429 1483 2656 1551 πάντ-ος
2698 1486 2921 1553 ἀνδρὸς
2964 1488 2997 1539 ὁ
3030 1486 3306 1555 Χριστὸς,
3361 1486 3527 1551 καθὼς
3568 1494 3741 1560 φησινὸ

2242 1575 2584 1638 Ἀπόστολος.
2618 1575 2788 1646 ἄνδρα
2815 1576 2873 1629 δὲ
2896 1575 2987 1629 τὸν
3030 1577 3222 1630 πιστὸν
3254 1578 3459 1637 πάντως
3492 1578 3614 1641 εἰκὸς
3650 1579 3739 1631 ὀνο-

2234 1667 2499 1739 μάζεσθαι
2520 1685 2533 1698 ο
2570 1668 2631 1720 οὑ
2660 1668 2770 1739 γὰρ
2795 1669 2860 1740 δὴ
2895 1671 2988 1723 καὶ
3023 1669 3131 1722 τῶν
3172 1670 3411 1723 ἀπίστων
3440 1669 3499 1723 ἂν
3531 1667 3741 1744 ᾖκεφαὶὴ

540 1764 841 1834 Apostolus
890 1765 932 1826 ³,
978 1763 1154 1816 virum
1209 1769 1390 1815 autem
1437 1759 1646 1816 ﬁdelem
1705 1761 1930 1817 omnino
1983 1760 2125 1816 veri-

2235 1760 2259 1812 ὑ
2284 1759 2539 1824 Χριστὸς,
2574 1759 2792 1823 πάντως
2820 1763 2848 1814 ὁ
2876 1760 2977 1831 τῆς
3005 1760 3524 1837 σωζούσηςοπίστεως
3547 1764 3741 1831 ἀποτμη-

542 1854 721 1910 similc
761 1863 845 1909 est
885 1852 1188 1909 nominari:
1220 1866 1331 1906 non
1374 1852 1518 1906 cnim
1549 1850 1851 1906 inﬁdelium
1877 1849 2128 1905 Christus

541 1955 707 2016 caput
761 1959 885 1999 esse
933 1952 1113 2015 potest
1144 1957 1158 1995 :
1188 1942 1282 2014 qui
1323 1958 1355 1997 a
1402 1943 1508 1999 [ide
1553 1941 1853 1998 scrvatrice
1899 1956 2127 2011 prorsus

540 2039 817 2094 rescissus
845 2046 949 2102 est,
1007 2036 1183 2106 capite
1217 2043 1388 2097 caret,
1446 2034 1588 2089 haud
1622 2049 1785 2090 secus
1834 2048 1995 2104 quam
2043 2033 2130 2087 ille

541 2128 758 2185 Goliath
799 2144 901 2186 suo
956 2129 1139 2199 gladio
1190 2126 1498 2197 iugulatus,
1538 2142 1700 2197 quem
1733 2127 2000 2182 adversus
2036 2142 2130 2180 ve-

543 2225 761 2279 ritatem
797 2229 1112 2283 exacuerat,
1154 2234 1184 2274 a
1236 2235 1366 2274 vero
1408 2221 1586 2290 capite
1617 2219 1949 2287 diremptus;
1983 2218 2127 2289 quod

542 2324 707 2385 caput
758 2330 865 2369 non
914 2320 1222 2384 amputare,
1267 2313 1362 2367 sed
1395 2314 1464 2366 ab
1492 2313 1614 2383 ejus
1657 2312 1904 2368 humeris
1938 2327 2131 2382 ampu-

544 2415 714 2462 tatum
768 2407 945 2478 palam
998 2412 1311 2464 monstrare
1356 2406 1532 2460 nostri
1585 2406 1829 2460 muneris
1881 2414 1982 2459 est.

613 2497 804 2568 Neque
848 2513 979 2553 vero
1021 2499 1148 2569 quis
1185 2512 1271 2553 me
1302 2497 1579 2552 existimet
1628 2496 1925 2550 ambitione
1948 2495 2129 2565 aliqua

542 2600 597 2646 et
653 2592 906 2646 humanae
953 2590 1142 2661 gloria:
1180 2591 1499 2660 cupiditate,
1550 2590 1617 2644 ad
1671 2590 1774 2643 hoc
1806 2596 2127 2659 perpetuum

542 2693 595 2737 et
631 2683 978 2753 implacabile
1023 2682 1223 2736 bellum
1258 2681 1682 2736 descendentem
1716 2695 1840 2735 cum
1875 2679 2132 2733 adversa-

544 2772 647 2826 riis
679 2786 993 2827 conserere.
1033 2769 1091 2824 Si
1120 2770 1266 2825 enim
1309 2771 1499 2839 procul
1534 2785 1562 2822 a
1606 2769 1841 2839 negotiis
1868 2769 2130 2839 curisque

546 2865 711 2920 vitam
764 2866 1003 2934 quietam
1066 2875 1119 2919 et
1180 2863 1461 2934 pacificum
1525 2876 1686 2930 agere
1737 2863 1920 2926 liceat,
1974 2863 2132 2933 longe

545 2954 794 3028 profecto
832 2972 863 3010 a
905 2957 1187 3025 proposito
1214 2955 1431 3010 abesset
1498 2955 1643 3007 ultro
1678 2954 2129 3023 tranquillitatem

2232 1851 2367 1914 θεὶς,
2397 1851 2671 1921 ἀκέφαλος
2698 1852 2765 1905 ἂν
2796 1851 2880 1925 εἴη
2912 1852 3055 1906 κατά
3081 1854 3178 1907 τὸν
3212 1853 3415 1908 Γωλιὰθ
3434 1854 3512 1907 διά
3538 1855 3620 1922 τῆς
3641 1855 3743 1914 ιδίας

2236 1946 2513 2018 μαχαίρας
2543 1946 2609 2016 ἢν
2653 1946 2793 2000 κατά
2835 1947 2933 2016 τῆς
2969 1946 3232 2018 ἀληθείας
3277 1946 3512 2018 ἐθήξατο,
3539 1946 3623 2015 τῆς
3647 1946 3743 2013 ἀλη-

2232 2026 2385 2105 θινῆς
2437 2037 2679 2107 κεφαλῆς
2750 2038 3138 2109 μεριζόμενος,
3191 2038 3258 2109 ἣν
3313 2039 3428 2107 οὐχὶ
3483 2038 3639 2107 τεμεῖν
3674 2038 3743 2091 ἀπ’

2232 2129 2398 2183 αὑτοῦ
2428 2168 2441 2193 ,
2487 2129 2602 2183 ἀλλ’
2651 2128 2929 2194 ἀποδεῖξαι
2993 2120 3344 2200 τετμημένην
3398 2127 3543 2198 ἔργον
3596 2124 3744 2196 ἡμέτε-

2234 2234 2346 2291 ρον.

2306 2502 2413 2555 Καί
2437 2520 2503 2571 με
2548 2502 2739 2573 μηδεὶς
2772 2502 2966 2555 οἰέσθω
2995 2501 3279 2573 φιλοτιμίᾳ
3306 2504 3405 2555 τινὶ
3431 2501 3516 2553 καὶ
3537 2497 3664 2569 δόξης
3678 2498 3748 2550 ἀνι

2234 2592 2516 2664 θρωπίνης
2566 2592 2831 2666 ἐπιθυμίᾳ
2878 2593 3011 2664 πρὸς
3049 2594 3140 2647 τὸν
3190 2592 3445 2648 ἄσπονδον
3488 2591 3647 2644 τοῦτον
3681 2590 3751 2641 καὶ

2232 2682 2545 2754 ἀκήρυκτον
2586 2684 2820 2754 πόλεμον
2850 2683 3081 2754 ἑτοίμως
3114 2684 3394 2744 κατιόντα,
3425 2683 3523 2744 τοῖς
3547 2678 3751 2738 ἐναντίοις

2239 2774 2666 2844 συμπλέκεσθαι.
2719 2776 2779 2827 Εἰ
2828 2775 2928 2846 μὲν
2978 2776 3088 2847 γὰρ
3126 2775 3261 2845 ἐξῆν
3307 2772 3638 2846 ἀπραγμόνως
3662 2768 3751 2823 καθ’

2232 2866 2462 2936 ἡσυχίαν
2494 2866 2701 2935 διάγειν
2730 2868 2788 2921 ἐν
2832 2867 3169 2939 εἰρηνεύοντι
3200 2869 3318 2939 βίῳ,
3360 2867 3532 2938 πόρῤω
3558 2863 3637 2917 τοῦ
3660 2861 3753 2915 καθ

2235 2960 2470 3022 εστῶτος
2520 2959 2586 3013 ἂν
2629 2955 2697 3029 ἦν
2742 2960 3005 3024 ἑκουσίως
3039 2961 3425 3032 ἐπιταράσσειν
3446 2958 3534 3027 τὴν
3575 2953 3754 3027 ἡσυχίαν

547 3050 888 3120 perturbare,
935 3063 1000 3104 ac
1025 3049 1225 3103 bellum
1260 3055 1456 3119 sponte
1486 3054 1801 3115 susceptum
1839 3046 2129 3103 adversum

2239 3052 2560 3123 αὐθαίρετον
2603 3054 2667 3106 ἐκ
2709 3053 3064 3125 προκλήσεως
3112 3054 3352 3125 πόλεμον
3387 3051 3499 3105 καθ’
3526 3049 3657 3120 ἡμῶν
3690 3046 3755 3098 αὑ·

545 3155 649 3196 nos
688 3157 755 3196 cx
808 3140 1195 3213 provocatione
1238 3140 1530 3195 suscitare.
1576 3137 1681 3194 Sed
1735 3139 1994 3210 quoniam
2033 3138 2129 3194 Dci

546 3233 767 3304 quidem
795 3232 1014 3299 civitas,
1053 3232 1109 3287 id
1134 3240 1240 3297 est,
1271 3231 1518 3287 Ecclesia
1554 3231 1862 3295 obsidetur,
1894 3246 2128 3301 magnus

545 3331 730 3381 autem
784 3339 980 3380 murus
1029 3324 1304 3379 machinis
1357 3323 1630 3378 haereseos
1677 3325 1947 3393 quatitur,
2000 3323 2129 3376 dum

547 3416 604 3470 in
655 3414 892 3470 circuitu
941 3416 1237 3485 agitatur:
1288 3429 1353 3468 ac
1396 3414 1701 3483 periculum
1754 3429 1860 3469 non
1901 3426 2129 3485 parvum

548 3508 816 3573 imminet,
851 3508 980 3563 nea
1021 3506 1333 3562 daemonum
1355 3506 1600 3562 exercitu
1624 3505 1718 3563 Dei
1750 3505 1952 3562 sermo'
1974 3506 2131 3561 abre-

547 3607 696 3671 ptus,
728 3598 980 3670 captivus
1016 3598 1177 3655 abeat
1213 3599 1324 3656 :ob
1362 3614 1484 3656 eam
1513 3614 1737 3655 causam
1790 3597 2132 3654 formidabile

547 3706 671 3749 esse
709 3691 988 3762 judicans,
1029 3691 1323 3747 anxietatis
1363 3691 1805 3749 Christianorum
1853 3706 1964 3746 non
2008 3704 2133 3748 esse

546 3784 869 3855 participem
934 3792 989 3839 et
1026 3781 1236 3839 laboris
1287 3784 1523 3848 socium,
1587 3798 1695 3839 non
1742 3784 1809 3838 ad
1854 3782 2024 3838 otium
2078 3791 2133 3839 et

547 3875 786 3944 quietem
816 3874 1113 3938 declinavi,
1139 3873 1236 3930 sed
1261 3874 1448 3946 potius
1483 3890 1548 3929 ex
1587 3874 1871 3929 laboribus
1899 3874 2131 3930 sudores

546 3974 835 4023 manantes
882 3965 1255 4038 praeferendos
1306 3981 1429 4024 es~e
1474 3967 1803 4029 existimavi,
1855 3980 2019 4036 quam
2064 3981 2133 4021 ex

546 4057 661 4112 otio
705 4066 761 4113 et
815 4058 1001 4128 quieta
1047 4059 1162 4114 vita
1213 4058 1620 4125 remissionem,
1659 4057 1902 4129 perfecte
1950 4058 2132 4113 sciens

544 4148 692 4218 quod
734 4150 1195 4220 quemadmodum
1241 4150 1610 4223 Unusquisque
1647 4164 1742 4221 pro
1790 4165 1889 4204 suo
1933 4149 2131 4215 labore,

546 4245 607 4295 ut
643 4240 720 4295 ait
760 4240 1059 4311 Apostolus
1103 4241 1146 4306 ⁸,
1221 4242 1512 4299 mercedem
1555 4241 1797 4309 accipiet,
1844 4239 1925 4295 sic
1969 4241 2131 4296 etiam

544 4346 740 4389 omnes
769 4333 841 4389 ob
880 4333 1119 4400 labores,
1154 4350 1297 4406 quos
1339 4351 1440 4407 pro
1473 4334 1687 4391 viribus
1720 4322 1997 4391 sustinere
2030 4350 2133 4405 po-

2239 3146 2349 3201 τῶν
2403 3146 2771 3216 ἐπεγείραντι.
2835 3146 2972 3199 Ἀλλ’
3019 3146 3213 3217 ἐπειδὴ
3266 3144 3601 3217 πολιορκεῖται
3629 3139 3754 3210 μὲνὴ

2240 3239 2395 3301 πόλις
2420 3239 2514 3290 τοῦ
2542 3236 2678 3291 Θεοῦ
2708 3240 2740 3309 ή
2773 3238 3094 3309 Ἐκκλησίαο
3123 3237 3466 3291 κατασείεται
3495 3234 3542 3286 δέ
3567 3232 3620 3285 τὸ
3652 3230 3756 3301 μέγα

2238 3333 2412 3400 τεῖχος
2438 3330 2550 3393 τοῖῖ
2583 3331 2935 3402 μηχανήμασι
2970 3330 3067 3401 τῆς
3093 3331 3360 3401 αἱρέσεως
3388 3330 3442 3381 ἐν
3466 3326 3626 3395 κύκλῳ
3641 3340 3756 3392 περι-

2238 3420 2549 3490 δινούμενον
2576 3440 2589 3453 ·
2622 3420 2865 3483 κίνδυνος
2902 3420 2957 3472 δὲ
2992 3421 3050 3473 οὑ
3085 3420 3284 3491 μικρὸς
3313 3417 3621 3488 αἰχμάλωτον
3648 3413 3753 3481 οῖχεο

2242 3512 2365 3566 σθαι
2398 3511 2550 3583 παρὰ
2578 3512 2676 3583 τῆς
2720 3512 2828 3565 τῶν
2857 3512 3126 3582 δαιμόνων
3171 3510 3542 3582 ἐπιστρατείας
3566 3504 3753 3574 ἀνάρπαο

2242 3623 2363 3659 στον
2393 3605 2484 3659 τὸν
2508 3605 2665 3675 λόγον
2693 3607 2784 3659 τοῦ
2823 3605 3026 3676 Κυρίου
3072 3605 3366 3674 γενόμενον
3387 3620 3399 3632 °
3430 3603 3510 3656 διὰ
3535 3599 3666 3653 τοῦτο
3688 3612 3753 3663 φο-

2240 3697 2398 3768 ϐερὸν
2427 3694 2567 3751 εἶναι
2607 3698 2841 3769 κριιΙων,
2876 3698 2949 3768 μὴ
2987 3699 3393 3767 συμμετασχεῖν
3425 3695 3514 3767 τῆς
3547 3691 3637 3745 τῶν
3656 3689 3753 3758 Χρι-

2241 3790 2475 3843 στιανῶν
2516 3790 2755 3860 ἀγωνίας
2780 3831 2794 3854 ,
2825 3790 2924 3843 οὑκ
2968 3789 3058 3841 ἐπὶ
3105 3791 3208 3860 τὴν
3245 3787 3465 3858 ἡσυχίαν
3513 3780 3749 3837 ἁπέκλινα³

2241 3880 2666 3952 προτιμοτέρους
2717 3881 2774 3933 δὲ
2829 3879 3028 3950 μᾶλλον
3067 3880 3413 3951 ἐποιησάμην
3455 3877 3567 3938 τοὺς
3598 3875 3650 3924 ἐκ
3675 3866 3752 3921 τῶν

2242 3973 2420 4027 πόνων
2466 3973 2693 4045 ἱδρῶτας
2724 3973 2824 4043 τῆς
2849 3974 2911 4026 ἐκ
2933 3972 3025 4026 τοῦ
3056 3972 3363 4043 ἡσυχάζειν
3389 3969 3617 4031 ἀνέσεως,
3641 3960 3752 4022 εἰδὼς

2240 4064 2481 4136 ἀκριϐῶς
2519 4066 2603 4119 ὅτι
2656 4063 2844 4136 ὥσπερ
2899 4064 3015 4118 Τὸν
3054 4065 3283 4134 μισθὸν
3314 4062 3553 4131 λήψεται
3577 4099 3589 4121 ,
3619 4050 3752 4112 καθώς

2241 4172 2405 4230 φησιν
2427 4159 2455 4211 ὁ
2485 4156 2825 4219 ’Δπὸστολος,
2848 4156 2999 4211 κατὰ
3018 4156 3124 4210 τὸν
3148 4155 3309 4211 ἴδιον
3336 4156 3516 4209 κόπον
3535 4150 3750 4208 ἕκαστος.

2240 4248 2384 4303 οὑτω
2402 4248 2609 4313 πάντας
2630 4249 2723 4302 καὶ
2744 4250 2844 4320 τὴν
2876 4247 3145 4320 τιμωρίαν
3167 4248 3260 4302 ἐπὶ
3284 4250 3348 4319 τῇ
3376 4246 3477 4299 τῶν
3497 4241 3617 4299 κατὰ
3639 4237 3753 4291 Exira-

2245 4356 2338 4411 μιν
2367 4339 2543 4393 πόνων
2571 4339 2850 4411 ὀλιγωρίᾳ.
2880 4340 2977 4394 Διὰ
3015 4338 3172 4393 τοῦτο
3211 4340 3305 4394 καὶ
3339 4337 3432 4409 τὴν
3463 4333 3653 4406 πρώτην
3683 4323 3753 4380 to")

544 4432 793 4492 tuerunt,
835 4436 1180 4497 contemples
1216 4436 1270 4481 et
1306 4426 1575 4491 desertos,
1614 4429 1884 4499 supplicia
1934 4429 2129 4484 ferent.

2238 4435 2397 4504 λόγου
2450 4433 2628 4505 μάχην
2675 4433 2954 4505 εὐθαρσῶς
2982 4433 3224 4505 ὑπέστην
3265 4436 3329 4487 ἐκ
3369 4430 3458 4485 τοῦ
3498 4417 3752 4495 ποιμενικοῦ

546 4516 912 4585 Quamobrem
945 4518 1175 4590 primam
1200 4520 1472 4575 sermonis
1512 4532 1751 4591 pugnam
1782 4518 2046 4591 audenter
2068 4534 2131 4575 ex

548 4610 816 4682 pastorali
847 4588 1008 4675 cado,
1040 4608 1093 4664 id
1117 4618 1220 4677 est,
1252 4588 1643 4666 ecclesiasticis
1672 4609 1929 4675 decretis,
1963 4588 2100 4665 δύειί
2120 4639 2135 4649 ο

546 4703 665 4770 nui,
713 4703 814 4761 hos
866 4704 1037 4761 rudes
1069 4710 1123 4760 et
1152 4703 1431 4774 impolitos
1489 4711 1545 4759 et
1593 4711 1789 4774 sponte
1833 4703 1986 4760 fusos
2017 4719 2135 4759 ser-

547 4804 740 4854 mones
790 4797 858 4853 ad
905 4792 1245 4854 eversionem
1308 4803 1362 4853 et
1413 4796 1625 4851 ruinam
1665 4795 2017 4867 blasphemia:
2052 4796 2134 4851 di-

548 4890 792 4952 mittens,
840 4889 991 4944 nulla
1041 4904 1107 4944 ex
1154 4888 1400 4960 profanis
1449 4888 1806 4958 externisque
1838 4887 2035 4944 litteris
2066 4887 2133 4941 ad

550 4980 861 5035 institutum
913 4988 1190 5034 certamen
1238 4977 1492 5049 indigens
1533 4988 1844 5045 armatura;
1884 4994 2031 5033 nunc
2067 4980 2133 5034 ad

547 5070 793 5127 secunda
829 5071 1131 5127 certamina
1180 5070 1367 5124 venire
1416 5084 1521 5124 non
1574 5084 1794 5134 recuso,
1846 5085 1998 5140 spem
2040 5086 2136 5141 p0-

548 5180 707 5229 nens,
735 5163 891 5233 juxta
930 5177 1182 5234 magnum
1208 5159 1399 5241 David,
1441 5162 1493 5216 in
1529 5176 1595 5216 eo
1625 5160 1730 5229 Qui
1766 5160 1913 5217 ducet
1946 5180 2134 5219 manus

549 5272 692 5310 meas
746 5254 818 5310 ad
870 5254 1137 5325 prwlium,
1190 5264 1238 5310 et
1288 5253 1483 5323 digitos
1534 5269 1674 5309 meos
1726 5254 1796 5308 ad
1845 5255 2037 5310 bellum
2090 5257 2132 5326 ⁸,

548 5342 822 5414 siquidem
866 5343 1028 5400 nobis
1089 5344 1253 5400 etiam
1299 5343 1580 5412 contingat
1611 5356 1675 5397 ex
1719 5340 1903 5397 divina
1936 5344 2137 5400 virtute

548 5447 775 5489 manum
830 5451 1008 5491 meam
1041 5436 1376 5492 scribentem
1426 5434 1586 5508 dirigi
1635 5434 1702 5490 ad
1751 5434 2133 5495 haereticorum

549 5521 865 5596 dogmatum
891 5526 1338 5595 destructionem,
1371 5526 1679 5600 digitosque
1713 5542 1865 5584 meos
1897 5528 2119 5586 subser-

622 5698 692 5759 ³1
720 5701 851 5781 Cor.
888 5719 967 5771 χι,
1001 5704 1056 5760 5.
1131 5704 1199 5759 ‘l
1241 5705 1369 5761 Cor.
1405 5723 1487 5770 lli,
1520 5705 1575 5762 8.
1651 5707 1675 5741 ⁵
1707 5708 1852 5768 Psal.
1890 5726 2081 5778 chm,
2114 5712 2168 5768 l.

2241 4525 2429 4589 καδοῦ,
2467 4524 2765 4591 τουτέστιν,
2784 4527 2847 4579 ἐκ
2874 4525 2982 4578 τῶν
3015 4522 3477 4596 ὲκκλησιαστικῶν
3506 4517 3751 4590 δογμάτων,

2239 4619 2366 4681 τοὺς
2393 4617 2805 4682 ἀκατασκεύους
2826 4618 3049 4682 τούτους
3085 4619 3179 4671 καὶ
3211 4618 3488 4687 αὐτοφυεῖς
3516 4612 3675 4678 λόγους
3696 4605 3754 4661 εἰς

2240 4711 2553 4779 ἀνατροπὴν
2598 4709 2697 4781 τῆς
2731 4708 3078 4780 βλασφημίας
3101 4709 3262 4779 ἀφεὶς
3286 4751 3301 4775 ,
3325 4708 3417 4762 καὶ
3440 4700 3660 4774 οὐδεμιᾶς
3683 4694 3754 4761 τῆς

2239 4800 2304 4854 ὲκ
2332 4799 2442 4853 τῶν
2470 4799 2668 4865 ἔξωθεν
2690 4801 2863 4871 λόγων
2892 4801 3156 4865 ὁπλίσεως
3193 4801 3287 4854 ὲπὶ
3320 4800 3405 4852 τὸν
3429 4796 3594 4865 ἀγῶνα
3622 4801 3752 4858 epos-

2237 4890 2483 4963 δεηθείς·
2515 4891 2610 4945 καὶ
2651 4892 2745 4948 νῦν
2792 4893 2932 4964 πρὸς
2973 4894 3097 4958 τοὺς
3146 4893 3429 4964 δευτέρους
3462 4889 3558 4941 τῶν
3578 4879 3753 4950 ἀγώνων

2237 4984 2339 5038 οὑκ
2369 4984 2688 5055 ἀναδύομαι,
2719 4984 2816 5057 τὴν
2851 4985 3040 5040 ἐλπίδα
3088 4986 3334 5055 θέμενος,
3359 4979 3496 5035 κατὰ
3516 4978 3595 5030 τὸν
3620 4971 3751 5044 μέῖαν

2240 5075 2422 5145 Δαϐὶδ,
2451 5077 2544 5130 ἐπὶ
2575 5077 2683 5131 Τὸν
2717 5077 3083 5133 διδάσκοντα
3116 5078 3319 5148 χεῖρας
3343 5077 3426 5141 εὶς
3460 5062 3749 5138 παράταξιν.

2239 5169 2687 5237 καὶδακτύλους
2707 5172 2793 5237 εἰς
2811 5172 3097 5242 πόλεμον.
3113 5172 3180 5225 Ei’
3198 5188 3315 5234 πως
3339 5166 3535 5237 γένοιτο
3554 5158 3633 5214 καὶ
3654 5151 3751 5223 ἡμῖν

2242 5261 2305 5313 ἐκ
2347 5259 2496 5324 θείας
2538 5258 2817 5333 δυνάμεως
2866 5261 3187 5332 εὑθυνοῆναι
3236 5259 3333 5330 μὲν
3365 5257 3460 5328 τὴν
3494 5249 3751 5322 γράφουσιν

2241 5354 2398 5423 χεῖρα
2435 5350 2571 5423 πρὸς
2595 5351 2694 5424 τὴν
2716 5352 2824 5407 τῶν
2870 5353 3158 5424 αἱρετικῶν
3193 5351 3472 5421 δογμάτων
3496 5342 3748 5412 ἀναίρεσιν·

2242 5444 2632 5517 ὑπηρετεῖσθαι
2679 5445 2736 5499 δέ
2775 5448 2901 5511 τοὺς
2932 5446 3220 5509 δακτύλους
3272 5447 3340 5517 τῇ
3390 5436 3636 5511 ἀνατροπῇ
3675 5427 3751 5497 τῆς

2225 5536 2466 5607 πονηρᾶς
2496 5536 2875 5607 παρατάξεως,
2898 5537 3173 5614 ἐμπείρως
3193 5534 3286 5590 καὶ
3308 5526 3646 5604 ἀγωνιστικῶς
3664 5521 3750 5573 δια-
3789 5599 3797 5627 ὃ
