4002 6218
179 396 287 454 915

1316 394 1596 451 CONTRA
1638 394 2024 462 EUNOMIUM,
2073 397 2198 452 LIB.
2234 401 2321 453 XII

3345 409 3448 465 9H

180 502 425 566 τιθέντας
480 500 622 555 κατὰ
666 501 770 554 τῶν
819 501 1091 572 πολεμίων
1138 502 1229 555 τὸν
1263 502 1437 573 λόγον.
1478 505 1686 575 Ὥσπερ
1708 504 1764 558 δὲ

1870 506 1985 560 vire
2037 508 2103 562 ad
2158 512 2417 579 improbte
2472 513 2610 568 aciei
2664 516 3112 581 subversionem,
3174 517 3346 587 perite
3395 531 3450 577 et

180 594 273 646 ἐπὶ
301 594 408 645 τῶν
440 591 796 661 ἀνθρωπίνων
828 590 1076 662 πολέμων
1105 592 1152 644 οἱ
1184 592 1284 661 μὲν
1315 593 1534 665 ἀνδρείᾳ
1560 612 1617 647 τε
1669 597 1762 648 καὶ

178 682 405 751 δυνάμει
434 679 543 732 τῶν
562 681 764 733 λοιπῶν
802 680 1164 752 διαφέροντες,
1196 682 1289 735 καὶ
1319 684 1764 755 κατησφαλισμέ-

181 793 260 826 νοι
292 776 401 836 τοῖς
425 773 608 836 ὅπλοις
630 813 644 836 ,
672 774 765 826 καὶ
797 776 915 838 ταῖς
958 775 1093 844 πρὸς
1120 776 1244 838 τοὺς
1288 775 1563 840 κινδύνους
1602 778 1759 849 μελέ-

180 883 321 930 ταις,
348 864 447 936 τὴν
476 863 569 917 τοῦ
604 868 859 936 πολεμεῖν
896 866 1190 937 ἐμπειρίαν
1236 867 1643 938 προειληφότες,
1672 870 1764 921 ἐπὶ

180 955 272 1007 τοῦ
311 955 563 1025 μετώπου
596 957 696 1025 τῆς
743 955 1019 1025 φάλαγγος
1069 956 1344 1021 ἵστανται,
1379 958 1487 1012 τῶν
1520 959 1659 1012 κατά
1705 959 1765 1011 τὸ

182 1046 345 1115 βάθος
389 1046 833 1117 ἐπιτεταγμένων
868 1048 1399 1119 προκινδυνεύοντες·
1442 1052 1470 1103 ό
1494 1049 1548 1102 δὲ
1581 1050 1763 1115 λοιπὸς

179 1140 367 1205 ὅμιλος
411 1142 492 1203 είς
545 1140 715 1231 μόνην
768 1140 1069 1207 φαντασίαν
1118 1141 1355 1212 πλήθους
1405 1143 1766 1206 συντείνοντες

180 1230 332 1301 αὐτῷ
380 1230 459 1300 τῷ
496 1230 850 1302 συνασπισμῷ
885 1231 1099 1286 δοκοῦσί
1149 1251 1201 1287 τι
1236 1234 1425 1305 κέρδος
1474 1236 1550 1307 τῷ
1603 1235 1767 1306 κοινῷ

185 1324 552 1393 συνεισφέρειν
577 1339 591 1355 ’
627 1321 799 1386 οὕτως
832 1322 923 1377 καὶ
952 1323 1174 1377 ἐπὶτῶν
1202 1326 1484 1397 ἡμετέρων
1516 1327 1762 1395 ἀγώνιον,

182 1417 211 1467 ὁ
241 1416 341 1485 μὲν
379 1418 621 1483 γενναῖος
651 1416 743 1469 τοῦ
775 1416 1009 1487 Χριστοῦ
1028 1417 1384 1489 στρατιώτης,
1414 1422 1506 1473 καλ⁸
1540 1421 1765 1491 σφοδρὸς

185 1507 321 1559 κατά
352 1506 460 1560 τῶν
492 1506 800 1576 ἀλλοφύλων
846 1508 1175 1579 ἀγωνιστὴς,
1208 1511 1237 1562 ό
1267 1509 1439 1579 μέγας
1469 1509 1560 1564 τοῦ
1593 1511 1764 1564 Πνεύ-

184 1617 352 1669 ματος
389 1599 614 1669 ὁπλίτης
670 1599 1028 1665 Βασίλειος,ὁ
1067 1601 1167 1673 τὴν
1219 1601 1580 1674 ἀποστολικὴν
1635 1620 1766 1656 παν-

180 1691 370 1743 οπλίαν
400 1691 711 1756 ἐνδεδυκὼς,
733 1691 917 1762 καὶτῷ
942 1692 1117 1765 θυρεῷ
1142 1694 1646 1765 κατησφαλισμένος
1668 1694 1766 1763 τῆς

184 1783 439 1847 πίστεως,
467 1783 528 1835 τό
547 1800 603 1836 τε
629 1784 959 1853 ἀμυντήριον
989 1784 1181 1850 ὅπλον,
1215 1784 1312 1853 τὴν
1327 1785 1418 1838 τοῦ
1453 1786 1765 1855 ΙΙνεύματος

1870 598 2083 654 fortiter
2119 611 2309 656 contra
2343 604 2530 660 hostes
2568 605 3027 676 disceptationem
3064 608 3443 679 disponentes.

1866 689 2333 755 Quemadmodum
2368 705 2546 750 autem
2579 697 2631 750 iu
2665 698 2823 754 bellis
2857 700 3134 766 humanis,
3169 704 3260 772 qui
3298 704 3452 760 forti-

1867 782 2096 838 titudine
2130 793 2183 838 et
2218 786 2413 842 robore
2446 788 2671 859 reliquis
2702 798 2983 859 praestant,
3017 794 3295 864 armisque
3315 812 3451 866 pra:-

1867 874 2062 928 muuiti
2113 887 2163 930 et
2209 876 2276 930 ad
2348 881 2634 936 subeunda
2693 883 2933 951 pericula
3000 886 3453 946 meditationibus

1866 964 2103 1020 bellandi
2145 970 2397 1036 peritiam
2450 973 2605 1041 prius
2627 975 2833 1042 adepti,
2869 974 2922 1028 in
2955 974 3134 1030 fronte
3167 978 3455 1051 phalangis

1866 1066 2141 1126 prostant,
2178 1076 2277 1129 pro
2319 1062 2428 1117 illis
2459 1065 2551 1134 qui
2584 1066 2638 1118 in
2682 1065 2955 1134 profundo
2986 1070 3270 1125 constituti
3302 1082 3453 1137 sunt,

1867 1148 2110 1216 pericula
2156 1153 2490 1217 subeuntes;
2536 1157 2745 1226 reliqua
2783 1174 2912 1212 vero
2964 1160 3122 1215 turba
3172 1162 3238 1216 ad
3280 1165 3455 1219 solam

1868 1244 2184 1311 opinionem
2219 1247 2593 1303 multitudinis
2626 1249 2871 1312 intuens,
2906 1260 3095 1306 mutua
3130 1253 3457 1312 defensione

1867 1339 1921 1387 et
1963 1335 2276 1405 clypeorum
2310 1338 2627 1394 obtentione
2663 1341 2944 1395 communi
2992 1343 3213 1398 utilitati
3249 1346 3459 1402 servire

1869 1434 1918 1480 ct
1973 1430 2321 1482 commodum
2355 1430 2551 1487 aﬂ'errc
2580 1431 2795 1487 videtur
2822 1450 2837 1487 :
2864 1435 2944 1487 sic
2966 1435 3131 1489 etiam
3164 1437 3218 1490 in
3246 1440 3457 1495 nostris

1869 1522 2267 1576 Certaminihus
2294 1538 2597 1592 generosus
2636 1525 2856 1594 quidem
2888 1535 2941 1581 et
2968 1535 3228 1584 strenuus
3252 1530 3459 1585 Christi

1871 1612 2048 1674 miles,
2076 1622 2133 1667 ut
2159 1630 2287 1668 acer
2309 1622 2503 1669 contra
2528 1616 2870 1686 alienigenas
2892 1627 3155 1680 certatur,
3189 1635 3254 1674 ac
3278 1622 3458 1677 sancti

1871 1704 2109 1772 Spiritus
2157 1709 2303 1762 velut
2337 1709 2608 1778 gravioris
2662 1720 2958 1766 armatura:
3004 1712 3161 1768 miles
3195 1712 3456 1777 Basilius,

1871 1798 2229 1863 apostolicam
2285 1814 2505 1853 omnem
2548 1809 2887 1854 armaturam
2953 1804 3178 1859 indutus
3232 1813 3286 1859 ct
3334 1804 3457 1858 ﬁdei

182 1872 324 1942 λέγω
349 1875 644 1946 μάχαιραν,
678 1876 763 1927 ἀεὶ
806 1876 1241 1946 προϐαλλόμενος
1264 1892 1276 1906 '
1299 1869 1453 1941 οὗτος
1487 1878 1584 1947 μὲν
1627 1894 1758 1948 προ-

1870 1886 2057 1955 cIypz‘O
2108 1889 2489 1954 praetuunitus,
2555 1891 2720 1944 telum
2785 1892 3277 1961 propulsatorium,
3334 1895 3459 1949 dico

183 1966 412 2035 πολεμεῖ
434 1966 534 2035 τῆς
572 1967 667 2019 τοῦ
719 1966 923 2037 Κυρίου
967 1970 1222 2038 στρατιᾶς
1254 1970 1312 2022 ἐν
1347 1968 1426 2039 τῷ
1474 1968 1762 2040 πονηθέντι

183 2058 325 2111 κατὰ
351 2057 449 2126 τῆς
472 2057 736 2129 αἱρέσεως
767 2057 931 2128 λόγῳ,
957 2058 1064 2123 ζῶν
1096 2077 1153 2112 τε
1179 2062 1273 2115 καὶ
1294 2061 1651 2131 ἀμυνόμενος,
1673 2064 1765 2116 καὶ

183 2156 323 2203 κατὰ
376 2149 489 2203 τῶν
538 2148 747 2220 ἐχθρῶν
780 2150 1102 2220 ἀριστεύων.
1146 2153 1335 2223 Ἡμεῖς
1361 2153 1415 2206 δὲ
1457 2154 1517 2206 τὸ
1562 2153 1764 2223 πλῆθος

180 2239 260 2309 τῷ
304 2238 486 2310 θυρεῷ
529 2239 623 2292 τοῦ
658 2241 941 2311 προμάχου
967 2244 1065 2313 τῆς
1108 2242 1338 2306 πίστεως
1369 2245 1593 2307 ἑαυτοὺς
1628 2245 1762 2298 ὑπο-

183 2330 523 2401 κρύψαντες,
559 2330 809 2403 καθάπερ
836 2331 903 2386 ἂν
945 2334 1252 2405 προηγῆται
1288 2334 1422 2404 πρὸς
1449 2335 1572 2388 τοὺς
1607 2335 1765 2388 ἐναν-

180 2425 331 2487 τίους
365 2426 397 2477 ὁ
426 2425 729 2494 στρατηγὸς
755 2464 771 2487 ,
799 2424 907 2478 τῶν
955 2425 1096 2478 κατὰ
1134 2426 1358 2496 δύναμιν
1394 2425 1620 2496 ἀγώνων
1666 2428 1766 2480 οὐκ

177 2514 514 2587 ἀφεξόμεθα.
560 2516 712 2570 Ἐπεὶ
736 2517 916 2570 τοίνυν
937 2516 1227 2586 διελέγχων
1260 2519 1463 2580 ἐκεῖνος
1493 2517 1590 2587 τὴν
1628 2519 1767 2586 ἠπα-

179 2606 424 2676 τημένην
455 2607 555 2676 τῆς
603 2607 867 2678 αἱρέσεως
901 2610 993 2662 καὶ
1030 2609 1398 2662 ἀνυπόστατον
1442 2610 1763 2678 φαντασίαν,

180 2697 434 2767 οὐδαμῶς
469 2697 641 2761 ἄλλως
686 2699 786 2770 τὴν
828 2700 1199 2769 προσηγορίαν
1239 2700 1336 2768 τῆς
1367 2700 1766 2770 ἀγεννησίας,ῆ

182 2788 306 2843 κατ’
332 2788 576 2846 ἐπίνοιαν
595 2830 610 2854 ,
639 2791 802 2860 φησὶν
850 2789 1195 2859 ἐπιλέγεσθαι
1247 2791 1324 2861 τῷ
1375 2791 1513 2862 Θεῷ,
1547 2792 1639 2845 καὶ
1668 2792 1766 2856 τὰς

181 2880 484 2945 ἀποδείξεις
509 2882 777 2951 ἐπήγαγε,
812 2885 928 2946 ταῖς
954 2900 1011 2936 τε
1054 2886 1255 2947 κοιναῖς
1302 2884 1395 2937 καὶ
1421 2885 1538 2946 ταῖς
1567 2884 1770 2954 Γραφι-

183 2974 309 3036 καῖς
354 2973 681 3045 μαρτυρίαις
728 2974 1156 3044 ἠσφαλισμένας.
1202 2976 1261 3028 Ὀ
1306 2974 1363 3028 δὲ
1409 2975 1508 3045 τῆς
1556 2976 1769 3045 ἀπάτης

183 3065 413 3136 εὑρετὴς
448 3065 729 3136 Εὐνόμιος,
771 3065 893 3121 οὔτε
927 3066 1229 3119 συντίθεται
1284 3068 1397 3129 τοῖς
1432 3068 1766 3136 εἰρημένοις,

181 3156 305 3207 οὔτε
342 3155 672 3226 ἀνατρέπειν
700 3155 937 3219 δυνατῶς
970 3156 1117 3226 ἔχει,
1150 3157 1503 3226 συνεχόμενος
1534 3157 1590 3210 δὲ
1634 3158 1769 3227 πρὸς

181 3248 279 3315 τὴν
307 3245 568 3317 ἀλήθειαν
587 3287 601 3311 ,
631 3249 744 3318 ὅσῳ
770 3247 1195 3317 τηλαυγέστερον
1226 3246 1519 3316 διαλάμπει
1544 3247 1643 3316 τῆς
1677 3248 1763 3301 εὖ-
1794 3228 1855 3283 c‘

182 3336 401 3399 σεδςίας
427 3336 500 3390 τὰ
524 3336 791 3407 δόγματα,
822 3336 1074 3390 τοσοῦτον
1106 3336 1304 3406 μᾶλλον
1325 3336 1464 3390 κατά
1486 3338 1553 3389 τὰ
1583 3345 1774 3397 νυκτί-

182 3445 325 3497 νομα
350 3427 464 3481 τῶν
491 3427 643 3492 ζώων
694 3428 829 3498 πρὸς
856 3429 918 3481 τὺ
961 3427 1078 3497 φῶς
1102 3426 1465 3497 ἀμϐλυώττων
1486 3465 1505 3492 ,
1529 3428 1622 3480 καὶ
1648 3428 1766 3480 οὐδὲ

180 3521 280 3581 τὰς
311 3519 565 3590 συνήθεις
600 3520 708 3573 τῶν
741 3519 1089 3590 σοφισμάτων
1131 3520 1448 3583 καταδύσεις
1477 3520 1767 3591 εὑρίσκων,

184 3611 364 3679 μάτην
392 3609 778 3664 δωπλανᾶται·
811 3612 905 3664 καὶ
936 3612 1069 3684 πρὸς
1103 3611 1163 3664 τὸ
1190 3611 1283 3664 τοῦ
1306 3611 1531 3680 ψεύδους
1566 3611 1765 3676 ἀδιεξὸο

179 3702 370 3755 δευτον
422 3701 608 3756 εἰσιὼν
647 3703 776 3774 περὶ
816 3704 885 3756 τά
918 3703 1057 3757 αὐτὰ
1105 3704 1456 3758 ουνειλεῖται.
1496 3704 1604 3757 Καὶ
1663 3705 1768 3764 πᾶς

184 3793 331 3864 αὐτῷ
383 3794 570 3865 σχεδὸν
613 3797 742 3867 περὶ
793 3796 889 3867 τὴν
931 3796 1101 3865 αὐτὴν
1141 3794 1407 3864 φλυαρίαν
1449 3794 1477 3845 ὁ
1522 3792 1767 3861 δεύτερος

185 3888 584 3959 κατησχόληται
620 3890 797 3951 πόνος.
831 3890 928 3943 Διά
968 3889 1125 3943 τοῦτο
1153 3887 1332 3951 καλῶς
1365 3886 1476 3958 ἔχει
1505 3887 1596 3939 καὶ
1638 3889 1775 3957 ἡμῖν

185 3985 240 4035 ἐν
298 3980 475 4052 τούτῳ
510 3981 757 4049 γενέσθαι
788 3981 885 4055 τὴν
931 3982 1065 4053 πρὸς
1115 3984 1240 4045 τοὺς
1285 3983 1769 4053 ἀντιτεταγμένους

186 4074 393 4145 μάχην,
421 4074 480 4127 ἐν
528 4067 573 4141 ᾧ
620 4073 714 4128 καὶ
750 4075 780 4128 6
818 4075 1097 4147 πρόμαχος
1149 4073 1306 4145 ἡμῶν
1352 4072 1441 4127 διά
1491 4073 1582 4127 τοῦ
1636 4074 1766 4129 ἰδίου

184 4167 541 4238 καθηγήσατο
572 4166 752 4237 λόγου.

1867 1979 2109 2049 gladium
2152 1978 2418 2050 Spiritus,
2457 1997 2673 2050 semper
2705 1982 3009 2038 obtendens
3049 2001 3062 2036 :
3102 1984 3191 2038 hic
3234 1986 3455 2055 quidem

1866 2072 2266 2142 antesignanus
2293 2073 2498 2128 militiae
2531 2073 2745 2129 Domini
2769 2084 3081 2147 propugnat
3102 2076 3154 2130 in
3179 2092 3454 2140 sermone,

1867 2181 2026 2231 quem
2077 2173 2269 2219 contra
2323 2165 2573 2221 lueresim
2628 2167 2954 2231 elaboravit,
2999 2168 3217 2224 fervens
3258 2178 3313 2225 et
3357 2170 3455 2224 de-

1870 2254 2122 2321 fendens,
2175 2271 2239 2311 ac
2292 2266 2484 2335 contra
2549 2257 2738 2315 hostes
2797 2259 3099 2315 fortissime
3144 2269 3198 2315 et
3252 2261 3458 2331 optime

1867 2364 1927 2403 se
1977 2365 2193 2418 gerens.
2240 2348 2352 2406 Nos
2404 2359 2584 2405 autem
2632 2368 2730 2406 ceu
2775 2354 2927 2421 plebs
2965 2354 3084 2408 sine
3132 2355 3373 2417 nomine,
3404 2361 3460 2409 ct

1868 2439 2031 2492 veluti
2080 2438 2282 2494 milites
2335 2436 2595 2508 gregarii,
2650 2441 2844 2510 clypeo
2903 2440 3056 2495 illius
3110 2442 3455 2512 antesignani

1866 2539 1920 2583 ct
1972 2532 2394 2600 propugnatoris
2443 2530 2677 2585 obvelati
2728 2539 2783 2586 et
2830 2534 3083 2600 protecti,
3120 2541 3282 2602 prout
3334 2534 3451 2603 ipse

1869 2621 1992 2675 belli
2045 2622 2154 2675 dux
2194 2621 2411 2690 praeibit
2460 2621 2725 2677 adversus
2758 2621 2966 2684 hostes,
3016 2624 3085 2677 ab
3137 2622 3225 2678 his
3272 2634 3453 2679 certa-
3544 2672 3557 2681 .

1870 2712 2107 2766 minibus
2142 2729 2263 2782 qua:
2307 2730 2403 2779 pro
2443 2712 2649 2768 nostris
2699 2712 2911 2769 viribus
2960 2713 3183 2777 fuerint,
3217 2730 3325 2769 non
3360 2716 3457 2772 ab-

1869 2803 2218 2860 stinebimus.
2266 2804 2539 2870 Quoniam
2586 2805 2757 2876 igitur
2799 2806 2890 2861 ille
2919 2805 3250 2876 redarguens
3279 2823 3343 2862 ac
3368 2825 3455 2864 re-

1868 2894 2063 2950 fellens
2114 2894 2386 2960 fallacem,
2439 2905 2493 2952 et
2552 2912 2674 2966 qua:
2740 2912 2849 2951 non
2900 2904 3081 2966 potest
3131 2896 3455 2966 subsistere,

1873 2987 2213 3057 opinionem,
2250 3003 2356 3041 non
2386 2987 2547 3041 aliter
2574 2987 2750 3058 inquit
2781 2988 3004 3057 ingeniti
3037 2988 3455 3057 appellationem

1870 3078 1937 3132 de
1993 3077 2101 3133 Deo
2145 3078 2274 3142 diei,
2339 3095 2503 3150 quam
2556 3095 2621 3132 ex
2678 3079 2959 3134 hominum
3016 3088 3363 3145 «temulento;
3401 3090 3455 3135 et

1872 3171 2376 3225 demonstrationes
2405 3171 2690 3239 subjunin
2732 3173 3119 3227 communibus
3156 3171 3373 3225 notitiis
3399 3180 3456 3225 et

1872 3278 2042 3317 saera:
2077 3261 2378 3331 Scriptura:
2404 3263 2734 3317 testimoniis
2758 3262 3131 3317 conﬁrmatas.
3155 3264 3222 3315 At
3248 3261 3456 3317 erroris

1872 3356 2124 3409 inventor
2155 3354 2461 3409 Eunomius
2509 3370 2685 3423 neque
2714 3354 3014 3409 assentitur
3048 3353 3235 3415 dictis,
3271 3367 3452 3420 neque

1873 3455 2116 3501 evertere
2188 3454 2400 3515 potest;
2464 3445 2798 3500 constrictus
2857 3454 3040 3498 autem
3098 3458 3128 3496 a
3177 3444 3449 3503 veritate.

1882 3548 2089 3608 quanto
2120 3540 2413 3610 Inlgentius
2440 3540 2655 3609 pictatis
2684 3539 2936 3609 dogmata
2963 3538 3268 3607 perlucent,
3300 3544 3453 3589 tanto

1879 3632 2053 3699 magis
2100 3630 2246 3685 sicut
2282 3633 2570 3700 noctivaga
2613 3630 2868 3683 animalia
2897 3628 2962 3682 ad
3000 3629 3174 3682 lucem
3207 3628 3454 3696 caligatis

1873 3729 1925 3774 et
1963 3721 2330 3785 hallucinans,
2371 3736 2545 3788 neque
2598 3728 2898 3773 consuetas
2942 3719 3312 3787 captiosarutn
3360 3734 3451 3769 ar-

1871 3813 2339 3880 gumentationum
2398 3813 2636 3865 latebras
2673 3809 2977 3871 inveniens,
3015 3810 3219 3863 frustra
3254 3807 3452 3862 dubius

1872 3912 2123 3970 vagatur.
2170 3911 2223 3957 et
2284 3903 2348 3956 ad
2401 3903 2669 3956 mendacii
2720 3900 3107 3956 diverticulum
3162 3901 3313 3955 exitu
3361 3915 3453 3953 ca-

1871 4007 2000 4049 rens
2048 3993 2365 4064 ingrediens
2415 3995 2624 4049 circum
2676 3992 2869 4048 eadem
2916 3992 3241 4047 devolvitur.
3276 3989 3453 4058 Atque

1873 4084 2052 4140 omnis
2100 4083 2221 4154 ejus
2271 4084 2426 4139 labor
2484 4083 2762 4139 secundus
2814 4084 2869 4138 in
2915 4082 3105 4137 eadem
3158 4080 3453 4150 nugatione

1877 4174 1986 4230 fere
2004 4186 2088 4229 est
2121 4182 2444 4244 occupatus.
2468 4172 2598 4227 Eam
2620 4173 2690 4227 ob
2717 4187 2940 4228 causam
2974 4172 3237 4242 praeclare
3267 4168 3450 4230 habet,

185 4261 230 4313 si
261 4261 318 4314 iu
348 4273 421 4315 eo
450 4269 643 4315 contra
685 4258 1031 4316 adversarios
1057 4255 1275 4314 anobis
1306 4271 1483 4328 pugna
1516 4260 1755 4325 ineatur,
1795 4262 1984 4335 inquo
2011 4274 2199 4321 noster
2227 4274 2598 4336 propugnator
2633 4278 2734 4319 suo
2776 4279 3031 4320 sermone
3096 4263 3236 4318 viam
3309 4274 3448 4330 pra:-

184 4353 539 4410 nionstravit.

256 4449 483 4519 Πρῶτον
508 4446 565 4500 δέ
603 4465 746 4518 φημι
792 4448 990 4518 χρῆναι
1027 4450 1202 4503 πᾶσαν
1234 4450 1326 4502 ἐπὶ
1355 4449 1633 4518 κεφαλαίῳ
1670 4448 1767 4517 τὴν

1945 4447 2184 4500 Primum
2217 4453 2396 4499 autem
2428 4444 2553 4499 dico
2586 4450 2840 4513 Oporterc
2870 4458 3085 4499 onmem
3135 4443 3450 4501 summatim

180 4541 463 4611 ἡμετέραν
492 4541 621 4611 περὶ
646 4538 755 4592 τῶν
785 4540 1068 4610 δογμάτων
1107 4541 1370 4611 ὑπόληψιν
1414 4541 1506 4595 καὶ
1536 4542 1635 4612 τὴν
1664 4540 1770 4594 τῶν

181 4630 400 4702 {xopth
451 4629 586 4698 πρὸς
637 4630 784 4699 ἡμᾶς
835 4629 1130 4699 διαφωνίαν
1175 4632 1495 4703 ἐπιδραμεῖν
1527 4672 1541 4695 ,
1579 4633 1654 4695 ώς
1703 4632 1805 4685 ἀν’

182 4722 399 4789 γένοιτο
444 4719 564 4774 καθ’
589 4719 706 4773 ὁδὸν
755 4721 948 4792 ήμῖνὴ
987 4721 1096 4774 τῶν
1138 4723 1508 4793 προκειμένων
1557 4723 1765 4791 σκέψις.

184 4813 347 4867 Ἐστι
390 4812 568 4865 τοίνυν
603 4814 663 4867 τὸ
704 4813 994 4882 κεφάλαιον
1036 4814 1132 4883 τῆς
1167 4813 1273 4867 τῶν
1310 4815 1648 4884 Χριστιανῶν
1680 4814 1772 4867 εύ-

182 4903 434 4965 αεὸείας,
462 4900 522 4954 τὸ
572 4901 850 4956 πιστεύειν
890 4902 980 4955 τὸν
1008 4903 1282 4972 Μονογενῆ
1329 4902 1480 4966 Θεὸν,
1520 4905 1579 4965 ὃς
1621 4904 1767 4957 ἐστιν

180 4991 446 5063 ἀλήθεια.
469 4993 562 5045 καὶ
600 4992 715 5061 φῶς
766 4992 1036 5069 ἀληθινρν,
1071 4994 1163 5048 καὶ
1209 4993 1437 5062 δύναμις
1488 4994 1644 5056 Θεοῦ,
1675 4995 1766 5047 καὶ

182 5086 330 5154 ζωήο
362 5081 582 5153 ἀληθῶς
616 5085 789 5139 πάντα
817 5074 1021 5139 εἶναιά
1046 5086 1281 5154 λέγεται,
1308 5088 1374 5140 τά
1408 5103 1462 5138 τε
1494 5085 1629 5139 ἄλλα
1675 5087 1769 5139 καὶ

181 5177 297 5245 πρὸ
314 5176 426 5228 τῶν
450 5175 626 5230 ἄλλων
666 5177 861 5239 ταῦτα,
886 5178 1019 5231 Θεὸν
1064 5179 1155 5231 καὶ
1189 5180 1461 5249 ἀλήθειαν,
1497 5178 1764 5242 τουτέστι,

179 5271 320 5323 Θεὸν
341 5270 485 5322 κατά
507 5269 763 5340 ἀλήθειαν
784 5272 870 5324 ἀεὶ
897 5273 1045 5335 ὄντα,
1068 5273 1204 5342 ὅπερ
1226 5276 1422 5325 νοεῖται
1448 5272 1539 5325 καὶ
1566 5271 1766 5340 ὀνομά-

182 5361 340 5424 ζεται
372 5376 387 5389 ο
420 5361 515 5413 καὶ
540 5359 661 5413 οὔτε
706 5362 831 5414 ποτὲ
862 5362 935 5432 μὴ
970 5363 1115 5426 ὄντα,
1147 5362 1270 5416 οὔτε
1306 5364 1435 5416 ποτε
1475 5362 1549 5433 μὴ
1579 5363 1769 5432 ἐσόμε-

176 5468 296 5504 νον.
318 5445 400 5503 Οὖ
427 5453 490 5505 τὸ
516 5449 654 5505 εἶναι
684 5455 713 5506 ὅ
764 5454 816 5506 τί
864 5470 991 5521 ποτε
1048 5456 1185 5526 κατ’,
1209 5454 1396 5507 ούσίαν
1434 5455 1569 5516 ἐστὶ,
1594 5457 1767 5507 πᾶσαν

174 5541 449 5610 ὲιφιύγει
500 5542 906 5614 καταληπτικὴν
938 5543 1123 5612 ἔφοδον
1181 5546 1272 5598 καὶ
1322 5544 1769 5615 πολυπραγμοσύο

176 5648 306 5703 την.
350 5631 621 5703 ἸΙμῖνδὲ,
653 5634 832 5700 καθώς
874 5652 1006 5706 φησι
1053 5637 1147 5707 τῆς
1184 5636 1384 5706 Σοφίσς
1433 5641 1459 5690 ό
1505 5638 1677 5702 λόγος,
1704 5638 1768 5691 ἐκ

262 5812 282 5843 ³
328 5810 461 5880 Sap.
505 5826 621 5875 λιιι,
653 5808 707 5864 ὅ.

1875 4547 2122 4593 nostram
2154 4536 2221 4590 de
2258 4535 2495 4590 decretis
2522 4535 2834 4605 opinionem
2865 4542 2919 4590 et
2945 4535 3291 4590 inimicorum
3318 4552 3452 4592 con«

1872 4640 1953 4685 tra
2005 4646 2106 4686 nos
2151 4628 2546 4683 dissensionem
2601 4641 2943 4697 percurrere,
3003 4634 3061 4679 ut
3108 4635 3254 4682 recte
3288 4635 3452 4698 atque

1870 4723 2063 4778 ordine
2100 4720 2258 4775 nobis
2299 4718 2557 4788 procedat
2592 4718 3026 4789 propositionum
3061 4719 3449 4775 consideratio.

1871 4812 1968 4869 Est
2020 4813 2184 4883 igitur
2229 4811 2558 4866 Christiana:
2613 4809 2833 4880 pietatis
2887 4818 3054 4879 caput
3110 4817 3166 4865 et
3215 4826 3449 4879 summa,

1873 4905 2220 4978 Unigenitum
2268 4902 2443 4959 Deum
2489 4902 2734 4965 credere,
2766 4903 2860 4972 qui
2890 4912 2974 4957 est
3008 4902 3231 4969 veritas,
3266 4910 3322 4958 et
3358 4902 3452 4958 lux

1873 5008 2098 5061 vera,et
2140 4997 2233 5053 Dei
2276 4998 2470 5059 virtus,
2501 5003 2555 5051 et
2586 4995 2718 5057 vita,
2753 5010 2881 5049 vere
2931 4995 3116 5049 omnia
3164 5010 3289 5051 esse
3332 5010 3453 5065 quae

1873 5092 2094 5155 dicitur,
2143 5092 2357 5160 aliaque
2396 5098 2452 5144 et
2485 5096 2611 5143 ante
2645 5087 2750 5140 alia
2786 5088 2921 5149 hcce,
2977 5086 3144 5142 Deum
3178 5101 3371 5157 nempe
3399 5096 3453 5142 et

1874 5182 2178 5240 veritatem,
2218 5179 2319 5233 huc
2350 5187 2433 5233 est
2487 5178 2653 5232 Deum
2698 5177 2753 5231 in
2804 5177 3031 5230 veritate
3064 5191 3278 5245 semper
3306 5193 3451 5240 esse,

1873 5270 2016 5341 quod
2042 5269 2361 5339 intelligitur
2385 5278 2438 5325 et
2474 5267 2790 5323 nominatur
2817 5287 2828 5320 :
2863 5262 3039 5337 neque
3067 5281 3309 5334 unquam
3336 5283 3450 5323 non

1873 5380 2011 5425 esse.
2070 5376 2249 5431 neque
2296 5376 2532 5430 unquam
2579 5375 2688 5412 non
2729 5357 2971 5411 futurum
3024 5375 3037 5410 :
3093 5357 3253 5425 cujus
3304 5374 3449 5418 esse.

1873 5453 2136 5527 quidquid
2168 5453 2384 5507 tandem
2419 5468 2514 5522 per
2544 5451 2838 5505 essentiam
2869 5458 2973 5515 est,
3015 5466 3230 5505 omnem
3265 5450 3452 5522 eﬂ‘ugit

1874 5545 2376 5615 compreltensivam
2449 5540 2877 5596 insinuationem
2935 5549 2990 5597 et
3048 5542 3444 5597 curiositatem.

1873 5638 2040 5693 Nobis
2092 5650 2297 5699 autem,
2341 5636 2481 5691 sicut
2527 5634 2702 5704 inquit
2755 5634 3043 5705 Sapientie
3075 5649 3254 5690 sermo
3286 5635 3329 5701 ⁸,
3378 5650 3447 5689 οι
