4002 6218
475 352 581 410 N5

477 486 662 529 rerum
727 476 1037 527 creatarum
1092 471 1468 543 magnitudine
1524 480 1579 529 et
1642 474 2124 548 pulchritudineA

477 563 833 635 proportione
871 562 1108 633 quadam
1160 579 1349 619 eorum
1383 581 1505 635 quae
1555 575 1966 634 cognoscuntur
1998 567 2052 620 in

477 650 849 723 cegnitionem
885 654 1035 708 venit
1072 654 1216 723 quod
1252 656 1340 715 sit.
1375 657 1551 709 solum
1593 654 1752 710 iidem
1781 672 1879 727 per
1912 672 2045 727 ope-

477 745 744 811 ιιειίοηεε,
781 742 1396 816 noncognitionemejus
1412 749 1554 815 quod
1591 747 1664 802 sit
1713 750 2049 818 gratiﬁcans.

476 837 616 892 Cum
655 837 820 907 igitur
868 837 982 891 haec
1034 837 1177 906 apud
1230 852 1422 893 omnes
1454 838 1800 896 Christianos
1852 841 2047 896 intelli-

480 928 663 1000 gentia
698 928 1007 999 praevaleat,
1031 928 1153 983 illos
1189 936 1369 983 autem
1391 929 1515 983 dico
1552 930 1653 1000 qui
1678 931 1778 985 hac
1811 933 2054 1002 appella-

482 1022 630 1077 tione
663 1029 792 1076 sunt
821 1021 992 1092 digni,
1046 1021 1140 1091 qui
1173 1036 1241 1075 ex
1271 1021 1387 1091 lege
1430 1021 1566 1075 nihil
1623 1022 1855 1078 adorare
1907 1023 2053 1093 quod

480 1128 591 1168 non
622 1113 693 1168 sit
738 1128 900 1168 verus
940 1112 1103 1178 Deus,
1135 1113 1468 1179 didicerunt,
1507 1112 1637 1168 dum
1684 1114 1788 1184 ipsi
1823 1115 2055 1169 adorant

487 1201 836 1272 Unigenitum
877 1201 1066 1268 Deum,
1105 1202 1160 1256 in
1195 1204 1422 1258 veritate
1464 1203 1794 1259 confitentur
1825 1220 1923 1259 nec
1958 1205 2057 1259 fal-

483 1294 811 1351 sinomincm
848 1294 1015 1350 Deum
1041 1310 1187 1358 esse,
1228 1297 1543 1366 eorruptrix
1578 1297 1770 1367 rubigo
1801 1297 2057 1353 Ecclesia:

482 1387 726 1452 inolevit,
767 1402 886 1456 quae
921 1386 1006 1455 pia
1049 1385 1259 1441 semina
1305 1386 1518 1440 inutilia
1552 1387 1805 1452 reddens,
1842 1386 2055 1443 Judaici

482 1475 691 1530 erroris
741 1484 990 1545 patrona,
1032 1476 1196 1530 habet
1245 1476 1449 1546 aliquid
1487 1478 1817 1544 Graecanica
1868 1479 2059 1548 impie-

484 1563 634 1618 tatis.
664 1562 724 1616 In
754 1577 820 1617 eo
861 1563 1006 1618 enim
1040 1563 1185 1633 quod
1218 1563 1384 1619 Deum
1412 1565 1575 1637 ﬁngat
1607 1554 1873 1632 creatum,
1906 1568 2059 1624 Grae-

485 1668 677 1712 corum
706 1654 882 1709 errori
915 1655 1316 1724 patrocinatur;
1350 1655 1405 1711 in
1432 1673 1499 1713 eo
1527 1673 1657 1715 vero
1686 1659 1833 1730 quod
1858 1659 2059 1715 Filium

487 1750 597 1799 n’on
630 1745 913 1815 suscipiat,
951 1744 1239 1802 Iudaicum
1274 1751 1617 1804 commendat
1642 1764 1905 1807 errorem.
1935 1751 2060 1807 Haec

484 1836 652 1906 igitur
685 1814 908 1893 haeresis
940 1852 1061 1907 quae
1088 1837 1343 1894 obliterat
1386 1854 1567 1894 veram
1612 1838 1826 1895 Domini
1861 1840 2059 1897 divini-
2092 1814 2137 1873 Β

486 1937 678 1992 tatem,
712 1937 765 1984 et
793 1943 915 1998 quae
949 1929 1127 1999 ipsum
1159 1944 1268 1984 non
1301 1929 1606 1987 increatum
1636 1928 2061 1987 existimandum

485 2036 610 2077 esse
638 2022 938 2091 praestruit,
982 2035 1086 2077 nec
1137 2021 1269 2076 illud
1325 2036 1451 2076 esse
1493 2021 1641 2091 quod
1692 2022 1915 2093 quidem
1964 2038 2063 2093 per

484 2115 780 2172 essentiam
820 2122 876 2169 et
924 2114 1179 2169 virtutem
1233 2121 1289 2168 et
1342 2113 1660 2183 dignitatem
1702 2123 1789 2169 est
1850 2114 2060 2170 Pater:

488 2202 763 2268 siquidem
820 2202 1022 2270 ubique
1075 2204 1306 2257 veritate
1351 2201 1802 2271 cirrumt’ulgente
1854 2204 2061 2260 nullam

489 2292 691 2347 habent
735 2290 1173 2346 adstructionem
1242 2290 1357 2346 haec
1414 2292 1677 2347 nebulosa
1732 2301 2059 2359 commenta,

488 2381 747 2437 oninibus
780 2381 1111 2451 posthabitis
1158 2398 1280 2453 quae
1317 2383 1384 2438 ad
1426 2381 1535 2436 Deo
1564 2382 1819 2438 decoram
1848 2393 1901 2438 et
1929 2398 2062 2439 eon-

488 2475 797 2530 venientem
869 2475 1106 2544 aliquam
1167 2474 1625 2546 gloriﬁcationem
1680 2490 1713 2531 a
1777 2474 2063 2547 Scriptura

488 2570 715 2625 inventa
764 2580 893 2625 sunt
920 2570 1167 2635 nomina,
1198 2579 1252 2627 et
1285 2587 1406 2643 qum
1438 2580 1547 2626 tam
1593 2572 1660 2628 de
1707 2571 1866 2628 Patre
1898 2587 2061 2642 quam

488 2660 560 2716 de
603 2659 744 2715 Filio
795 2660 1087 2729 dicuntur;
1135 2670 1401 2717 venerunt
1454 2662 1521 2717 ad
1567 2663 1623 2718 id
1676 2663 1821 2733 quod
1862 2663 2064 2720 dicitur

487 2766 687 2807 nomen
727 2752 1075 2823 ἀγεννησίας.
1129 2753 1197 2805 ab
1251 2752 1338 2808 his
1383 2754 1516 2823 ipsis
1577 2754 1632 2807 in
1693 2763 2060 2825 contemptum

488 2844 798 2914 tnajestatis
832 2842 1106 2914 Unigeniti
1131 2845 1447 2899 contlctum.
1482 2847 1617 2900 Cum
1641 2847 1785 2901 enim
1818 2842 1903 2917 pia
1935 2860 2064 2901 con-

488 2935 665 2991 fessio
695 2935 853 2990 [idem
881 2938 935 2990 in
969 2933 1319 3005 Unigenitum
1345 2935 1515 2992 Deum
1562 2936 1755 2992 doceat
1784 2946 1845 2992 ut
1872 2952 2061 2994 omnes

495 3026 695 3088 Filium
729 3028 1016 3092 honorent,
1054 3027 1195 3082 sicut
1242 3026 1456 3082 Patrem
1495 3027 1673 3096 ipsum
1710 3028 1915 3083 honore
1944 3028 2060 3081 alii-

466 3120 686 3173 ‘eiunt:
719 3133 910 3173 omnes
945 3118 1081 3174 istas
1128 3119 1246 3188 pias
1277 3132 1437 3173 voces
1471 3119 1673 3188 quibus
1718 3119 1839 3174 Filii
1870 3118 2061 3190 ampli-

490 3211 643 3275 tudo,
666 3209 785 3280 pari
808 3209 1166 3265 honorecum
1207 3209 1384 3264 Patris
1406 3210 1671 3279 dignitate
1698 3211 2057 3282 significatur,

489 3302 893 3373 propulsantes,
917 3302 1043 3357 inde
1073 3302 1177 3357 sibi
1208 3301 1345 3372 ipsis
1367 3302 1589 3358 nefaria;
1613 3311 1667 3358 ct
1700 3303 1865 3359 Deum
1897 3303 2064 3359 abne-

491 3396 672 3466 gantis
723 3397 777 3452 in
809 3395 1062 3467 dogmate
1113 3396 1409 3466 impietatis
1460 3399 1726 3469 principia
1765 3406 1820 3454 et
1868 3398 2065 3454 funda-

491 3497 674 3541 menta
705 3487 1219 3542 comminiscuntur.
1258 3488 1525 3554 Quoniam
1562 3491 1706 3545 enim
1753 3490 2064 3558 unigenitus

491 3578 658 3640 Deus,
690 3578 832 3633 sicut
857 3594 957 3632 vox
986 3578 1262 3650 Evangelii
1290 3580 1469 3643 docet.
1497 3597 1562 3636 ex
1593 3579 1755 3636 Patre
1781 3581 1972 3647 exivit,
2008 3587 2065 3635 et

492 3671 562 3723 ab
608 3685 674 3726 eo
706 3677 793 3725 est
834 3687 849 3724 :
886 3670 1011 3726 aliis
1051 3670 1367 3727 nominibus
1406 3672 1818 3742 intelligentiam
1874 3686 2068 3741 perpe-

493 3777 610 3817 ram
655 3768 1109 3830 transmutantes,
1165 3765 1262 3835 per
1315 3764 1407 3818 illa
1435 3779 1619 3819 veram
1674 3763 1831 3819 [idem
1864 3762 2067 3819 dilace-

493 3861 636 3908 rant.
655 3852 791 3909 Cum
816 3854 963 3909 enim
990 3855 1195 3911 veritas
1221 3855 1436 3919 doceat,
1463 3853 1608 3923 quod
1634 3852 1797 3910 Pater
1823 3869 1889 3910 ex
1917 3842 2062 3907 nulla

493 3945 776 4016 superiore
803 3946 875 4001 sit
901 3960 1089 4011 causa,
1130 3946 1218 4002 isti
1251 3946 1599 4018 ἀγεννησίαν,
1632 3945 1687 4000 id
1718 3954 1826 4008 est,
1857 3946 2068 4014 ingenc-

493 4038 777 4103 rationem,
815 4037 1171 4092 nominarunt
1208 4036 1367 4092 talem
1397 4036 1696 4100 notionem,
1722 4046 1778 4091 et
1806 4051 1870 4090 ex
1908 4035 2068 4090 Patre

495 4126 771 4198 Unigenitl
805 4128 1221 4185 snbsistentiam
1258 4128 1628 4200 generationis
1655 4127 1876 4182 nomine
1896 4126 2068 4197 signi-

497 4219 659 4272 tieant
684 4234 698 4272 :
728 4216 925 4273 deinde
944 4217 1082 4273 duas
1103 4233 1267 4273 voces
1285 4226 1692 4288 componentes,
1719 4215 2063 4287 ἀγεννησίαν,

494 4310 959 4379 ingenerationem,
1000 4318 1055 4365 et
1090 4310 1366 4381 γέννησιν,
1391 4311 1798 4381 generationem,
1849 4322 2067 4364 contra-

494 4401 725 4457 dietorie
755 4402 857 4458 sibi
888 4401 1122 4457 invicem
1158 4401 1536 4465 adversantes,
1574 4399 1699 4457 inde
1723 4415 2068 4471 consequen-

494 4492 628 4548 tium
681 4492 901 4564 ignaros
947 4500 1001 4548 et
1050 4493 1328 4563 imperitos
1376 4493 1428 4547 in
1466 4507 1710 4547 errorem
1755 4492 2060 4562 impellunt.
2096 4508 2141 4562 ι)

494 4580 628 4637 Nam
674 4592 732 4637 ut
770 4584 919 4654 quis,
960 4583 1192 4653 exempli
1225 4583 1422 4654 gratia,
1471 4583 1783 4649 deelararit,
1844 4585 2065 4654 genitus

494 4681 602 4737 est,
635 4684 689 4730 et
718 4689 829 4729 non
860 4682 944 4730 est
965 4675 1206 4745 genitus,
1240 4674 1348 4728 tale
1376 4680 1480 4739 est,
1510 4673 1671 4742 quale
1702 4673 1853 4729 sedet
1872 4682 1926 4729 et
1956 4691 2066 4730 non

494 4764 665 4829 sedet,
692 4774 744 4820 et
774 4780 1110 4835 quaecunque
1159 4766 1250 4819 tali
1286 4763 1587 4820 ell‘eruntur
1614 4763 1775 4819 modo
1815 4783 1828 4819 :
1858 4765 1910 4821 hi
1939 4782 2068 4823 vero

493 4857 631 4912 istas
646 4871 804 4911 voces
833 4857 901 4910 ab
917 4872 980 4910 ea
1007 4873 1126 4926 quae
1141 4866 1224 4912 est
1243 4856 1541 4912 secundum
1564 4863 1815 4910 naturam
1833 4859 2068 4927 genuina

496 4945 891 5017 signiﬁcatione
928 4945 1265 5021 dimoventes
1308 4947 1423 5002 sive
1459 4945 1867 5016 detorquentes,
1904 4948 2067 5003 aliam

495 5040 600 5093 sibi
649 5038 784 5109 ipsis
832 5038 1247 5094 accommodare
1300 5037 1713 5109 intelligentiam
1743 5039 2069 5109 ad'pietatis

494 5128 830 5185 eversionem
857 5143 1108 5199 perverse
1145 5128 1500 5182 contendunt.
1544 5127 1680 5181 Cum
1721 5128 1891 5194 enim,
1925 5126 2070 5183 sicut

494 5220 698 5275 dictum
721 5227 824 5284 est,
852 5220 1042 5275 horum
1061 5220 1347 5275 verborum
1376 5220 1733 5291 signiﬁcantia
1750 5220 2071 5290 aequivaleat

495 5311 545 5364 ei
562 5310 705 5379 quod
723 5309 923 5365 dicitur
947 5324 961 5363 :
977 5309 1127 5365 sedet
1140 5319 1193 5366 et
1209 5324 1317 5365 non
1334 5311 1484 5367 sedet
1527 5309 1754 5377 (tollitur
1773 5310 1915 5365 enim
1935 5324 2072 5380 quo-

497 5396 787 5455 dammodo
803 5401 856 5453 in
878 5400 1046 5454 altero
1063 5401 1486 5472 signiﬁcatorum
1510 5401 1780 5472 alterum),
1799 5402 1937 5456 hanc
1951 5414 2071 5470 qua!

498 5494 584 5542 est
633 5490 930 5544 secundum
961 5491 1188 5545 formam
1240 5493 1559 5562 prolationis
1607 5492 2070 5555 contrarietatem.

498 5576 620 5648 ejus
634 5594 756 5647 qum
769 5586 852 5635 est
867 5580 1163 5637 secundum
1186 5584 1478 5640 essentiam
1494 5582 1807 5638 differentiae
1837 5581 2071 5637 indicem

500 5683 625 5725 esse
671 5669 913 5739 captiose
951 5679 1184 5734 certant,
1231 5671 1627 5742 huicqnidem,
1665 5672 1805 5728 Filio
1844 5673 2069 5741 nempe,

504 5761 934 5834 generationem;
972 5760 1047 5815 illi
1075 5776 1220 5827 vero,
1248 5762 1389 5819 Patri
1420 5765 1685 5833 videlicet,
1709 5780 1815 5821 non
1845 5778 2072 5836 genera-

1771 355 1829 415 S.
1865 356 2197 415 GRELORII
2234 356 2531 415 NYSSENI

3623 359 3734 416 916

2156 477 2415 548 μεγέθους
2467 475 2561 529 καὶ
2613 473 2879 544 καλλονῆς
2927 471 3239 542 κτισμάτων
3280 471 3421 526 κατά
3455 489 3582 529 τινα
3627 475 3737 529 τῶν

2152 566 2567 637 γινωσκομένων
2625 565 2915 631 ἀναλογίαν
2972 565 3052 627 είς
3101 561 3303 631 γνῶσιν
3360 563 3583 634 ἔρχεται
3640 565 3734 618 τοῦ

2154 654 2312 721 εἶναι,
2364 658 2522 727 μόνον
2553 656 2651 728 τὴν
2680 657 2863 711 πίστιν
2910 657 2998 713 διὰ
3039 656 3152 710 τῶν
3181 656 3497 727 ἐνεργειῶν,
3527 658 3590 708 οὑ
3632 656 3735 727 τῆν

2154 750 2355 818 γνῶσιν
2423 749 2706 801 τουτέστι·
2728 746 3099 819 χαριζόμενος.
3152 748 3365 818 Ταύτης
3418 747 3599 800 τοίνυν
3638 747 3739 816 τῆς

2154 839 2391 904 διανοίας
2431 839 2581 912 παρὰ
2610 841 2743 893 πᾶσι
2795 842 2906 903 τοῖς
2934 841 3277 912 Χριστιανοῖς
3305 836 3738 909 κεκρατηκυίας,

2154 936 2267 996 τοῖς
2295 949 2360 1001 γε
2390 933 2488 1001 τῆς
2515 932 2830 1003 ἐπωνυμίας
2857 932 3059 1002 ταύτης
3088 932 3280 999 ἀξίοις,
3307 930 3537 994 ἐκείνοις
3569 931 3737 999 φημὶ,

2156 1027 2480 1095 προσκυνεῖν
2515 1024 2664 1099 παρά
2719 1023 2813 1077 τοῦ
2868 1024 3033 1094 νόμου
3093 1023 3468 1094 μεμαθηκόσιν
3504 1021 3671 1093 μηδὲν
3709 1020 3740 1073 δ

2160 1117 2233 1187 μή
2285 1119 2432 1169 ἐστιν
2476 1114 2726 1185 ἀληθινὸς
2770 1116 2936 1179 Θεὸς,
2981 1115 3130 1185 αὑτῷ
3167 1115 3245 1185 τῷ
3285 1116 3612 1186 προσκυνεῖν
3648 1113 3738 1166 τὸν

2160 1204 2421 1276 μονογενῆ
2445 1203 2577 1258 Θεὸν
2597 1246 2611 1268 ,
2638 1204 2990 1274 ὁμολογοῦσιν
3023 1207 3080 1257 ἐν
3100 1203 3328 1275 ἀληθείᾳ
3356 1204 3451 1256 καὶ
3479 1203 3540 1255 οὑ
3571 1201 3740 1271 ψευδ-

2156 1295 2370 1367 ώνυμον
2410 1292 2548 1349 είναι
2591 1295 2743 1358 Θεὸν,
2771 1290 2933 1365 ἦλθεν
2958 1297 2991 1366 ή
3031 1294 3351 1367 φθοροποιὸς
3381 1292 3612 1365 ἐρυσίση
3638 1292 3743 1361 τῆς

2170 1386 2542 1459 Ἐκκλησίαςή
2577 1386 2868 1458 ἀχρειοῦσα
2903 1387 2969 1440 τὰ
2999 1386 3198 1456 εὐσεϐῆ
3237 1386 3546 1457 σπέρματα,
3570 1385 3605 1454 ή
3636 1386 3739 1453 τῆς

2171 1480 2465 1549 Ἰουδαϊκῆς
2524 1480 2739 1550 ἀπάτης
2794 1481 3090 1550 συνήγορος
3142 1477 3341 1550 ἔχουσά
3386 1494 3439 1530 τι
3489 1477 3583 1531 καὶ
3635 1475 3743 1544 τῆς

2171 1570 2485 1642 Ἑλληνικῆς
2530 1569 2739 1633 άθεῖας.
2768 1569 2859 1641 Τῷ
2885 1570 2981 1641 μὲν
3001 1570 3107 1642 γάρ
3137 1568 3350 1623 κτιστὸν
3375 1568 3785 1649 ἀναπλάττεινι

2159 1662 2311 1726 Θεὸν,
2342 1663 2441 1733 τῆς
2471 1661 2580 1715 τῶν
2612 1660 2877 1731 Ἐλλήνων
2928 1660 3139 1732 ἀπάτης
3174 1662 3471 1731 συνήγορος
3506 1659 3740 1727 γίνεταιο

2160 1753 2238 1825 τῷ
2282 1753 2338 1806 δέ
2383 1753 2457 1823 μὴ
2506 1752 2906 1824 παραδέχεσθαι
2953 1754 3046 1807 τὸν
3095 1752 3220 1806 Υἱὸν
3245 1794 3259 1817 ,
3293 1754 3391 1825 τὴν
3444 1752 3745 1824 Ἰουδαῖκὴν

2168 1847 2444 1916 συνίστησι
2490 1845 2695 1917 πλάνην
2728 1862 2740 1876 ι
2777 1844 2915 1915 αὕτη
2942 1844 3121 1898 τοίνυν
3152 1846 3185 1916 ἡ
3234 1845 3441 1914 αἵρεσις
3474 1847 3505 1915 ή
3554 1862 3740 1916 παρα-

2166 1937 2484 2009 γραφορέντ,
2531 1935 2624 2007 τὴν
2678 1934 2939 2007 ἀληθινὴν
2978 1935 3072 1988 τοῦ
3116 1935 3320 2006 Κυρίου
3366 1935 3613 2004 θεότητα,
3642 1935 3742 1988 καὶ

2167 2026 2660 2100 παρασκευάζουσα
2694 2027 2767 2098 μὴ
2818 2026 3069 2080 ἄκτιστον
3101 2027 3264 2082 αὑτὸν
3301 2022 3442 2080 εἶναι
3468 2027 3577 2079 δεῖν
3606 2027 3742 2079 ὑπο-

2166 2116 2461 2188 λαμϐάνειν
2479 2130 2493 2145 ⁸
2523 2117 2618 2170 καὶ
2655 2115 2729 2188 μὴ
2762 2116 2937 2169 ἐκεῖνο
2955 2116 3092 2188 ὅπερ
3117 2118 3233 2170 κατ’
3253 2117 3439 2170 οὑσίαν
3459 2118 3553 2170 καὶ
3578 2115 3743 2170 δύνα-

2170 2224 2262 2277 μιν
2290 2206 2386 2261 καὶ¹
2425 2205 2580 2271 ἀξίαν
2625 2206 2773 2259 ἐστὶν
2817 2207 2846 2259 ὁ
2887 2207 3095 2278 Πατήρ.
3152 2207 3366 2280 Ἐπειδὴ
3407 2207 3745 2278 πανταχόθεν

2165 2298 2267 2368 τῆς
2309 2297 2562 2368 ἀληθείας
2610 2296 3087 2371 τιεριλαμποὺσης,
3133 2299 3385 2370 οὐδεμίαν
3432 2298 3544 2369 ἔχει
3577 2316 3746 2352 κατα-

2169 2389 2367 2461 σκευὴν
2394 2388 2462 2442 τά
2489 2387 2699 2460 ζοφώδη
2724 2388 2898 2443 ταῦτα
2935 2392 3182 2461 νοήματα
3212 2406 3227 2421 ο
3263 2391 3441 2445 πάντα
3476 2390 3586 2442 τῶν
3621 2390 3745 2443 ὀνο-

2170 2482 2354 2551 μάτων
2382 2479 2724 2552 ὑπεριδὸντες
2747 2478 2854 2532 τῶν
2880 2479 2959 2542 είς
2980 2478 3258 2550 θεοπρεπῆ
3290 2495 3411 2532 τινα
3436 2476 3744 2545 δοξολογίαν

2166 2573 2318 2645 παρὰ
2346 2573 2443 2644 τῆς
2479 2572 2702 2643 Γραφῆς
2749 2570 3099 2642 εὑρεθέντων,
3131 2570 3329 2642 ὁμοίως
3369 2570 3462 2624 ἐπὶ
3491 2570 3585 2623 τοῦ
3629 2569 3749 2622 [k-

2164 2665 2294 2737 τρὸς
2317 2664 2411 2718 καὶ
2439 2662 2534 2716 τοῦ
2556 2661 2687 2716 Υίοῦ
2706 2656 3207 2733 λεγομένων,ἦλθον
3233 2661 3324 2714 ἐπὶ
3344 2660 3405 2712 τὸ
3426 2661 3522 2729 τῆς
3567 2660 3749 2726 ἆγεν·

2165 2756 2391 2825 νησίας
2414 2754 2584 2826 ὄνομα
2606 2793 2621 2818 ,
2646 2752 2707 2808 τὸ
2746 2753 2873 2824 παρ’
2912 2752 3088 2807 αὑτῶν
3122 2750 3322 2804 τούτων
3366 2750 3456 2803 ἐπὶ
3486 2748 3745 2819 ἀθετήσει

2166 2848 2264 2919 τῆς
2299 2845 2713 2917 μεγαλειότητος
2759 2844 2852 2897 τοῦ
2892 2841 3212 2914 μονογενοῦς
3239 2841 3373 2895 Θεοῦ
3418 2841 3746 2911 συμπεπλα-

2167 2937 2380 3008 σμένον.
2401 2935 2514 3005 Τῆς
2535 2935 2642 3006 γὰρ
2663 2933 2915 2997 εὐσεϐοῦς
2934 2932 3219 3003 ὁμολογίας
3238 2931 3333 3002 τῆν
3358 2932 3437 2995 είς
3467 2930 3556 2983 τὸν
3585 2947 3749 3000 μονο-

2165 3029 2297 3100 γενῆ
2330 3028 2461 3083 Θεὸν
2493 3027 2673 3081 πίστιν
2704 3025 3168 3096 δογματιζούσης,
3203 3026 3290 3078 ἵνα
3315 3024 3510 3087 πάντες
3536 3021 3747 3093 τιμῶσι

2167 3122 2258 3176 τὸν
2282 3121 2408 3174 Υίὸν
2436 3118 2617 3182 καθὼς
2655 3118 2857 3188 τιμῶσι
2881 3118 2973 3171 τὸν
2998 3117 3233 3187 Πατέρα,
3258 3116 3437 3179 πάσας
3466 3109 3608 3168 οὗτοι
3640 3115 3747 3178 τὰς

2164 3212 2406 3274 εὑσεσεῖς
2431 3211 2631 3280 φωνὰς,
2650 3204 2738 3272 αἷς
2762 3211 2794 3280 ή
2815 3208 2907 3261 τοῦ
2927 3208 3055 3262 Υἱοῦ
3084 3207 3438 3278 μεγαλειότης
3463 3205 3747 3276 ὁμοτίμως

2164 3303 2299 3375 πρὸς
2322 3302 2420 3375 τὴν
2447 3300 2542 3355 τοῦ
2576 3302 2787 3372 Πατρὺς
2819 3301 2973 3365 ἀξίαν
3010 3299 3453 3370 διασημαίνεται,
3484 3297 3747 3364 παρωσά-

2168 3412 2358 3467 μενοι,
2390 3393 2637 3449 ἐντεῦθεν
2681 3395 2893 3456 ἑαυτοῖς
2948 3393 3048 3462 τῆς
3103 3391 3262 3444 ἀθέου
3285 3457 3288 3461 ν
3313 3393 3442 3461 περὶ
3467 3390 3528 3443 τὸ
3564 3390 3747 3461 δόγμα

2166 3487 2508 3557 παρανομίας
2531 3484 2629 3549 τὰς
2654 3484 2827 3555 ἀρχὰς
2854 3486 2947 3538 καὶ
2982 3486 3078 3549 τὰς
3104 3483 3385 3548 ὑποθέσεις
3419 3481 3742 3536 ἐπινοοῦσιν.

2176 3578 2392 3651 Ἐπειδὴ
2427 3580 2533 3650 γὰρ
2559 3581 2587 3632 ὁ
2615 3577 2904 3649 μονογενὴς
2935 3575 3084 3639 Θεὸς,
3107 3576 3181 3639 ὡς
3219 3577 3253 3645 ή
3287 3574 3382 3628 τοῦ
3414 3572 3748 3654 Εὑαγγελίου

2164 3670 2400 3726 διδάσκει
2426 3669 2607 3740 φωνὴ,
2641 3671 2705 3723 ἐκ
2738 3668 2832 3722 τοῦ
2865 3668 3075 3740 Πατρὸς
3116 3666 3324 3738 ἐξῆλθε,
3361 3664 3452 3719 καὶ
3491 3664 3621 3736 παρ’
3653 3666 3751 3717 αὑ-

2165 3761 2259 3817 τοῦ
2288 3764 2434 3815 ἐστιν
2461 3778 2474 3793 ⁸
2509 3760 2689 3824 ἄλλοις
2726 3740 2954 3829 ὀνόμασι
2987 3759 3085 3829 τὴν
3133 3757 3263 3830 παρ’
3297 3755 3461 3810 αὑτοῦ
3502 3755 3748 3809 διάνοιαν

2169 3852 2561 3924 μεταϐαλόντες
2599 3851 2667 3904 δι’
2691 3851 2914 3905 ἐκείνων
2945 3850 3041 3921 τήν
3074 3848 3333 3919 ἀληθινὴν
3360 3847 3540 3901 πίστιν
3571 3863 3750 3900 καταο

2170 3942 2564 4013 σπαράσσουσι.
2602 3942 2674 3996 Τὸ
2713 3943 2822 4015 γάρ
2860 3941 2935 4014 μὴ
2969 3942 3030 3995 ἐκ
3058 3958 3200 4005 τινος
3223 3939 3623 4011 ὑπερκειμένης
3653 3940 3747 3990 at-

2165 4035 2288 4099 τίας
2334 4031 2472 4089 εἶναι
2519 4035 2611 4089 τὸν
2644 4035 2865 4107 Πατέρα
2887 4076 2901 4100 ,
2937 4035 3036 4105 τῆς
3082 4033 3337 4104 ἀληθείας
3367 4030 3748 4099 διδασκούσης,

2166 4120 2309 4179 οὗτοι
2378 4124 2752 4194 ἀγεννησίαν
2803 4126 3092 4197 ὠνόμασαν
3139 4125 3200 4178 τὸ
3250 4123 3488 4178 τοιοῦτον
3529 4124 3751 4194 νόημαο

2167 4216 2260 4270 καὶ
2291 4215 2388 4286 τὴν
2433 4216 2498 4269 ἐκ
2550 4216 2761 4288 Πατρὸς
2805 4216 2898 4271 τοῦ
2943 4214 3284 4284 Μονογενοῦς
3330 4214 3647 4277 ὑπόστασιν,
3669 4213 3755 4284 τῷ

2167 4307 2262 4377 τῆς
2286 4307 2591 4378 γεννήσεως
2616 4307 3024 4378 διασημαίνουσι
3062 4309 3286 4378 ῥήματι.
3305 4304 3437 4359 Εἶτα
3456 4305 3752 4369 συνθέντες

2167 4396 2264 4461 τὰς
2287 4396 2379 4451 δύο
2406 4396 2607 4467 φωνὰς,
2634 4399 2730 4469 τὴν
2775 4399 3145 4469 ἆγε-γνησίαν
3168 4416 3228 4452 τε
3263 4399 3358 4452 καὶ
3381 4398 3478 4469 τὴν
3532 4396 3756 4467 γέν-νη-

2169 4503 2273 4540 σιν
2313 4486 2679 4555 ἀντιφατικῶς
2712 4488 3127 4559 ἐναντιουμένας
3173 4487 3453 4560 ἀλλήλαις,
3490 4487 3756 4542 ἐντεῦθεν

2166 4578 2293 4639 τοὺς
2338 4578 2595 4649 ἀνοήτους
2619 4577 2726 4631 τῶν
2765 4578 3045 4650 ἑπομένων
3072 4579 3252 4644 αὑτοῖς
3277 4578 3751 4651 παρακρούονται.

2168 4666 2241 4720 Τὸ
2266 4666 2374 4737 γὰρ
2401 4668 2663 4740 ἐγεννήθη
2709 4669 2802 4723 καὶ
2830 4670 2931 4722 οὑκ
2958 4669 3217 4742 ἐγεννήθη
3244 4708 3259 4734 ,
3285 4670 3361 4734 ὡς
3394 4654 3459 4723 ἀν
3491 4686 3581 4732 τις
3613 4669 3755 4722 ὑπο-

2167 4759 2419 4829 δείγματι
2466 4760 2809 4830 σαφηνίσειε,
2858 4761 3095 4815 τοιοῦτόν
3147 4763 3329 4827 ἐστιν,
3376 4756 3484 4814 οἷον
3541 4762 3637 4815 καὶ
3691 4761 3754 4814 τὸ

2169 4850 2403 4921 κάθηται
2428 4855 2530 4918 κα).Δ
2552 4852 2611 4905 οὑ
2643 4852 2896 4921 κάθηται,
2935 4853 3152 4908 καΥὸσα
3177 4852 3254 4924 τῷ
3273 4852 3497 4923 τοιούτῳ
3530 4852 3752 4922 λέγεται

2169 4943 2356 5014 τρόπῳ
2379 4959 2390 4973 ·
2417 4944 2466 4996 oi
2487 4943 2543 4999 δὲ
2571 4944 2671 5013 τῆς
2694 4943 2834 4997 κατὰ
2862 4943 3021 5013 φύσιν
3041 4944 3149 4997 τῶν
3180 4945 3439 5016 ῥημάτων
3455 4945 3754 5014 ἐμφάσεως

2168 5034 2268 5099 τὰς
2314 5034 2496 5103 φωνὰς
2538 5035 2739 5100 ταύτας
2790 5038 3293 5108 παρακινήσαντες,
3338 5036 3505 5107 ἀλλην
3566 5037 3749 5098 αὑτοῖς

2173 5124 2503 5196 ἐφαρμόζειν
2547 5126 2780 5181 διάνοιαν
2810 5127 2902 5182 ἐπὶ
2952 5127 3264 5198 καθαιρέσει
3318 5130 3419 5197 τῆς
3465 5126 3750 5188 εὐσεϐείας

2171 5213 2580 5282 φιλονεικοῦσιν.
2635 5216 3073 5289 ῑισοδυναμοὺσης
3119 5216 3249 5289 γάρ,
3289 5217 3471 5280 καθὼς
3509 5218 3747 5288 εἴρηται,

2169 5307 2269 5377 τῆς
2299 5307 2405 5360 τῶν
2432 5309 2689 5379 ῥημάτων
2723 5310 2996 5380 σημασίας
3021 5308 3115 5380 τῷ.
3138 5309 3374 5381 κάθηται
3400 5309 3492 5362 καὶ⁵
3526 5309 3593 5362 οὑ
3615 5306 3749 5361 adﬁ-

2170 5414 2299 5467 ηται
2317 5413 2330 5429 ·
2355 5399 2656 5471 ἀναιρεῖται
2684 5400 2792 5471 γάρ
2822 5418 2939 5464 πως
2965 5403 3022 5455 ἐν
3039 5399 3251 5472 θατέρῳ
3282 5399 3395 5454 τῶν
3412 5396 3749 5472 σημαινομέ-

2171 5506 2277 5542 νων
2310 5488 2371 5543 τὸ
2387 5488 2572 5560 ἓτερον
2592 5509 2606 5524 ο
2631 5490 2832 5563 ταύτην
2852 5491 2950 5562 τὴν
2984 5493 3107 5564 περὶ
3128 5493 3187 5547 τὸ
3208 5496 3393 5564 σχῆμα
3410 5492 3509 5560 τῆς
3542 5507 3751 5561 προφο-

2177 5578 2273 5648 ρᾶς
2296 5578 2604 5637 ἐναντίωσιν
2629 5580 2729 5653 τῆς
2754 5581 2891 5637 κατά
2922 5582 3019 5654 τὴν
3054 5581 3243 5635 οὑσίαν
3274 5579 3635 5653 παραλλαγῆς
3662 5581 3748 5632 iv-

2171 5668 2444 5742 δεικτικὴν
2466 5667 2601 5724 εἶναι
2630 5671 2954 5742 σοφίζονται.
2973 5672 3065 5743 Τῷ
3100 5672 3197 5744 μὲν
3224 5673 3325 5741 τὴν
3361 5671 3643 5742 γέννησιν,
3669 5668 3747 5739 τῷ

2173 5758 2229 5819 δὲ
2267 5760 2364 5832 τήν
2421 5760 2496 5834 μὴ
2527 5761 2776 5835 γέννησιν
2812 5761 3001 5818 οὑσίαν
3025 5757 3163 5818 εἶναι
3187 5761 3547 5833 διοριζόμενοι
3575 5778 3591 5794 -
3624 5759 3747 5816 καί-
