4002 6218
267 333 376 391 9H

1435 340 1713 423 CONTRA
1755 342 2289 411 EUNOMIUM,LIB.
2330 345 2441 400 XII.

3424 341 3526 395 9l3

267 466 353 503 τοι
388 444 581 524 ὥσπερ
609 450 710 502 οὐκ
755 448 899 503 εστιν
946 450 1132 506 οὐσίαν
1171 452 1457 523 ἀνθρώπου
1512 457 1751 528 νομίσαι,
1796 457 1857 513 τὸ

1960 460 2186 526 tionem,
2212 460 2507 516 essentiam
2535 474 2658 515 esse
2682 459 3026 516 deﬁnientes.
3068 457 3233 528 Atqui
3268 460 3526 529 quemad-

270 539 545 610 καθῆσθαι
595 543 688 595 κα)⁸
721 543 797 613 μὴ
846 543 1111 614 καθῆσθαι
1145 544 1235 599 τὸν
1291 547 1574 619 ἀ-.θρωπον
1596 566 1607 579 ·
1634 551 1693 603 οὑ
1740 550 1849 624 γὰρ

269 631 364 687 τὸν
402 632 565 686 αὐτὸν
598 633 665 687 ἄν
691 651 775 698 τις
800 637 1024 707 ἀποδοίη
1051 637 1228 706 λόγον,
1246 639 1515 711 καθέδραν
1544 658 1604 695 τε
1635 643 1849 715 ἀνθρώο

272 740 378 778 που
423 725 519 778 καὶ
566 725 854 797 ἄνθρωπον
898 728 1060 782 αὑτὸν
1101 730 1413 801 ὁριζόμενος
1441 748 1455 764 ·
1486 732 1660 797 οὕτως
1698 737 1732 805 ἡ
1775 735 1851 807 μὴ

271 814 590 885 γεννηθεῖσα
619 816 775 870 οὐσία
804 819 944 872 κατά
993 818 1091 889 τὴν
1136 819 1426 889 ἀναλογίαν
1466 821 1561 874 τοῦ
1597 822 1852 894 ῥηθέντος

273 907 407 977 ημῖν
427 905 840 978 ὑποδείγματος,
858 907 984 962 ἄλλο
1005 926 1056 961 τι
1081 908 1296 974 πάντως
1324 910 1440 964 ἐστὶ
1469 912 1551 983 τῷ
1573 912 1686 983 ἰδίῳ
1708 912 1852 984 λόγῳ

1951 551 2171 606 modum
2195 566 2302 605 non
2342 551 2468 606 licet
2499 550 2817 605 existimare
2843 550 3137 606 essentiam
3172 549 3410 605 hominis
3436 564 3525 603 se-

1950 642 2081 698 dere
2113 651 2167 698 et
2198 657 2306 697 non
2335 641 2556 709 sedere;
2588 642 2772 698 nullus
2792 641 2936 697 enim
2969 640 3215 697 eamdem
3251 639 3525 695 deﬁnitio-

1950 746 2074 787 nem
2104 732 2420 796 reddiderit,
2453 732 2692 788 hominis
2722 732 3036 787 cathedram
3061 739 3116 788 et
3147 732 3325 803 ipsum
3350 732 3526 786 homi-

1951 840 2076 881 nem
2107 825 2372 882 deﬁniens
2404 825 2522 882 :sie
2557 840 2667 881 non
2708 825 2888 896 genita
2923 825 3185 888 essentia,
3222 824 3525 880 secundum

1952 918 2257 988 analogiam
2274 918 2403 972 dicti
2427 932 2457 971 a
2479 919 2637 974 nobis
2659 916 2913 988 exempli,
2933 916 3079 970 aliud
3098 915 3355 986 quiddam
3371 930 3527 985 pror-

272 998 412 1070 πρὸς
436 998 497 1051 τὸ
530 1000 594 1052 ὲκ
628 1002 721 1055 τοῦ
755 1000 828 1070 μὴ
854 1000 1178 1071 γεννηθῆναι
1210 1001 1556 1073 δηλούμενον.
1595 1003 1732 1057 Ἀλλ’
1764 997 1855 1057 οὗ·-

1959 1025 2049 1067 sus
2075 1020 2153 1066 est
2173 1008 2473 1065 secundum
2494 1010 2767 1080 propriam
2786 1008 3072 1074 rationem,
3092 1008 3162 1062 ab
3177 1021 3243 1062 eo
3269 1006 3413 1077 quod
3432 1021 3528 1077 per

270 1108 358 1146 τοι
391 1091 528 1163 πρὸς
551 1091 644 1145 τὸν
680 1092 913 1163 πονηρὸν
952 1094 1155 1147 ἐκεῖνον
1191 1094 1389 1147 σκοπὸν
1419 1094 1748 1166 ἀφορῶντες,
1778 1094 1853 1159 ὡς

276 1182 346 1237 ἃν
369 1183 604 1254 μάλιστα
651 1186 751 1255 τῆς
799 1183 892 1236 τοῦ
927 1184 1262 1253 Μονογενοῦς
1285 1185 1594 1257 θεότητοςή
1626 1186 1849 1258 ἄρνησις

274 1274 460 1338 αὐτοῖς
489 1273 760 1346 κυρωθείη
780 1291 794 1305 ο
830 1275 949 1345 οὐχὶ
980 1275 1077 1346 τὴν
1098 1274 1283 1329 οὐσίαν
1302 1275 1393 1329 τοῦ
1425 1276 1635 1348 Πατρός
1680 1278 1857 1347 ἀγεν-

275 1364 500 1433 νησίαν
538 1361 679 1418 εἶναι
721 1364 988 1434 λέγουσιν,
1017 1365 1130 1419 ἀλλ’
1160 1365 1594 1436 ἀναστρέψαντες
1636 1367 1728 1420 τὸν
1761 1366 1850 1420 λό-

273 1470 409 1524 γον,
452 1455 640 1510 οὐσίαν
690 1453 789 1526 τὴν
874 1456 1246 1525 ἀγεννησίαν
1289 1456 1562 1527 ὁρίζονται
1593 1498 1607 1521 ,
1648 1456 1734 1511 ἵνα
1784 1461 1850 1529 τῇ

271 1547 411 1619 πρὸς
434 1546 496 1600 τὸ
516 1548 769 1619 γεννητὸν
791 1548 1164 1620 ἀντ.διαστολῇ
1187 1548 1247 1601 τὸ
1281 1549 1380 1619 τῆς
1409 1549 1478 1619 cpi
1488 1566 1627 1614 σεως,
1643 1550 1853 1621 παρηλ-

271 1635 540 1707 λαγμένον
567 1635 656 1689 διὰ
682 1636 783 1706 τῆς
829 1635 1196 1701 ἐναντιώσεως
1237 1628 1346 1690 τῶν
1368 1637 1644 1707 ὀνομάτων
1683 1655 1853 1692 κατα.

273 1727 605 1783 σκευάσωσι.
661 1728 773 1781 Καὶ
826 1727 961 1798 πρὸς
1014 1728 1111 1798 μὲν
1167 1728 1266 1799 τὴν
1325 1728 1580 1782 ἀσέϐειαν
1635 1730 1850 1801 μυρίοις

1954 1099 2009 1155 id
2037 1100 2182 1171 quod
2222 1116 2329 1155 non
2360 1109 2439 1155 est
2482 1100 2747 1170 genitum,
2792 1096 3155 1169 signiﬁcatur.
3190 1096 3298 1150 Sed
3335 1096 3425 1151 isti
3458 1095 3525 1149 ad

1953 1190 2104 1245 illum
2136 1190 2442 1261 improbum
2474 1205 2699 1260 scepum
2731 1196 3166 1261 prospectantes,
3196 1198 3254 1241 ιιι
3290 1188 3527 1241 maxime

1954 1281 2232 1353 Unigeniti
2258 1283 2476 1339 deitatis
2498 1281 2787 1353 abnegatio
2806 1280 3181 1344 conﬁrmetur,
3210 1293 3316 1334 non
3339 1294 3527 1334 essen-

1953 1374 2083 1431 tiam
2133 1374 2306 1429 Patris
2337 1390 2459 1430 esse
2495 1372 2821 1443 ἀγεννησίαν
2859 1381 3146 1439 asserunt;
3176 1370 3270 1426 sed
3310 1371 3528 1426 inversa

1952 1467 2203 1523 oratione
2230 1466 2575 1538 ἀγεννησίαν,
2618 1467 2671 1521 id
2702 1474 2806 1532 est,
2837 1462 3302 1535 ingenerationem,
3337 1478 3524 1518 essen-

1953 1559 2082 1614 liam
2111 1575 2235 1616 esse
2262 1559 2550 1625 deﬁniunt,
2591 1567 2651 1614 ut
2682 1572 2779 1629 per
2808 1556 3169 1613 diﬁ‘ereutiam
3202 1570 3324 1626 quae
3349 1563 3432 1611 est
3460 1553 3528 1607 ad

1954 1651 2007 1707 id
2033 1650 2180 1722 quod
2218 1653 2463 1723 genitum
2506 1660 2609 1716 est,
2647 1659 2854 1705 natura:
2889 1647 3267 1703 diversitatem
3301 1660 3397 1716 per
3428 1660 3530 1699 no-

1955 1743 2161 1797 minum
2197 1742 2637 1797 contrarietatem
2672 1746 3021 1810 praestruant.
3068 1738 3144 1791 Ac
3187 1736 3408 1806 quidem
3460 1736 3528 1787 ad

269 1818 571 1890 όςρθαλμοῐς
620 1819 874 1889 βλέπουσι
893 1858 907 1883 ,
943 1820 1080 1891 πρὸς
1108 1820 1164 1874 δὲ
1195 1822 1254 1874 τὸ
1290 1822 1568 1891 ἀμήχανον
1590 1824 1688 1892 τῆς
1721 1824 1849 1895 περὶ

1959 1832 2284 1901 impietatem
2356 1830 2849 1885 innumerabilibus
2902 1827 3079 1882 oculis
3146 1824 3526 1895 prospiciunt;

267 1913 432 1968 τοῦτο
472 1911 731 1982 σπουδῆς,
760 1911 834 1975 ὡς
858 1912 1162 1983 μεμυκότες
1194 1912 1262 1967 τὰ
1288 1913 1510 1983 ὄμματα
1549 1914 1649 1985 τῆς
1673 1914 1851 1987 ψυχῆς

268 2000 707 2075 ἀμϐλυώττουσι.
736 2002 831 2066 Τίς
854 2003 962 2075 γὰρ
992 2003 1066 2073 μὴ
1107 2002 1419 2058 παντάπασι
1439 2005 1627 2075 λημῶν
1656 2006 1724 2059 τὰ
1751 2008 1849 2076 τῆς

268 2095 454 2167 ψυχῆς
499 2094 864 2167 αἰσθητήρια,
894 2095 954 2148 οὐ
989 2096 1142 2166 διορᾷ
1182 2096 1282 2166 τῆς
1317 2096 1410 2149 τοῦ
1447 2095 1713 2166 δόγματος
1753 2099 1848 2152 αὑ-

266 2187 381 2242 τῶν
404 2186 579 2257 ἀρχῆς
610 2187 671 2240 τὸ
702 2186 909 2256 ἀπαγὲς
931 2186 1023 2240 καὶ
1058 2186 1377 2251 ἀσύστατον,
1405 2188 1498 2241 καὶ
1529 2188 1604 2251 ὡς
1633 2189 1718 2240 ἐπ’
1755 2190 1847 2242 οὐ·

267 2274 425 2340 me;
454 2275 685 2346 βέϐηκεν
713 2276 893 2339 αὐτοῖς
920 2275 1139 2345 όλόγος,
1172 2277 1200 2329 ό
1222 2276 1319 2347 τὴν
1375 2279 1740 2346 (irem-naias”
1761 2280 1851 2332 οὖ·-

270 2372 399 2426 σίαν
444 2372 612 2428 ποιῶν
649 2388 664 2403 ’
697 2370 839 2425 οὕτω
873 2372 981 2442 γὰρ
1013 2372 1197 2435 αὐτοῖς
1242 2373 1275 2445 ἡ
1311 2373 1491 2444 ἀπάτη
1517 2374 1854 2428 κατασκευά-

268 2466 448 2533 ζεται.
494 2466 647 2533 Δὲξω
699 2464 756 2519 δὲ
808 2464 990 2529 καθώς
1036 2466 1155 2519 ἐστι
1212 2465 1436 2520 δυνατὸν
1500 2467 1733 2539 ἰσχυρῶς
1785 2469 1852 2540 τῇ

268 2559 488 2630 ἱμαυτῇ
524 2560 674 2628 φωνῇ
722 2557 815 2611 τὸν
861 2556 968 2611 τῶν
1002 2557 1210 2629 ἐχθρῶν
1249 2556 1640 2631 ἀνθυποφέρων
1672 2558 1851 2628 λόγον.

1956 1922 2023 1975 ad
2058 1922 2110 1975 id
2146 1928 2326 1976 autem
2360 1920 2506 1991 quod
2542 1922 2599 1974 in
2645 1918 2927 1989 proposito
2958 1917 3061 1970 sibi
3090 1913 3274 1971 studio
3307 1912 3530 1968 omnino

1958 2012 2073 2066 ﬁcri
2119 2028 2224 2066 non
2261 2018 2463 2079 potest.
2516 2017 2774 2079 tanquam
2830 2008 3188 2063 eonniventes
3241 2012 3295 2059 et
3329 2003 3530 2059 mentis

1955 2103 2147 2158 oculos
2209 2101 2527 2157 claudentes
2582 2100 2819 2170 caligant
2876 2106 3039 2167 atque
3097 2093 3527 2149 hallucinantur.

1955 2192 2089 2260 Quis
2118 2192 2266 2248 enim
2295 2208 2407 2248 non
2440 2192 2667 2247 omnino
2711 2190 2879 2244 animi
2914 2189 3125 2244 viribus
3158 2195 3212 2242 et
3256 2183 3526 2241 sentiendi

1957 2283 2342 2339 instrumentis
2378 2283 2611 2354 lippiens
2657 2288 2712 2337 et
2746 2280 3066 2343 eazcutiens,
3118 2292 3228 2333 non
3274 2276 3529 2346 intelligit

1956 2374 2287 2445 principium
2322 2374 2595 2445 dogmatis
2621 2388 2812 2428 eorum
2850 2371 3003 2425 nulla
3031 2384 3292 2439 compage
3326 2366 3530 2423 solida-

1957 2472 2093 2533 tum,
2123 2467 2274 2522 nullo
2314 2467 2476 2521 modo
2515 2480 2678 2536 posse
2709 2464 3030 2527 subsistere,
3073 2471 3126 2517 et
3165 2460 3310 2531 quod
3339 2472 3527 2514 eorum

1958 2560 2099 2614 ratio
2124 2559 2276 2615 nullo
2310 2557 2655 2615 ﬁrmamento
2690 2557 2909 2620 nititur,
2942 2569 3063 2625 quas
3091 2550 3435 2622 ἀγεννησίαν,
3474 2549 3529 2603 id

266 2658 380 2715 est,
410 2651 872 2722 ingenerationem,
914 2649 1043 2705 facit
1096 2652 1390 2706 essentiam
1423 2669 1438 2707 :
1470 2653 1550 2707 sic
1582 2653 1724 2708 enim
1769 2651 1920 2709 fraus
1959 2667 2147 2708 eorum
2174 2652 2539 2727 praestruitur.
2573 2651 2756 2706 Dicam
2782 2648 2926 2705 enim
2959 2645 3135 2716 quoad
3178 2643 3290 2698 ﬁeri
3332 2648 3528 2713 potest.

269 2760 393 2799 mea
435 2759 564 2799 voce
604 2743 815 2800 fortiter
860 2743 1298 2800 adversariorum
1337 2761 1646 2802 sermonem
1684 2748 2022 2819 subiiciens.

344 2834 537 2901 Φασὶν,
564 2833 853 2905 ἀγέννητον
897 2835 987 2888 τὸν
1036 2836 1167 2890 Θεὸν
1211 2837 1607 2909 ὀνομάζεσθαι·
1637 2822 1854 2894 ’ἁπλοῦν

268 2927 334 2981 δὲ
371 2921 512 2979 εἶναι
552 2928 621 2996 τῇ
646 2925 804 2995 φύσει
831 2926 892 2979 τὸ
924 2924 1076 2979 Θεῖον
1096 2943 1110 2957 ⁸
1147 2926 1206 2979 τὸ
1233 2926 1289 2980 δὲ
1326 2927 1550 2993 ἁπλοῦν,
1585 2929 1854 3000 μηδεμίαν

269 3013 617 3085 ἐπιδέχεσθαι
665 3012 947 3067 σύνθεσιν·
998 3017 1045 3068 εἰ
1091 3010 1183 3069 οὖν
1232 3015 1522 3081 ἀσύνθετος
1570 3018 1713 3074 κατά
1755 3019 1854 3091 τὴν

269 3105 442 3175 φύσιν
491 3106 639 3160 ἐστὶν
690 3107 719 3160 ό
747 3102 899 3170 Θεὸς,
1041 3107 1104 3160 τὸ
1150 3107 1242 3161 τοῦ
1289 3109 1581 3181 ἁγεννήτον
1635 3110 1854 3165 ἔπεστιν

268 3195 469 3267 ὄνομα,
511 3196 678 3267 αὐτῆς
711 3195 777 3250 ἂν
814 3197 899 3266 εἴη
943 3198 1039 3268 τῆς
1074 3197 1284 3267 φύσεως
1314 3200 1485 3270 όνομα
1527 3201 1584 3255 τὸ
1628 3202 1857 3273 ἀγέννη-
1884 3261 1925 3281 η

268 3303 389 3342 τον.
427 3288 537 3341 Καὶ
556 3286 699 3340 ἔστιν
720 3287 869 3341 οὐδὲν
892 3288 1076 3360 ἕτερον
1108 3291 1156 3343 εἰ
1181 3289 1254 3362 μὴ
1280 3292 1573 3364 ἀγεννησία
1613 3296 1645 3364 ἠ
1669 3294 1850 3364 φύσις.

272 3379 426 3451 Πρὸς
453 3379 545 3442 οὓς
576 3378 733 3433 τοῦτό
772 3396 949 3449 φαμεν
970 3397 983 3411 ·
1019 3382 1101 3434 ὅτι.
1122 3381 1303 3453 ἕτερον
1326 3384 1418 3436 τοῦ
1432 3384 1857 3454 ἁσρνθὲτου,καὶ

271 3472 466 3544 ἓτερον
491 3470 587 3524 τοῦ
616 3472 908 3541 ἀγεννήτου
942 3472 1002 3525 τὸ
1037 3474 1452 3546 σημαινόμενον.
1485 3477 1557 3530 Τὸ
1598 3477 1699 3548 μὲν
1724 3477 1853 3549 γὰρ,

273 3561 376 3630 τὴν
406 3560 685 3631 ἁπλότητα
719 3561 810 3615 τοῦ
852 3563 1209 3634 ὑποκειμένου
1229 3581 1243 3595 ⁸
1277 3564 1339 3617 τὸ
1364 3565 1439 3627 δὲ,
1473 3565 1533 3618 τὸ
1586 3566 1659 3639 μὴ
1687 3567 1745 3633 ἐξ
1773 3569 1858 3621 αἰ-

272 3653 398 3717 τίας
433 3648 575 3711 εἶναι
601 3654 915 3725 παρίστησι,
965 3655 1057 3709 καὶ
1100 3655 1200 3708 οὐκ
1249 3656 1677 3712 ἀπαλλάσσονται
1722 3658 1857 3728 πρὸς

274 3744 518 3814 ἀλλήλας
563 3746 622 3798 αί
649 3745 758 3798 τῶν
786 3746 1065 3813 ὀνομάτων
1095 3747 1379 3816 ἐμφάσεις,
1414 3746 1515 3801 κᾶν
1553 3749 1683 3821 περὶ
1710 3748 1770 3803 τὸ
1797 3749 1857 3805 ἓν

276 3835 565 3907 ἀμφότερα
596 3834 840 3906 λέγηται.
888 3835 1025 3889 Ἀλλ’
1057 3836 1121 3888 ἐκ
1155 3836 1255 3906 μὲν
1298 3837 1398 3907 τῆς
1430 3835 1522 3890 τοῦ
1561 3838 1861 3908 ἁγεννήτου

278 3928 676 3999 προσηγορίας,
718 3928 779 3981 τὸ
814 3928 939 3982 ἄνευ
972 3928 1149 3991 αἰτίας
1192 3925 1328 3981 εἶναι.
1367 3929 1456 3982 τὸν
1501 3927 1671 3994 οὕτως
1720 3930 1856 3984 ὠνο-

280 4020 563 4089 μασμένον
594 4018 868 4090 ἐμάθομεν
889 4035 904 4051 ’
945 4020 1008 4072 ἐκ
1038 4019 1095 4073 δὲ
1125 4020 1225 4090 τῆς
1253 4019 1344 4072 τοῦ
1369 4020 1567 4087 ἁπλοῦ,
1604 4021 1662 4075 τὸ
1685 4022 1856 4078 καθα-

281 4109 464 4182 ρεύειν
523 4108 854 4173 συνθέσεως·
906 4110 1187 4181 οὐθέτερον
1232 4110 1288 4163 δὲ
1338 4110 1541 4164 τούτων
1595 4112 1716 4166 ἀντὶ
1762 4114 1857 4168 τοῦ

279 4204 443 4258 ἄλλοι)
511 4200 752 4270 λέγεται.
818 4201 1026 4255 Οὐκοῦν
1093 4202 1347 4273 οὐδεμίαν
1412 4204 1657 4275 ἀνάγκην
1722 4205 1854 4276 ἔχει,

228 4293 472 4391 ηὲπειδὴ
518 4292 725 4347 ἁπλοῦν
766 4293 885 4346 ἐστι
934 4295 1001 4364 τῇ
1051 4293 1208 4361 φύσει
1237 4293 1296 4347 τὸ
1327 4294 1499 4360 Θεῖον,
1533 4297 1860 4368 ἀγεννησίαν

279 4385 446 4440 αὑτοῦ
473 4385 570 4457 τὴν
602 4385 762 4456 φύσιν
796 4385 1278 4455 κατονομάζεσθαι.
1344 4387 1504 4442 Ἀλλά
1535 4389 1657 4442 καθ’
1695 4390 1723 4444 ὃ
1758 4391 1859 4460 μὲν

279 4479 497 4550 ἀμερής
527 4480 644 4531 ἐστι
673 4479 768 4531 καὶ
806 4477 1116 4542 ἀσύνθετος,
1153 4479 1357 4544 ἁπλοῦς
1407 4480 1647 4549 λέγεται,
1682 4482 1802 4536 καθ’
1829 4483 1858 4537 ὅ

279 4571 336 4624 δὲ
369 4570 473 4623 οὐκ
518 4569 801 4664 ἔγεννηθη,
851 4570 1159 4640 ἀγέννητος.
1201 4572 1264 4625 Εἰ
1305 4572 1361 4625 δὲ
1398 4572 1471 4645 μὴ
1517 4573 1766 4644 σημαίνοι
1796 4576 1858 4629 τὸ
1892 4608 1936 4664 D

278 4660 414 4715 ἄνευ
440 4661 622 4724 αἰτίας
649 4656 788 4714 εἶναι
824 4662 857 4731 ἡ
900 4660 1049 4731 φωνὴ
1077 4661 1171 4713 τοῦ
1206 4663 1521 4734 ἀγεννήτου,
1550 4664 1665 4718 ἀλλ’
1690 4665 1858 4719 ἁπλό-

278 4767 381 4821 της
403 4749 798 4821 ἀντεισέρχοιτο
816 4752 883 4822 τῇ
915 4750 1160 4823 σημασίᾳ
1177 4752 1269 4804 τοῦ
1304 4752 1542 4807 τοιούτου
1576 4755 1857 4826 ὀνόματος,

279 4842 377 4896 καὶ
412 4841 503 4895 διὰ
546 4840 704 4895 τοῦτο
735 4841 1028 4912 ἀγέννητος
1077 4843 1217 4897 κατὰ
1262 4844 1354 4898 τὸν
1398 4845 1553 4913 λόγον
1583 4846 1680 4916 τῆς
1709 4847 1858 4917 αἱρέ-

283 4950 421 4997 σεως
452 4932 683 5001 λέγοιτο,
718 4933 851 4987 διότι
876 4932 1080 4996 ἁπλοῦς
1133 4936 1246 4987 ἐστι
1282 4934 1378 4987 καὶ
1407 4934 1728 5000 ἀσύνθετοςο
1762 4937 1860 5007 μία

281 5024 338 5078 δὲ
370 5022 467 5079 τοῦ
501 5023 674 5077 ἁπλοῦ
716 5041 776 5077 τε
823 5024 919 5077 καὶ
965 5025 1259 5097 ἀγεννητου
1303 5026 1341 5097 η
1384 5025 1651 5096 σημασία,
1683 5028 1776 5080 καὶ
1824 5030 1856 5099 ἠ

282 5114 377 5169 τοῦ
410 5114 544 5169 Υἰοῦ
572 5114 813 5185 ἁπλότης
839 5116 1132 5187 ἁγεννησξα
1162 5116 1376 5175 πάντως
1405 5116 1858 5188 όνομασθήσεται.

290 5206 526 5262 ’διπλοῦν
557 5206 664 5278 γὰρ
698 5202 836 5261 εἶναι
865 5209 930 5277 τῇ
966 5206 1123 5275 φύσει
1163 5207 1256 5259 καὶ
1289 5205 1380 5259 τὸν
1430 5206 1691 5278 μονογενῆ
1730 5208 1862 5262 Θεὸν

281 5296 385 5351 οὐκ
404 5297 750 5369 ἀρνήσονται,
782 5299 831 5350 εἰ
865 5297 940 5370 μὴ
980 5296 1089 5368 ἀρα
1121 5296 1213 5350 καὶ
1256 5296 1318 5349 τὸ
1360 5296 1491 5351 Θεὸν
1516 5292 1655 5352 εἶναι
1698 5299 1861 5353 αὐτὸν

283 5387 632 5459 ἁρνήσαιντο.
674 5387 882 5443 Οὐκοῦν
911 5386 1165 5457 οὐδεμίαν
1194 5386 1335 5441 κατά
1359 5388 1420 5442 τὸ
1466 5392 1862 5462 σημαινόμενον

283 5478 569 5541 κοινωνίαν
602 5478 636 5550 η
673 5478 912 5550 ἁπλότης
946 5478 1081 5550 πρὸς
1114 5478 1175 5533 τὸ
1196 5478 1487 5550 ἀγέννητον
1508 5480 1641 5547 ἔξει,
1671 5483 1746 5548 ὡς
1771 5484 1858 5539 διὰ

282 5566 344 5619 τδ
373 5566 665 5621 ἀσύνθετον
704 5567 1031 5639 ἀγεννησίαν
1056 5567 1153 5640 τὴν
1194 5568 1355 5637 φύσιν
1381 5569 1473 5622 καὶ
1508 5570 1819 5641 νομίζεσθαι
1840 5588 1856 5604 ο

284 5657 373 5712 ἴνα
414 5658 490 5729 μὴ
518 5657 661 5713 δυοῖν
695 5659 916 5713 ἁτόποιν
940 5659 1000 5713 τὸ
1022 5659 1207 5732 ἕτερον
1234 5659 1354 5714 καθ’
1383 5661 1591 5715 ἑαυτῶν
1618 5663 1855 5718 ὲπισπά-

286 5765 484 5815 σοιντο,
515 5747 553 5824 ἢ
583 5749 902 5824 ἀρνούμενοι
928 5750 1019 5806 τοῦ
1054 5751 1389 5823 Μονογενοῦς
1428 5752 1523 5824 τὴν
1553 5751 1797 5825 θεότητα,
1824 5754 1856 5825 ἢ

2028 2840 2215 2905 Aiunt,
2249 2838 2416 2895 Deum
2459 2837 2756 2910 ingenitum
2791 2832 3086 2897 nominari,
3131 2831 3390 2887 deitatem
3436 2842 3534 2883 au-

1956 2937 2064 2986 tem
2118 2929 2421 3001 simplicem
2471 2904 2592 2983 esse
2630 2934 2847 2990 natura,
2895 2923 3212 2993 nullamque
3249 2904 3575 2975 admittere'

1956 3023 2431 3094 compositionem.
2475 3019 2531 3075 Si
2569 3021 2733 3091 igitur
2761 3016 3061 3075 secundum
3105 3024 3352 3069 naturam
3394 3010 3535 3066 Deus

1955 3123 2043 3172 est
2074 3115 2303 3186 simplex
2334 3122 2389 3169 ct
2422 3111 2790 3168 eoneretionis
2813 3124 3029 3181 expers.
3064 3106 3151 3162 cui
3183 3099 3421 3176 ingeniti.
3441 3117 3534 3157 no-

1959 3222 2082 3261 men
2113 3207 2276 3270 inest,
2320 3206 2493 3276 ipsius
2533 3214 2741 3259 natura:
2776 3217 2973 3257 nomen
3007 3199 3167 3254 fuerit
3205 3196 3350 3269 quod
3382 3196 3537 3264 inge-

1883 3264 1926 3319 Ο
1957 3299 2131 3354 nitum
2157 3264 2529 3368 estaNihilque
2568 3303 2653 3352 est
2679 3295 2824 3350 aliud
2853 3300 3068 3356 natura,
3087 3290 3193 3346 nisi
3217 3264 3534 3358 ἀγεννησία,
3565 3290 3580 3326 ι

1957 3392 2009 3447 id
2049 3399 2133 3447 est
2183 3391 2528 3462 iugeneratio.
2564 3388 2641 3442 Ad
2686 3402 2824 3457 quos
2869 3386 2973 3440 hoc
3025 3384 3262 3439 dicimus
3311 3399 3324 3435 :
3377 3379 3534 3446 Quod

1957 3484 2104 3538 aliud
2130 3490 2215 3537 est
2236 3480 2609 3552 incompositi,
2630 3487 2683 3533 et
2707 3478 2851 3533 aliud
2882 3475 3109 3549 ingeniti
3130 3472 3533 3545 signiﬁcatum;

1955 3573 2089 3630 illud
2114 3573 2337 3645 quidem
2374 3571 2778 3642 simpl'citatem
2812 3567 3082 3637 subjecti,
3128 3567 3231 3621 hoc
3264 3579 3393 3620 vero
3427 3580 3553 3619 non.-

1956 3676 2022 3716 ex
2053 3675 2217 3716 causa
2260 3676 2383 3716 esse
2417 3668 2795 3730 repraesentat.
2841 3656 2952 3712 Nec
2986 3657 3266 3711 nominum
3301 3655 3536 3725 propria:

1958 3749 2385 3821 signiﬁcationes
2439 3749 2581 3803 inter
2619 3763 2679 3802 se
2721 3754 3025 3810 mutantur,
3071 3748 3285 3801 tametsi
3318 3745 3385 3799 de
3426 3762 3536 3799 uno

1958 3843 2118 3896 amho
2147 3838 2423 3894 dicantur.
2455 3838 2567 3893 Sed
2603 3854 2669 3892 ex
2712 3838 2940 3909 ingeniti
2983 3837 3363 3906 appellatione,
3405 3835 3547 3889 abs-—

1956 3946 2061 4002 que
2094 3944 2260 3985 causa
2304 3945 2426 3986 esse
2454 3945 2576 3984 eum
2616 3930 2708 3999 qui
2755 3929 2836 3983 sic
2873 3927 3186 3981 nominatur
3219 3924 3531 3987 didicimus,

1956 4028 2119 4091 atque
2146 4035 2213 4074 ex
2244 4020 2511 4090 simplicis
2539 4018 2922 4090 appellatione,
2959 4032 3085 4072 eum
3117 4017 3185 4072 ab
3215 4016 3363 4071 omni
3397 4030 3534 4070 con—

1957 4113 2199 4168 crctioue
2232 4121 2287 4168 et
2331 4112 2731 4181 compositione
2788 4110 3019 4165 liberum
3065 4116 3120 4164 et
3165 4122 3363 4179 purum
3411 4122 3534 4163 esse

1957 4202 2309 4272 intelligimus
2341 4218 2355 4257 :
2384 4201 2580 4255 horum
2631 4209 2811 4256 autem
2845 4207 3097 4255 neutrum
3134 4213 3232 4269 pro
3256 4197 3364 4252 alio
3391 4197 3531 4253 dici.

1958 4302 2067 4348 tur.
2117 4292 2331 4350 Nullam
2391 4292 2555 4360 igitur
2597 4292 2976 4349 necessitatem
3032 4291 3233 4357 habet,
3272 4290 3529 4361 quoniam

1958 4395 2150 4441 natura
2173 4382 2313 4438 Deus
2327 4382 2428 4438 sim
2436 4382 2567 4452 plex
2582 4390 2685 4448 est,
2718 4380 3067 4452 ἀγεννησίαν.
3089 4380 3547 4451 ingenerationem

1956 4476 2077 4546 ejus
2106 4482 2356 4530 naturam
2383 4474 2678 4529 nominari.
2706 4471 2814 4529 Sed
2837 4488 2944 4544 qua
2966 4473 3201 4544 partium
3229 4480 3315 4528 est
3338 4486 3533 4543 expers

1963 4577 2019 4625 et
2045 4568 2460 4640 incompositus,
2500 4567 2728 4637 simplex
2753 4564 2989 4631 dicitur;
3016 4579 3125 4636 qua
3154 4579 3284 4621 vero
3317 4580 3427 4619 non
3450 4574 3534 4620 est

1967 4659 2209 4731 genitus,
2242 4657 2519 4728 ingenitus
2557 4656 2739 4711 dictus
2772 4662 2879 4711 est.
2910 4651 3067 4720 Quod
3102 4654 3149 4709 si
3180 4653 3402 4723 ingeniti
3430 4666 3533 4705 vos

1966 4752 2087 4807 sine
2113 4764 2279 4805 causa
2309 4764 2431 4804 esse
2456 4763 2565 4803 non
2593 4746 2862 4819 signiﬁcet
2886 4764 2899 4802 :
2924 4744 3019 4802 sed
3047 4745 3368 4815 simplicitas
3397 4743 3532 4799 sub-

1966 4844 2339 4914 ingrederetu;
2385 4840 2838 4912 signiﬁcationem
2887 4838 3015 4893 talis
3060 4836 3299 4906 nominis
3336 4853 3349 4888 :
3382 4834 3532 4889 ideo-

1966 4952 2074 5007 que
2113 4935 2389 5006 ingenitus
2424 4931 2731 4989 secundum
2779 4931 3048 4984 rationem
3082 4929 3352 4984 haereseos
3380 4926 3532 4983 diec-

1968 5034 2137 5089 retur,
2165 5032 2449 5095 propterea
2471 5022 2619 5094 quod
2644 5022 2874 5094 simplex
2905 5028 2992 5077 est
3013 5029 3069 5076 et
3098 5018 3528 5090 incompositus:

1964 5132 2071 5171 una
2106 5125 2298 5171 autem
2336 5115 2606 5186 simplicis
2651 5122 2707 5171 et
2748 5113 3097 5184 incompositi
3144 5111 3531 5182 signiﬁcantia,

1962 5210 2126 5264 etiam
2165 5208 2288 5263 Filii
2320 5209 2644 5279 simplicitas
2682 5206 2985 5277 ἀγεννησία
3032 5221 3259 5276 prorsus
3286 5204 3533 5259 nomina-

1961 5301 2110 5357 bitur
2156 5319 2169 5354 :
2221 5301 2524 5372 simplicem
2572 5300 2718 5356 enim
2758 5314 2879 5355 esse
2928 5306 3122 5352 natura
3192 5295 3530 5366 unigenitum

1962 5392 2131 5449 Deum
2169 5407 2275 5448 non
2305 5393 2716 5454 inﬁciabuntur,
2762 5390 2869 5445 nisi
2920 5404 3052 5445 sane
3087 5389 3304 5460 penitus
3350 5387 3528 5456 ipsum

1965 5481 2135 5538 Deum
2163 5497 2286 5537 esse
2320 5489 2539 5552 negent.
2576 5480 2717 5551 Ergo
2748 5480 2951 5534 nullam
2989 5477 3291 5534 secundum
3321 5476 3531 5548 signili~

1966 5581 2147 5628 catum
2182 5571 2507 5641 simplicitas
2527 5585 2652 5626 cum
2681 5568 2925 5640 ingenito
2948 5566 3167 5624 habebit
3193 5566 3530 5621 communio-

1965 5680 2115 5731 nem,
2156 5671 2216 5718 ut
2247 5678 2343 5733 per
2376 5662 2426 5717 id
2458 5661 2608 5733 quod
2642 5670 2726 5718 est
2759 5658 3526 5734 incompositumﬁyawqata,

1968 5754 2020 5811 id
2055 5762 2139 5810 est
2180 5753 2524 5825 ingeneratio.
2547 5758 2744 5808 natura
2783 5751 3148 5815 existimetur,
3190 5764 3259 5804 ne
3293 5752 3524 5802 duorum
