4002 6218
458 342 562 398 919

1697 334 1755 390 S.
1791 330 2125 390 GREGOR"
2163 331 2455 389 NYSSENI

3588 339 3675 397 920

458 453 824 512 absurdorum
879 453 1113 508 alterum
1160 458 1354 507 contra
1399 452 1609 522 seipsos
1652 451 1875 508 eliciant
1903 469 1915 504 :
1946 448 2029 505 vel

2147 452 2369 521 ιὰκείνῳ
2424 452 2522 523 τὴν
2576 450 2900 522 ἁγεννησίαν
2963 452 3402 527 ἐπιφημίζοντες.
3475 452 3535 506 Ei
3594 454 3683 527 γὰρ

461 557 723 620 negantes
750 545 1032 616 Unigeniti
1073 544 1357 613 deitatem,
1390 545 1473 600 vel
1527 545 1691 601 etiam
1724 545 1781 599 in
1828 544 1922 600 illo
1951 544 2034 598 in-

460 639 626 709 geniti
686 636 956 693 rationem
999 635 1297 693 celebrent.
1350 634 1407 690 Si
1445 636 1589 691 enim
1640 633 1784 691 Deus
1841 646 2035 690 natura

458 729 710 800 simplex,
729 738 927 786 nomen
944 736 1125 785 autem
1145 727 1463 799 (secundum
1483 727 1650 797 ipsos)
1671 725 2036 796 simplicitatis

459 830 544 880 est
561 823 880 894 ingenitum,
899 822 1356 892 velcompositum
1376 820 1570 874 Filium
1588 836 1710 876 esse
1727 821 2034 883 adstruent,

396 912 403 917 ’
463 930 587 969 cum
651 931 761 985 quo
810 931 989 986 neque
1051 914 1223 969 Deum
1275 929 1397 968 esse
1451 914 1889 975 demonstratur,
1953 913 2032 967 vel

461 1009 509 1061 si
562 1008 618 1060 in
680 1009 800 1075 ipso
847 1006 1103 1060 deitatem
1141 1005 1502 1068 conﬁtentur,
1566 1003 1794 1073 simplex
1853 1012 2036 1058 autem

461 1098 605 1152 sicut
658 1099 867 1153 dictum
907 1104 1012 1162 est,
1074 1097 1216 1151 Deus
1277 1104 1383 1162 est,
1432 1095 1684 1151 eumdem
1737 1095 2035 1166 ingenitum

462 1197 684 1260 propter
742 1189 1148 1259 simplicitatem
1214 1190 1438 1245 omnino
1495 1204 1616 1244 esse
1664 1194 2031 1258 praestruunt;

462 1281 731 1351 siquidem
794 1279 1120 1351 simplicitas
1173 1280 1315 1335 idem
1383 1294 1506 1334 cum
1553 1277 1847 1350 ἁγεννησίᾳ
1899 1278 2037 1335 exis-

462 1374 709 1430 timatur.
771 1371 841 1430 Ut
883 1383 1065 1429 autem
1114 1372 1259 1444 quod
1313 1373 1518 1429 dicitur
1573 1372 1778 1427 clarius
1828 1371 2038 1427 eluces-

465 1474 588 1529 eat,
645 1482 838 1522 rursus
896 1466 1042 1536 quod
1085 1477 1169 1522 est
1220 1466 1426 1520 dictum
1468 1473 1726 1535 repetam.
1774 1462 1884 1519 Nos
1935 1464 2038 1518 hoc

463 1558 721 1622 dicimus,
753 1557 897 1629 quod
948 1558 1002 1611 in
1044 1566 1275 1627 utroque
1324 1555 1605 1609 nominum
1646 1553 1836 1609 subest
1875 1551 2037 1623 quid-

461 1648 587 1705 dam
623 1649 906 1719 proprium
938 1647 1084 1718 quod
1127 1645 1500 1717 signiﬁcatur,
1538 1660 1714 1716 neque
1750 1660 1844 1715 per
1882 1645 2035 1715 inge-

464 1741 663 1806 nitum,
708 1739 764 1794 id
811 1741 958 1811 quod
1006 1739 1381 1805 individuum,
1433 1738 1548 1793 sive
1592 1737 1735 1808 quod
1789 1736 2036 1807 partibus

461 1839 637 1899 caret,
691 1831 1067 1903 signiﬁcatur,
1117 1846 1295 1901 neque
1336 1845 1432 1900 per
1482 1829 1713 1900 simplex
1760 1830 1905 1900 quod
1951 1837 2038 1884 est

464 1922 792 1996 ingenitum,
840 1921 936 1979 sed
980 1922 1034 1976 in
1084 1921 1318 1991 simplici
1366 1921 1585 1994 quidem
1630 1921 1776 1991 quod
1824 1921 2037 1976 incom-

466 2017 703 2088 positum
738 2025 841 2079 est,
886 2023 1067 2069 mente
1116 2014 1563 2085 complectimur,
1605 2021 1659 2068 et
1708 2012 1761 2067 in
1798 2012 2039 2083 ingenito

468 2121 575 2161 non
605 2123 670 2163 ex
715 2107 897 2178 aliqua
933 2120 1099 2161 causa
1130 2120 1253 2161 esse
1295 2103 1587 2177 signiﬁcari
1634 2104 1780 2158 docti
1822 2120 2032 2160 sumus.

466 2198 663 2254 Filium
701 2206 880 2254 autem
909 2213 973 2251 ex
1005 2196 1114 2251 Deo
1148 2194 1316 2251 Deum
1342 2210 1485 2259 esse,
1517 2195 1803 2266 ipsumque
1832 2196 2040 2265 simpli—

472 2304 592 2343 cem
626 2287 852 2343 credere
887 2297 1140 2356 oportere
1168 2285 1519 2350 arbitramur,
1555 2286 1685 2356 quia
1718 2286 1862 2357 quod
1896 2288 2038 2342 Deus

468 2388 574 2446 est,
604 2380 673 2435 ab
709 2378 858 2434 omni
888 2381 1239 2435 concretione
1276 2396 1469 2453 purum
1503 2391 1605 2437 est.
1643 2383 1816 2450 Atque
1848 2382 2038 2437 eodem

472 2475 631 2531 modo
653 2474 816 2530 etiam
858 2475 914 2529 in
953 2474 1077 2538 hoc,
1124 2489 1300 2545 neque
1333 2490 1428 2546 per
1460 2475 1583 2530 Filii
1627 2477 2041 2546 appellationem

467 2564 871 2638 simplicitatem
903 2567 1154 2622 essentim
1181 2567 1512 2637 signiﬁcare,
1544 2584 1720 2638 neque
1743 2584 1838 2639 per
1868 2569 2039 2639 ipsam

469 2656 877 2725 simplicitatem
931 2655 1050 2711 Filii
1086 2656 1452 2726 signiﬁcatum
1484 2665 1896 2727 repraesentare,
1946 2656 2040 2711 sed

468 2764 537 2804 ex
562 2747 665 2803 hoc
692 2748 936 2818 quidem,
973 2763 1166 2817 nempe
1208 2747 1326 2801 Filii
1361 2749 1601 2811 nomine,
1629 2764 1749 2817 quae
1789 2765 1852 2802 ex
1879 2749 2044 2801 Patre

469 2846 555 2897 est
596 2839 956 2895 subsistentia
1005 2837 1295 2894 manifesta
1339 2838 1474 2893 ﬁat:
1505 2854 1570 2893 ex
1607 2838 1842 2907 simplici
1892 2855 2041 2901 vero,

470 2932 526 2989 id
554 2931 701 3004 quod
739 2947 843 2987 vox
879 2930 1002 2985 talis
1033 2929 1295 2986 declarat.
1325 2928 1592 2997 Quoniam
1626 2930 1790 2999 igitur
1832 2932 2044 3000 simpli-

471 3022 655 3083 citatis
696 3036 818 3094 qute
862 3029 946 3078 est
981 3019 1281 3076 secundum
1312 3020 1608 3076 essentiam
1647 3020 1787 3074 ratio
1824 3021 2043 3090 quidem

479 3133 584 3173 uua
617 3126 671 3173 et
711 3114 900 3171 eadem
940 3124 994 3170 et
1024 3114 1078 3167 iu
1118 3112 1275 3168 Patre
1303 3122 1358 3169 et
1389 3112 1445 3167 in
1481 3111 1619 3167 Filio
1659 3111 1895 3179 dicatur,
1950 3126 2040 3167 ne-
2068 3126 2115 3187 ρ

475 3225 586 3276 que
615 3207 1000 3262 imminutione
1042 3206 1242 3276 aliqua,
1275 3221 1451 3276 neque
1495 3205 1856 3261 redundantia
1887 3204 2043 3261 diﬁ‘e-

478 3314 630 3364 teas;
668 3298 912 3366 genitum
950 3305 1132 3351 autem
1163 3298 1232 3351 ab
1267 3297 1509 3367 ingenito
1543 3296 1840 3352 secundum
1873 3296 2044 3364 signi-

477 3399 695 3452 licatum
729 3394 955 3448 multum
1003 3393 1218 3449 dill'erat
1252 3413 1265 3447 :
1303 3393 1405 3448 hoc
1445 3393 1590 3448 enim
1634 3395 1689 3447 in
1739 3394 1909 3448 altero
1944 3409 2044 3447 no-

477 3490 685 3545 minum
733 3487 858 3543 licet
904 3486 1227 3556 intelligere.
1258 3486 1403 3555 quod
1447 3486 1502 3539 in
1547 3486 1717 3540 altero
1761 3500 1866 3539 non
1905 3494 1986 3540 cst
2027 3501 2044 3539 :

477 3590 765 3653 propterea
804 3579 1061 3643 dicimus,
1100 3579 1304 3633 nullam
1336 3578 1717 3633 necessitatem
1745 3593 1887 3640 esse,
1920 3593 2044 3632 cum

478 3676 551 3730 sit
578 3674 850 3744 ingenitus
877 3671 1057 3735 Pater,
1095 3671 1358 3742 quoniam
1398 3671 1518 3741 ejus
1547 3670 1786 3726 essentia
1818 3671 2044 3741 simplex

478 3774 584 3832 est,
606 3766 951 3836 ἁγεννησίαν,
974 3764 1434 3834 ingenerationem,
1459 3762 1566 3817 dici
1590 3763 1709 3832 ejus
1728 3763 2043 3819 essentiam.

479 3857 666 3929 Neque
699 3861 865 3921 eulm,
907 3855 1135 3926 simplex
1172 3870 1298 3910 cum
1347 3855 1425 3910 sit'
1452 3853 1642 3919 Filius,
1678 3863 1733 3910 et
1770 3855 1909 3909 idem
1958 3870 2049 3923 ge-

482 3950 634 4006 nitus
686 3948 952 4010 creditus,
991 3946 1396 4019 simplicitatem
1439 3946 1560 4016 ejus
1598 3946 1831 4001 dicimus
1860 3960 2049 4001 essen-

481 4041 634 4096 tiam.
681 4039 787 4096 Sed
833 4037 1288 4110 quemadmodum
1321 4037 1545 4107 simplex
1589 4043 1672 4091 est
1717 4036 1956 4091 essentia
1997 4044 2051 4089 et

482 4148 594 4189 non
631 4133 978 4202 simplicitas,
1035 4132 1115 4187 sic
1160 4139 1215 4185 et
1264 4129 1505 4187 essentia
1547 4129 1809 4200 ingenita,
1860 4136 1915 4183 et
1940 4143 2049 4182 non

482 4223 800 4295 ἀγεννησία,
830 4223 1175 4293 ingeneratio.
1210 4220 1410 4276 Eodem
1444 4220 1606 4275 modo
1635 4235 1759 4274 cum
1793 4219 1864 4273 sit
1887 4218 2051 4273 etiam

485 4315 702 4383 perlitus
731 4312 923 4378 Filius,
956 4314 1024 4368 ab
1055 4313 1203 4367 onmi
1249 4311 1574 4368 necessitate
1604 4310 1781 4366 soluta
1810 4320 1894 4365 est
1923 4323 2050 4363 ora-

487 4411 584 4475 tio,
630 4405 890 4478 quoniam
937 4404 1164 4475 simplex
1220 4412 1306 4459 est
1355 4404 1527 4475 ipsius
1563 4402 1823 4465 essentia,
1864 4416 2055 4457 essen-

2137 541 2339 595 ἁπλοῦν
2370 542 2470 613 μὲν
2499 545 2562 613 τῇ
2586 540 2747 612 φύσει
2776 542 2836 595 τὸ
2863 541 3041 605 Θεῖον,
3075 543 3242 615 δνομα
3276 543 3333 597 δὲ
3370 543 3488 597 κατ’
3511 545 3686 612 αὐτοὺς

2135 633 2233 704 τῆς
2271 632 2571 704 ἁπλότητός
2603 636 2718 687 ἐστι
2762 633 2823 685 τὸ
2848 633 3159 702 ἀγέννητον.
3203 634 3237 704 ἢ
3283 632 3537 688 σύνθετον
3572 631 3687 691 εἶναι

2136 726 2228 780 τὸν
2268 726 2396 779 Υίὺν
2443 725 2959 791 κατασκευάσουσιν,
3010 719 3054 793 ᾧ
3095 726 3158 779 τὸ
3208 725 3343 795 μηδὲ
3388 726 3524 780 Θεὸν
3570 724 3688 782 εἶναι

2138 817 2641 883 συναποδείκνυται,
2687 817 2721 887 ἢ
2753 820 2799 871 εί
2827 818 3136 889 ὁμολογοῖεν
3166 820 3251 872 ἐπ’
3279 818 3431 889 αὐτῷ
3458 819 3563 885 τὴν
3592 818 3690 873 θεό-

2135 924 2292 976 τητα,
2330 907 2532 961 ἁπλοῦν
2571 908 2648 971 δὲ,
2683 907 2863 973 καθὼς
2908 910 3143 979 εἴρηται,
3173 908 3234 960 τὸ
3253 907 3404 965 Θείόν
3447 910 3589 966 ἐστι.
3620 909 3693 962 τὸν

2137 998 2297 1050 αὐτὸν
2338 997 2431 1051 καὶ
2457 997 2747 1067 ἀγέννητον
2774 998 2861 1052 διὰ
2889 998 2987 1068 τὴν
3020 997 3296 1068 ἁπλότητα
3327 997 3545 1061 πάντως
3575 992 3694 1052 εἶναι
3729 1012 3739 1047 ι

2138 1090 2633 1153 κατασκευάζουσιν
2657 1107 2670 1120 ·
2720 1091 2878 1161 εἴπερ
2920 1092 2952 1161 ἡ
2983 1089 3222 1159 ἁπλότης
3249 1089 3414 1142 ταὺτὸ
3442 1091 3508 1160 τῇ
3554 1089 3693 1157 ἀγεν-

2136 1185 2297 1255 νησίᾳ
2327 1183 2637 1254 νομίζεται·
2676 1183 2751 1245 ὡς
2793 1182 2837 1235 δ’
2873 1182 2938 1237 ἂν
2966 1180 3296 1252 σαφέστερον
3329 1180 3389 1233 τὸ
3420 1179 3697 1250 λεγόμενον

2135 1277 2364 1344 γένοιτο,
2410 1276 2569 1329 πάλιν
2609 1276 2671 1328 τὸ
2712 1274 2875 1345 ῥηθὲν
2912 1273 3276 1344 ἀναλήψομαι.
3322 1271 3517 1343 Ἡμεῖς
3552 1271 3697 1325 τοῦτό

2138 1386 2335 1439 φαμεν,
2385 1370 2464 1422 ὅτι
2518 1370 2575 1421 ὲν
2623 1368 2867 1437 ἐκατέρῳ
2899 1365 3006 1421 τῶν
3045 1365 3341 1436 ὀνομάτων,
3391 1364 3520 1417 ίδιόν
3552 1381 3605 1417 τι
3652 1364 3698 1419 τὸ

2140 1460 2535 1532 σημαινόμενον
2586 1458 2813 1511 ὕπεστι·
2872 1458 2964 1510 καὶ
3023 1456 3145 1509 οὔτε
3203 1455 3279 1525 τῷ
3327 1456 3606 1528 ἁγεννήτῳ
3650 1457 3699 1509 τὸ

2137 1552 2340 1622 ἀμερὲς
2382 1550 2761 1623 ἑρμηνεύεται,
2812 1548 2933 1603 οὔτε
2979 1548 3058 1619 τῷ
3090 1547 3243 1619 ἁπλῷ
3283 1547 3345 1600 τδ
3380 1547 3697 1619 ἀγέννητον·

2137 1643 2250 1698 ἁλλ’
2281 1646 2337 1696 ἐν
2370 1644 2468 1713 μὲν
2494 1642 2573 1713 τῷ
2608 1641 2782 1713 ἁπλῷ,
2812 1642 2873 1694 τὸ
2900 1639 3190 1695 ἀσύνθετον
3213 1640 3535 1710 ὲνοήσαμεν,
3566 1641 3628 1693 ὲν
3656 1638 3701 1694 δὲ

2136 1731 2215 1801 τῷ
2243 1732 2542 1802 ἁγεννήτῳ,
2568 1730 2628 1783 τὸ
2670 1730 2744 1801 μὴ
2790 1728 2849 1796 ἐξ
2882 1730 3059 1794 αἰτίας
3092 1725 3228 1783 εἶναί
3256 1747 3395 1792 τινος
3427 1728 3703 1801 ἐδιδάχθη.

2067 1796 2111 1851 Β
2142 1796 2261 1895 μεν.
2293 1796 2440 1876 ἴτον·
2466 1796 2521 1875 δὲ
2555 1796 2683 1875 Υίὸν
2729 1796 2794 1876 εκ
2832 1820 2967 1876 Θεοῦ
3016 1821 3149 1875 Θεὸν
3201 1820 3348 1885 ὄντα,
3397 1820 3495 1874 καὶ

2138 1914 2343 1971 ἁπλοῦν
2376 1914 2651 1968 πιστεύειν
2683 1913 2906 1984 οἰόμεθα
2928 1913 3040 1967 δεῖν
3059 1930 3073 1944 ο
3102 1912 3189 1966 διὰ
3216 1912 3276 1966 τὸ
3308 1913 3492 1982 πάσης
3524 1911 3706 1966 συνθέ-

2140 2024 2278 2071 σεως
2306 2005 2628 2077 καθαρεύειν
2655 2006 2716 2059 τὸ
2749 2006 2918 2060 Θείον.
2953 2005 3063 2060 Καὶ
3089 2004 3231 2059 κατὰ
3274 2007 3365 2059 τὸν
3397 2006 3563 2060 αὑτὸν
3593 2004 3705 2076 τρό-

2140 2118 2238 2153 πον
2260 2098 2353 2154 καὶ
2377 2099 2469 2152 ἐπὶ
2494 2097 2703 2161 τούτου,
2736 2098 2872 2168 μήτε
2903 2097 2991 2152 διὰ
3023 2098 3124 2168 τῆς
3158 2098 3252 2151 τοῦ
3280 2097 3411 2151 Υίοῦ
3437 2114 3706 2168 προσηγο-

2144 2192 2262 2262 ρίας
2292 2190 2388 2262 τὴν
2415 2189 2687 2265 ἁπλότητα
2724 2188 2822 2258 τῆς
2850 2189 3037 2252 οὐσίας
3080 2190 3386 2260 σημαίνειν,
3420 2189 3549 2260 μήτ’
3578 2190 3706 2258 αὐτῇ

2141 2283 2400 2350 ἁπλότητι
2438 2283 2707 2355 παριστᾷν
2745 2280 2806 2334 τό
2838 2280 2929 2335 τοῦ
2956 2281 3086 2335 Υίοῦ
3127 2281 3542 2352 σημαινόμενον.
3580 2279 3711 2334 Ἀλλ’

2140 2377 2205 2428 ὲκ
2248 2373 2435 2427 τούτου
2486 2374 2605 2443 μὲν,
2631 2371 2729 2445 τὴν
2768 2373 2832 2426 ὲκ
2864 2372 2958 2425 τοῦ
2994 2372 3204 2443 Πατρὸς
3231 2372 3531 2425 ὑπόστασιν
3556 2388 3710 2440 φανεο

2145 2466 2387 2539 ρούσοωο
2425 2467 2488 2520 ἐκ
2526 2465 2583 2518 δὲ
2624 2464 2717 2517 τοῦ
2763 2463 2954 2527 ἁπλοῦ,
2986 2464 3122 2535 ὅπερ
3150 2464 3401 2535 ἐμφαίνει
3433 2465 3467 2533 ἡ
3495 2463 3711 2532 τοιαύτη

2144 2560 2317 2630 φωνή.
2386 2559 2539 2612 Ἐπεὶ
2575 2555 2668 2613 οὖν
2713 2559 2742 2610 6
2788 2557 2886 2627 μὲν
2915 2557 3011 2626 τῆς
3052 2555 3173 2610 κατ’
3201 2555 3390 2609 οὐσίαν
3418 2555 3712 2627 ἁπλότητος

2142 2649 2298 2715 λόγος
2324 2643 2404 2711 εἷς
2436 2649 2527 2701 καὶ
2576 2650 2606 2702 ὁ
2648 2647 2810 2712 αὐτὸς
2855 2649 2948 2702 καὶ
2999 2646 3087 2700 ἐπὶ
3132 2645 3345 2719 Πατρδς
3368 2645 3595 2717 λέγηται
3627 2646 3731 2700 ut

2144 2740 2236 2793 ἐπὶ
2269 2738 2420 2805 Υίοῦ,
2448 2739 2566 2793 οὔτε
2597 2740 2784 2809 ὑφέσει
2808 2739 2935 2801 τινὶ,
2965 2737 3087 2792 οὔτε
3121 2736 3445 2808 πλεονασμῷ
3470 2736 3711 2790 διαλλάσ-

2146 2847 2283 2883 σων·
2332 2831 2393 2884 τὸ
2426 2829 2482 2885 δὲ
2510 2828 2767 2899 γεννητὸν
2797 2828 2874 2899 τῷ
2922 2828 3201 2899 ἀγεννήτῳ
3239 2826 3437 2897 πολλὴν
3480 2825 3623 2880 κατὰ
3658 2823 3716 2879 τό

2147 2921 2541 2991 σημαινόμενον
2569 2920 2666 2992 τὴν
2693 2920 2954 2989 διαφορὰν
2976 2919 3086 2989 ἔχει
3109 2935 3124 2951 ·
3163 2920 3321 2971 τοῦτο
3348 2922 3459 2989 γὰρ
3497 2917 3641 2971 ἔστιν
3662 2919 3715 2970 ὲν

2147 3012 2222 3082 τῷ
2269 3011 2439 3082 έτέρῳ
2480 3011 2588 3063 τῶν
2638 3010 2915 3080 ὀνομάτων
2947 3010 3158 3079 νοῆσαι,
3199 3007 3229 3060 ὃ
3258 3008 3316 3061 ἐν
3342 3007 3421 3078 τῷ
3454 3007 3599 3075 ἄλλῳ
3623 3007 3716 3060 οὐκ

2148 3105 2260 3156 ἐστι
2290 3118 2303 3131 ·
2344 3101 2429 3158 διὰ
2470 3100 2627 3154 τοῦτό
2676 3116 2855 3170 φαμεν
2926 3099 3197 3171 μηδεμίαν
3260 3098 3509 3167 ἀνάγκην
3562 3093 3713 3162 εἶναι,

2150 3196 2444 3266 ἁγεννήτου
2493 3192 2644 3256 δντος
2700 3192 2793 3244 τοῦ
2844 3192 3076 3260 Πατρὺς,
3133 3189 3319 3261 ἐπειδὴ
3368 3189 3514 3261 ἁπλῆ
3577 3191 3714 3242 ἐστιν

2151 3286 2315 3340 αὐτοῦ
2365 3288 2397 3356 ἡ
2443 3285 2619 3349 οὐσία,
2654 3284 2976 3354 ἁγεννησίαν
3017 3283 3270 3351 λέγεσθαι
3296 3280 3459 3340 αὐτοῦ
3495 3282 3595 3350 τὴν
3628 3279 3715 3332 οὐ·

2153 3380 2292 3432 σέαν.
2345 3377 2475 3431 Οὐδὲ
2520 3377 2629 3446 γὰρ
2678 3375 2848 3432 ἁπλοῦ
2899 3375 3050 3438 ὄντος
3088 3373 3182 3427 τοῦ
3225 3373 3378 3435 Υίοῦ,
3426 3373 3521 3426 τοῦ
3562 3370 3713 3427 αὐτοῦ

2153 3472 2244 3523 καῖ
2273 3466 2532 3538 γεννητοῦ
2567 3463 2705 3525 εἶναι
2747 3465 3201 3534 πεπιστευμένου,
3245 3462 3523 3533 ἁπλότητα
3568 3460 3712 3529 λέγο-

2155 3580 2251 3633 μεν
2273 3559 2369 3632 τὴν
2397 3558 2602 3613 οὐσίαν.
2652 3557 2790 3609 Ἀλλ’
2822 3555 3008 3628 ὥσπερ
3031 3554 3175 3623 ἁπλῆ
3203 3556 3348 3608 ἐστιν
3380 3556 3412 3623 ἡ
3444 3552 3712 3616 οὐσία,καὶ

2150 3655 2248 3724 οὐχ
2281 3651 2537 3720 ἁπλότης,
2560 3650 2730 3712 οὕτως
2758 3648 2849 3703 καὶ
2878 3645 3167 3717 ἀγέννητός
3199 3647 3347 3698 ἐστιν
3381 3647 3414 3715 ἡ
3442 3645 3594 3697 οὐσία
3626 3642 3711 3694 καὶ

2150 3747 2249 3798 οὐκ
2293 3743 2603 3813 ἁγεννησία.
2654 3742 2756 3794 Τὸν
2805 3741 2968 3793 αὑτὸν
3013 3739 3212 3809 τρόπον
3258 3736 3519 3806 γεννητοῦ
3575 3736 3709 3796 ὄντος

2152 3841 2245 3893 καὶ
2281 3838 2376 3892 τοῦ
2426 3834 2578 3901 Υίοῦ,
2613 3835 2792 3903 πάσης
2843 3834 3087 3902 ἀνάγκης
3130 3834 3157 3885 6
3189 3831 3344 3899 λόγος
3378 3829 3704 3899 κεχώρισται,

2151 3926 2337 3997 ἐπειδὴ
2388 3925 2532 3996 ἁπλῆ
2580 3926 2725 3977 ἐστιν
2768 3921 2932 3975 αὐτοῦ
2980 3923 3013 3989 ἡ
3054 3919 3230 3983 οὐσία,
3277 3918 3532 3987 γέννησιν
3564 3913 3706 3968 αὑτοῦ

2150 4022 2250 4093 τὴν
2280 4020 2464 4073 οὐσίαν
2495 4017 2802 4090 ὁρίζεσθαι·
2837 4015 2970 4068 ἁλλὰ
2999 4014 3090 4067 καὶ
3113 4011 3346 4065 ἐνταῦθα
3381 4010 3519 4065 ἰδίαν
3547 4008 3705 4078 ἐμφα-

2156 4130 2239 4165 σιν
2271 4111 2504 4180 ἑκάτερα
2546 4108 2655 4161 τῶν
2679 4105 2956 4178 ὀνομάτων
2987 4105 3120 4175 ἔχει.
3159 4104 3232 4158 ’Ἡ
3255 4119 3315 4155 τε
3356 4101 3466 4172 γὰρ
3488 4098 3577 4152 τοῦ
3607 4115 3707 4166 γεν-

2153 4205 2314 4275 νητοῦ
2347 4201 2708 4274 προσηγορία,
2752 4199 2812 4251 τὸ
2859 4198 2921 4251 ἐκ
2967 4196 3112 4259 τινός
3160 4212 3240 4247 σοι
3285 4194 3598 4265 παρίστησι,
3630 4188 3709 4241 καὶ

2154 4297 2230 4367 τῷ
2284 4294 2503 4357 ἁπλοῦν,
2565 4292 2642 4363 τῷ
2700 4287 3041 4360 ἀπηλλάχθαι
3097 4286 3420 4347 συνθέσεως.
3488 4281 3616 4336 Ἀλλ’
3657 4280 3707 4331 οὐ

2156 4390 2325 4444 ταῦτα
2359 4387 2630 4448 κάκείνοις
2677 4384 2849 4437 δοκεῖ·
2907 4381 3181 4452 βούλονται
3218 4379 3331 4448 γὰρ
3363 4376 3544 4447 ἐπειδὴ
3584 4372 3709 4440 ἁπλῆ

487 4500 622 4554 tiam
679 4497 799 4568 ejus
856 4497 1258 4567 generationem
1323 4510 1467 4560 esse,
1541 4494 1790 4549 delinire.
1853 4491 2046 4547 Verum

2155 4483 2247 4535 τοῦ
2283 4480 2496 4552 Πατρός
2525 4482 2671 4532 ἐστιν
2702 4480 2734 4547 ἠ
2764 4476 2941 4536 οὐσία,
2980 4473 3054 4544 μὴ
3084 4472 3210 4527 ἄλλο
3248 4488 3301 4523 τι
3332 4471 3363 4541 ἦ
3414 4464 3713 4537 ἁγεννησίαν

487 4590 652 4646 etiam
681 4590 771 4645 hic
801 4589 1074 4660 propriam
1103 4586 1554 4657 signiﬁcationem
1581 4595 1813 4655 utraque
1835 4584 2053 4639 nomina

2159 4575 2327 4646 αὐτὴν
2366 4569 2501 4625 εἶναι
2550 4568 2893 4640 νομίζεσθαιο
2944 4566 3195 4620 διότικαὶ
3244 4561 3534 4631 ἀγέννητος
3577 4558 3715 4624 λέγε-

489 4684 712 4739 liabent.
745 4649 878 4736 Nam
902 4649 956 4736 et
986 4649 1477 4751 genitivappellatio
1506 4693 1569 4732 ex
1596 4649 1777 4747 aliquo
1809 4689 1932 4731 esse
1958 4674 2046 4729 tibi

2159 4685 2267 4721 ται.
2303 4666 2446 4735 Πρὸς
2470 4663 2564 4727 οὒς
2602 4662 2880 4716 καὶτοῦτο
2913 4656 3060 4712 ἔστιν
3094 4659 3286 4719 εἰπεῖν,
3313 4656 3396 4708 ὅτι
3420 4650 3601 4721 ἐπειδὴ
3636 4649 3720 4701 καὶ

490 4775 674 4830 animo
706 4771 945 4841 subjicit,
978 4741 1031 4825 et
1069 4785 1175 4840 qua
1214 4741 1442 4838 simplex
1488 4741 1709 4829 dicitur,
1747 4765 1799 4820 id
1835 4766 1981 4835 quod
2028 4780 2046 4818 ε

2162 4758 2383 4825 κτίστην
2437 4754 2527 4807 τὸν
2578 4751 2792 4823 Πατέρα
2826 4750 2921 4803 καὶ
2975 4746 3303 4817 δημιουργὸν
3349 4741 3717 4813 ὀνομάζουσιν

490 4865 890 4939 compositione
943 4862 1177 4916 alienum
1225 4867 1309 4915 est
1369 4868 1424 4914 et
1486 4858 1754 4912 liberum.
1793 4857 1897 4911 Sed
1946 4857 2046 4910 luet

2161 4849 2364 4913 ἁπλοῦς
2409 4847 2465 4901 δὲ
2496 4845 2616 4900 κατ’
2651 4844 2838 4897 οὐσίαν
2865 4840 3009 4894 ἐστὶν
3039 4842 3068 4892 6
3105 4837 3277 4892 ταῦτα
3306 4833 3719 4905 όνομαζόμενος’

493 4958 603 5014 illis
630 4971 741 5013 non
775 4953 1027 5015 videntur
1059 4972 1071 5007 :
1102 4953 1287 5007 volunt
1324 4951 1489 5014 enim,
1527 4951 1784 5019 quoniam
1830 4950 2057 5019 simplex

492 5059 576 5106 cst
628 5046 810 5103 Patris
861 5045 1097 5101 essentia
1146 5059 1254 5099 non
1309 5043 1455 5098 aliud
1505 5040 1656 5111 quid,
1688 5057 1848 5114 quam
1905 5042 2064 5109 ἀγεν-

492 5140 724 5213 νησίαν,
789 5136 1270 5209 ingenerationem,
1329 5136 1500 5205 ipsam
1536 5150 1658 5189 esse
1714 5134 2057 5188 existimari:

408 5250 417 5308 ᾖ
494 5232 726 5304 ideoque
765 5241 819 5287 et
861 5230 1134 5301 ingenitus
1173 5227 1393 5282 dicitur.
1428 5226 1505 5280 Ad
1540 5240 1678 5295 quos
1725 5234 1778 5280 ct
1810 5225 1911 5279 hoc
1940 5225 2064 5280 licet

412 5312 417 5317 ’
495 5327 682 5382 dicere
727 5323 872 5395 quod
904 5322 1160 5393 quoniam
1208 5320 1372 5378 etiam
1403 5319 1615 5374 Patrem
1662 5326 1964 5373 creatorem
2013 5328 2067 5372 et

498 5417 840 5473 conditorem
876 5416 1180 5497 nominant.
1229 5411 1459 5483 simplex
1514 5420 1693 5467 autem
1731 5418 1815 5464 cst
1865 5423 2063 5464 secun-

499 5509 631 5562 dum
667 5507 983 5565 essentiam,
1038 5505 1130 5575 qui
1176 5505 1244 5560 iis
1281 5502 1596 5558 nominibus
1647 5509 1907 5564 vocatur;
1951 5500 2065 5568 jam

499 5604 719 5666 tempus
753 5604 837 5651 est
867 5603 926 5649 ut
955 5594 1043 5650 isti
1069 5594 1341 5664 sapientes
1366 5601 1673 5648 creaturam
1709 5597 1762 5643 et
1791 5589 2065 5658 Opiﬁcium

500 5687 684 5746 Patris
737 5687 1032 5742 essentiam
1098 5686 1485 5755 pronuntient.
1527 5682 1797 5753 siquidem
1850 5697 2067 5736 omnem

508 5778 926 5854 signiﬁcantiam
952 5778 1190 5837 nominis
1219 5778 1364 5847 quod
1412 5779 1465 5831 in
1496 5792 1560 5832 co
1586 5776 1804 5841 dicitur,
1861 5777 2067 5849 simpli-

2164 4942 2280 5012 ὥρα
2321 4942 2432 5002 τοῖς
2462 4940 2644 5008 σοφοῖς
2686 4934 2894 4996 τούτοις
2923 4932 3101 4985 κτίσιν
3131 4930 3224 4982 καὶ
3257 4925 3611 4998 δημιουργίαν
3639 4922 3726 4992 τηρ

2165 5033 2351 5086 οὐσίαν
2402 5030 2496 5083 τοῦ
2545 5027 2755 5096 Πατρὺς
2804 5022 3218 5093 ἀποφαίνεσθαι,
3274 5019 3506 5086 ἐπείπερ
3560 5016 3727 5068 πᾶσαν

2167 5125 2439 5196 σημασίαν
2462 5120 2556 5174 τοῦ
2586 5120 2712 5192 περὶ
2740 5117 2904 5171 αὑτὸν
2936 5114 3229 5185 λεγομένου
3266 5111 3549 5181 ὀνόματος,
3583 5110 3611 5160 6
3640 5105 3727 5171 τῆς

2166 5217 2466 5288 ἁπλότητος
2506 5214 2661 5281 λόγος
2697 5213 2776 5275 είς
2826 5209 2925 5280 τὴν
2956 5206 3144 5260 οὐσίαν
3191 5204 3401 5272 ἁνὰγει.
3448 5201 3519 5254 Ἦ
3564 5196 3726 5288 τοίνυν

2167 5311 2555 5382 χωρισὰτωσαν
2601 5305 2693 5359 τοῦ
2749 5301 2978 5376 ὁρισμοῦ
3034 5300 3132 5369 τῆς
3179 5297 3331 5359 θείας
3391 5294 3578 5353 οὖσίας
3636 5287 3725 5354 τὴν

2169 5381 2510 5471 ἆγεν-δησίαν,
2545 5397 2635 5452 ἐπὶ
2684 5396 2853 5465 μόνης
2893 5392 2995 5461 τῆς
3042 5390 3177 5453 ἰδίας
3222 5388 3515 5459 ἐμφάσεως
3555 5381 3728 5471 μένουέ

2171 5511 2290 5558 σαν,
2326 5492 2358 5563 ἢ
2400 5491 2558 5561 εἴπερ
2606 5489 2690 5542 διὰ
2733 5487 2831 5559 τὴν
2862 5484 3135 5554 ἁπλότητα
3162 5479 3256 5533 τοῦ
3287 5475 3640 5548 ὑποκειμένου
3665 5470 3726 5537 τῇ

2171 5561 2463 5656 ἀγεννησίᾳ
2488 5582 2592 5651 τὴν
2625 5580 2811 5634 οὖσίαν
2839 5577 3121 5649 ὀρίζοιντο,
3147 5571 3235 5626 διὰ
3260 5572 3359 5641 τὴν
3381 5568 3549 5639 αὐτὴν
3565 5561 3730 5656 αἰτίαν

2172 5650 2264 5736 καὶ
2290 5650 2387 5749 τὴν
2422 5650 2597 5731 κτίσιν
2644 5676 2737 5728 καὶ
2766 5672 2863 5743 τὴν
2909 5666 3268 5742 δημιουργίαν
3300 5665 3365 5735 τῇ
3407 5660 3500 5715 τοῦ
3532 5650 3731 5749 Πατρὸς

2178 5774 2334 5844 οὐσίᾳ
2382 5768 2833 5841 ἐνθεωρείτωσαν,
2883 5762 2958 5826 ὼς
3005 5759 3126 5831 οὐχὶ
3173 5755 3463 5827 κτιζούσης
3509 5749 3598 5805 καὶ
3646 5745 3732 5813 δη-
