4002 6218
276 324 371 383 921

1396 324 1676 383 CONTRA
1716 322 2115 387 EUNOMIUM,
2157 323 2284 378 LIB.
2319 325 2434 381 Xil.

3328 313 3341 329 °
3434 328 3545 383 oss

276 439 647 511 μιουργούσης
684 441 744 493 ὲν
768 443 832 510 τῇ
883 441 1040 511 οὐσίᾳ
1074 441 1377 511 δυνάμεως,
1420 441 1533 493 ἀλλ’
1565 438 1737 505 αὐτῆς
1762 440 1846 507 τῆς

1963 439 2145 494 citatis
2177 439 2316 492 ratio
2353 439 2418 491 ad
2456 438 2747 493 essentiam
2779 438 3007 492 reducit.
3040 436 3138 493 Vel
3182 434 3346 508 igitur
3378 452 3408 490 a
3436 437 3533 491 de-

269 531 553 601 δυνάμεως
603 531 812 600 κτίσμα
862 534 957 585 καὶ
1000 532 1393 603 δημιούργημα
1440 533 1757 601 νοουμένης.
1796 533 1858 585 Ei

272 620 329 674 δὲ
367 618 527 673 τοῦτο
555 620 950 675 ἀποϐάλλουσιν
993 623 1068 685 ὡς
1113 623 1349 693 πονηρόν
1390 639 1449 675 τε
1499 624 1592 676 καὶ
1639 622 1856 687 ἄτοπον,

272 711 656 781 πεισθήτωσαν
681 715 745 766 ὲκ
775 713 874 784 τῆς
898 713 1221 778 ἀκολουθίας
1243 716 1496 768 κάκεῖνον
1519 714 1695 785 τούτῳ
1730 732 1856 768 συν-

270 802 596 857 αποῦάλλειν
640 804 734 856 τὸν
773 804 947 873 λόγον.
1012 807 1099 868 Ὠς
1146 806 1256 877 γὰρ
1307 807 1407 860 οὑκ
1449 806 1564 860 ἔστι
1599 806 1858 877 δημιούρ-

270 909 424 963 γημα
454 894 551 947 τοῦ
576 894 911 965 δημιουργοῦ
938 895 1111 958 οὐσία,
1148 896 1320 959 οὕτως
1354 897 1473 949 οὐδὲ
1498 896 1790 968 ἀγεννησξα
1822 898 1855 967 ἡ

269 983 365 1037 τοῦ
396 986 696 1055 ἀγεννήτου
726 986 905 1040 οὑσία.
936 979 1232 1056 Συντομίας
1263 987 1320 1041 δὲ
1361 988 1520 1059 χάριν
1547 988 1640 1041 καὶ
1681 1004 1857 1058 σαφη-

268 1072 438 1139 νείας,
470 1074 636 1128 πάλιν
661 1074 754 1127 τὸν
788 1075 950 1128 αὑτὸν
994 1076 1413 1146 ἐπαναλήψομαι
1459 1077 1635 1146 λόγον.
1684 1077 1746 1132 Εἰ
1780 1079 1853 1150 μὴ

269 1162 360 1217 διὰ
384 1162 448 1216 τὸ
475 1162 553 1234 μὴ
588 1164 966 1233 γεγεννῆσθαι.
1006 1163 1142 1233 ἀλλὰ
1176 1165 1265 1219 διὰ
1303 1165 1365 1218 τὸ
1391 1165 1532 1233 ἁπλῆ
1574 1167 1666 1220 καὶ
1694 1166 1856 1222 ἀσύν-

270 1253 423 1316 θετος
466 1254 628 1307 οὐσία
655 1256 685 1307 ὁ
717 1253 907 1325 Πατὴρ
934 1248 1096 1317 εἷναι,
1139 1255 1434 1326 ἁγέννητος
1473 1255 1721 1324 λέγεταιο
1767 1257 1855 1310 διὰ

269 1341 370 1414 τὴν
393 1342 564 1413 αὑτὴν
586 1343 766 1397 αἰτίαν
787 1345 879 1397 καὶ
908 1346 937 1397 ὁ
961 1343 1088 1408 Υἱὸς
1110 1344 1405 1414 ἁγέννητος
1428 1345 1821 1416 νομισθήσεται
1838 1362 1851 1377 σ

268 1431 431 1485 οὐσία
456 1432 566 1503 γάρ
596 1432 691 1485 καὶ
721 1425 877 1496 οὗτός
917 1434 1033 1486 ἐστι
1074 1433 1349 1503 μονοειδὴς
1400 1434 1493 1488 καὶ⁵
1540 1434 1850 1498 ἀσύνθετος.

268 1524 331 1576 Εἰ
368 1523 429 1576 δὲ
456 1522 550 1576 τὸν
581 1523 711 1576 Υίὸν
735 1523 857 1576 ἐπεὶ
902 1523 1163 1595 ἐγεννήθη
1198 1525 1455 1593 γεννητὸν
1498 1525 1559 1591 ἐξ
1605 1524 1853 1595 ἀνάγκης

264 1611 696 1685 ὁμολογήσομεν,
740 1613 899 1684 δῆλον
926 1615 1009 1667 ὃτι
1058 1615 1149 1668 καὶ
1180 1615 1273 1668 τὸν
1316 1615 1556 1687 Πατέρα,
1588 1617 1711 1671 ἐπεὶ
1752 1618 1852 1671 οὑκ

266 1702 552 1775 ἐγεννήθη,
583 1703 958 1776 προσεροῦμεν
984 1706 1296 1776 ἀγέννητον.
1336 1707 1399 1760 Εἰ
1431 1706 1488 1761 δὲ
1519 1706 1695 1773 τοῦτο,
1726 1708 1761 1778 ἦ
1790 1724 1851 1761 τε

1967 528 2211 582 ﬁnitione
2239 528 2437 582 divina:
2471 528 2724 583 essentia:
2765 528 3115 597 ἁγεννησίαν,
3158 528 3211 582 id
3254 534 3360 589 est,
3392 527 3536 596 iuge»

1961 620 2308 682 iterationem,
2356 628 2633 689 separent,
2683 620 2734 673 in
2785 620 2898 674 sola
2949 618 3167 689 propria
3205 627 3261 674 et
3299 619 3534 689 genuina

1963 709 2365 779 signiﬁcatione
2422 720 2754 774 manentem,
2792 711 2875 766 vel
2916 711 2960 766 si
2999 719 3221 781 propter
3268 710 3534 779 simplici-

1959 804 2124 852 tatem
2174 798 2409 867 subjecti
2456 802 2524 870 τῇ
2574 800 2891 870 ἁγεννησίᾳ,
2943 815 3051 853 non
3090 799 3258 871 geniti
3299 799 3530 861 ratione.

1958 894 2254 946 essentiam
2305 892 2588 957 deliniant,
2636 900 2859 961 propter
2903 891 3148 946 eamdem
3204 906 3427 946 causam
3477 900 3534 947 et

1958 991 2289 1042 creaturam.
2318 990 2372 1037 et
2402 982 2677 1052 opiﬁcium
2709 982 2764 1037 in
2803 980 2984 1036 Patris
3027 983 3264 1037 essentia
3292 991 3534 1037 contem-

1956 1071 2199 1139 plentur,
2241 1072 2471 1142 perinde
2522 1088 2588 1127 ac
2622 1074 2666 1129 si
2703 1073 2876 1127 virtus
2905 1086 3027 1141 quae
3065 1080 3153 1127 est
3180 1071 3237 1127 in
3265 1072 3529 1136 essentia,

1956 1174 2066 1213 non
2099 1170 2251 1215 creet
2293 1169 2346 1215 et
2393 1161 2677 1225 moliatur,
2713 1160 2809 1216 sed
2843 1161 2961 1231 ipsa
2987 1162 3165 1217 virtus
3207 1170 3262 1217 et
3290 1170 3533 1233 potestas

1958 1250 2292 1321 intelligatur
2341 1260 2596 1306 creatura
2652 1260 2710 1307 et
2766 1250 3064 1321 opificium.
3117 1251 3272 1317 Quod
3329 1252 3377 1308 si
3425 1252 3531 1308 hoc

1956 1339 2222 1408 abjiciunt
2250 1348 2307 1395 ut
2335 1341 2640 1410 improbum
2667 1349 2721 1394 et
2747 1338 3070 1405 absurdum,
3099 1341 3532 1410 persnadeantur

1954 1447 2019 1484 ex
2047 1432 2459 1496 consecutione,
2496 1431 2663 1487 etiam
2699 1446 2807 1485 una
2837 1446 2962 1486 cum
2991 1434 3095 1487 hoc
3132 1434 3282 1488 illum
3314 1448 3527 1490 sermo-

1958 1536 2082 1576 nem
2122 1521 2517 1590 repudiarewt
2555 1521 2702 1576 enim
2736 1522 3013 1591 opiﬁcium
3044 1538 3154 1577 non
3197 1533 3283 1578 est
3313 1525 3530 1593 opiﬁcis

1961 1613 2226 1677 essentia,
2258 1612 2336 1667 sic
2359 1627 2540 1682 neque
2568 1612 2887 1682 ἁγεννησία,
2917 1614 3261 1684 ingeneratio,
3298 1616 3528 1687 ingeniti

1953 1704 2214 1758 essentia.
2264 1703 2586 1774 Compendii
2639 1712 2822 1760 autem
2885 1712 2940 1760 et
2990 1706 3345 1763 diluciditatis
3402 1722 3530 1777 gra-

265 1793 496 1864 ἀλήθεια
535 1794 629 1848 καὶ
663 1797 697 1866 ἡ
732 1795 839 1849 τῶν
882 1797 1146 1850 τεθέντων
1177 1798 1467 1851 ἀκολουθία
1509 1800 1846 1866 καταναγκά-

1956 1797 2053 1859 tia,
2106 1809 2302 1852 rursus
2347 1794 2597 1850 eumdem
2646 1809 2995 1851 resumamus
3036 1811 3368 1852 sermonem.
3410 1795 3528 1855 Nisi

229 1884 381 1961 εζει,
434 1886 697 1958 πρόδηλον
753 1888 835 1941 ὅτι
882 1889 1003 1959 οὑχὶ
1046 1889 1232 1952 οὐσίας
1282 1891 1398 1944 ἐστὶ
1447 1890 1508 1944 τὸ
1552 1888 1846 1959 ἀγέννητον

1954 1892 2241 1956 propterea
2281 1884 2429 1955 quod
2464 1899 2573 1939 non
2605 1884 2822 1955 genitus
2868 1892 2974 1949 est,
3010 1886 3107 1943 sed
3140 1888 3267 1957 quia
3298 1887 3529 1958 simplex

262 1976 459 2049 δνομα,
500 1978 634 2037 ἀλλὰ
674 1978 937 2050 διαφορᾶς
984 1996 1128 2043 τινος
1168 1980 1456 2051 νοημάτων
1494 1980 1844 2051 σημαντικὸν,

262 2070 364 2138 τῆς
395 2068 460 2121 τὸ
489 2068 746 2140 γεννηθὲν
777 2068 872 2123 τοῦ
918 2068 992 2141 μὴ
1030 2069 1380 2139 γεννηθέντος
1408 2069 1844 2143 διαστελλοὺσης.

1951 1985 2008 2034 et
2059 1976 2420 2046 incomposita
2454 1976 2526 2032 sit
2572 1976 2828 2040 essentia,
2879 1975 3041 2031 Pater
3073 1979 3346 2046 ingenitus
3377 1979 3530 2034 dici-

1952 2079 2065 2138 tur,
2098 2069 2166 2126 ob
2195 2067 2441 2124 eamdem
2470 2082 2693 2123 causam
2720 2068 2886 2123 etiam
2923 2066 3092 2124 Filius
3119 2069 3396 2138 ingenitus
3414 2069 3524 2125 exi-

270 2156 606 2213 stimabitur.
642 2155 891 2212 Essentia
929 2157 1073 2212 enim
1106 2157 1269 2212 etiam
1310 2156 1400 2213 hic
1438 2163 1524 2213 est
1552 2155 1843 2214 uniformis
1880 2167 1934 2213 et
1963 2155 2379 2229 compositionis
2406 2170 2619 2213 exsors.
2656 2155 2815 2223 Quod
2858 2157 2905 2213 si
2969 2157 3193 2221 Filium,
3265 2158 3526 2229 quoniam

261 2248 486 2316 genitus
515 2256 621 2311 est,
661 2246 904 2318 genitum
954 2248 1269 2305 necessario
1295 2247 1700 2317 conﬁtebimur,
1725 2249 2071 2320 perspicuum
2097 2248 2244 2321 quod
2272 2247 2438 2303 etiam
2495 2245 2736 2313 Patrem,
2806 2249 3066 2319 quoniam
3130 2263 3240 2305 non
3304 2250 3526 2321 genitus

259 2345 368 2401 est,
401 2336 649 2393 dicemus
690 2337 1015 2409 ingenitum.
1053 2338 1209 2406 Quod
1242 2340 1290 2396 si
1328 2340 1435 2397 hoc
1465 2350 1521 2396 et
1546 2339 1752 2396 veritas
1786 2347 1843 2395 et
1883 2339 2187 2411 positorum
2217 2339 2389 2394 series
2452 2351 2797 2409 consequens
2830 2338 2998 2408 cogit,
3062 2338 3269 2409 liquido
3309 2347 3526 2396 constat

216 2431 570 2502 ,ingcnitum
612 2445 720 2486 non
751 2445 877 2487 esse
916 2445 1115 2488 nomen
1153 2432 1429 2498 essentias,
1490 2432 1587 2489 sed
1652 2432 1971 2490 dill‘erentize
2033 2432 2267 2502 alicujus
2314 2446 2508 2488 eorum
2572 2446 2714 2519 qua.
2758 2431 3157 2501 intelliguntur,
3203 2431 3526 2504 signiﬁcati-

262 2539 420 2587 vum,
466 2537 589 2594 qua
632 2522 776 2593 quod
819 2533 904 2579 est
950 2524 1194 2594 genitum
1244 2540 1276 2580 a
1330 2540 1438 2582 non
1484 2528 1667 2596 genito
1717 2526 1848 2582 facit
1884 2526 2214 2597 discrepare.

334 2613 473 2672 Εἶτα
517 2617 611 2671 καὶ
643 2616 801 2676 τοῦτο
833 2619 946 2682 τοῖς
987 2619 1296 2692 εἰρημένοις
1332 2619 1849 2692 προσεξετάσωμεψ

261 2709 329 2767 ει
362 2708 428 2762 τὸ
456 2708 750 2779 ἀγέννητον
777 2708 950 2779 δνομά
989 2726 1122 2780 φασι
1162 2709 1260 2780 τὴν
1306 2709 1494 2763 οὑσίαν
1544 2710 1849 2781 σημαίνειν,

259 2801 358 2856 καὶ
399 2799 479 2871 μὴ
524 2798 585 2853 τὸ
612 2799 740 2857 ἄνευ
782 2800 962 2864 αἰτίας
1007 2801 1107 2873 τὴν
1135 2801 1436 2856 ὑπόστασιν
1477 2800 1654 2872 ἔχειν*
1714 2802 1851 2873 ποίῳ

258 2888 494 2960 ὀνόματι
550 2888 612 2944 τὸ
657 2890 786 2944 ἄνευ
837 2890 1015 2959 αίτίας
1065 2886 1203 2944 εἶναι
1256 2890 1349 2946 τόν
1398 2892 1615 2963 Πατέρα
1654 2893 1851 2964 συστή-

259 2997 443 3048 σουσι,
490 2982 590 3051 τῆς
639 2980 963 3051 ἀγεννησίας
993 2982 1072 3044 είς
1115 2979 1215 3052 τὴν
1260 2983 1358 3054 τῆς
1400 2981 1587 3044 οὐσίας
1624 2974 1846 3046 ἔνδειξιν

256 3073 397 3142 παρ’
433 3071 616 3126 αὑτῶν
642 3072 1120 3142 ἀποτεταγμένηςς
1156 3071 1219 3124 Ei
1243 3071 1350 3143 γὰρ
1380 3071 1455 3143 μὴ
1482 3072 1579 3142 τὴν
1603 3070 1847 3126 διασταλ-

256 3165 425 3238 τικὴν
461 3165 572 3219 τῶν
604 3167 953 3226 ὑποστάσεων
995 3165 1255 3235 διαφορὰν
1291 3164 1380 3219 διὰ
1422 3165 1522 3235 τῆς
1553 3165 1645 3219 τοῦ
1696 3167 1846 3235 ἀγενο

2025 2619 2232 2677 Deinde
2258 2618 2361 2675 hoc
2379 2618 2545 2675 etiam
2567 2625 2766 2690 praeter
2790 2634 2855 2676 ea
2875 2635 3000 2692 qua:
3018 2628 3149 2678 sunt
3168 2622 3312 2678 dicta
3332 2625 3526 2695 exqui-

1951 2724 2140 2765 ramus
2161 2724 2178 2762 :
2199 2707 2256 2764 Si
2286 2722 2488 2765 nomen
2520 2708 2624 2765 hoc
2653 2709 2954 2781 ingenitum
2981 2711 3346 2766 substantiam
3371 2713 3526 2769 aiunt

1950 2798 2285 2871 significare,
2323 2807 2375 2856 et
2425 2814 2538 2856 non
2583 2801 2791 2873 absque
2845 2817 3013 2858 causa
3069 2801 3288 2860 Patrem
3336 2803 3523 2861 subsl-

1950 2891 2205 2947 stentiam
2239 2890 2460 2957 habere,
2489 2907 2598 2962 quo
2620 2893 2842 2949 nomine
2871 2893 3081 2966 absque
3111 2909 3275 2950 causa
3302 2894 3519 2952 Patrem

1950 2996 2073 3038 esse
2099 2984 2461 3049 constituent,
2493 2999 2618 3040 cum
2651 2984 2946 3057 άγεννησία
2985 2986 3053 3041 ad
3088 2987 3339 3042 essentia:
3382 2987 3524 3042 indi-

1951 3074 2221 3130 cationem
2268 3075 2338 3132 ab
2371 3076 2508 3146 ipsis
2556 3078 2629 3132 sit
2656 3078 2946 3157 ordinata?
2986 3077 3044 3132 Si
3083 3079 3228 3133 enim
3265 3077 3522 3134 dilleren-

1952 3162 2084 3217 tiam
2113 3180 2238 3234 quas
2272 3165 2659 3222 subsistentias
2683 3167 2969 3238 disjungit,
3001 3168 3223 3238 ingeniti
3254 3183 3383 3223 voce
3410 3181 3521 3222 non

254 3233 430 3329 νήτου
467 3256 655 3325 φωνῆς
705 3233 1105 3324 διδασκόμεθα,
1136 3233 1250 3308 ἀλλ’
1296 3233 1718 3324 αὑτῆςνφύσεως
1746 3233 1838 3309 ήὲνο

1951 3233 2232 3321 docemur,
2273 3258 2368 3313 sed
2426 3258 2600 3328 ipsius
2651 3233 3346 3314 naturaa'hanc'indicem
3395 3272 3520 3315 esse

254 3348 542 3418 δεικτικὴν
568 3342 707 3401 εἶναι
731 3346 932 3417 ταύτην
970 3345 1379 3416 ὑποληψόμεθα,
1408 3341 1520 3398 οἷον
1548 3346 1845 3417 ἀπορρέου-

256 3440 360 3493 civ
400 3455 523 3502 πως
549 3437 644 3492 τοῦ
674 3437 1068 3508 ὑπερκειμένου
1104 3436 1455 3508 πράγματος·
1491 3437 1584 3490 καὶ
1620 3437 1709 3491 διὰ
1746 3438 1845 3507 τῆς

253 3529 367 3582 τῶν
405 3527 687 3581 συλλαϐῶν
737 3529 1101 3598 ὲκφωνήσεως
1148 3525 1598 3580 ἑκκαλύπτουσαν
1645 3526 1706 3579 τὸ
1754 3526 1842 3597 ζη·

252 3618 550 3688 τούμενον,
592 3618 803 3689 ἀνάγκη
836 3619 985 3672 πᾶσα
1024 3616 1056 3687 ἢ
1110 3616 1184 3687 μὴ
1221 3611 1359 3671 εἶναι
1387 3618 1478 3671 τὸν
1503 3617 1634 3672 Θεὸν
1681 3619 1840 3685 ἀγέν-

254 3725 446 3778 νητον,
480 3707 516 3779 ἢ
547 3708 621 3779 μὴ
649 3707 925 3778 λέγεσθαι,
962 3709 1234 3779 μηδεμιᾶς
1255 3708 1437 3778 φωνῆς
1456 3708 1553 3779 τὴν
1588 3710 1844 3781 τειαύτην

254 3801 505 3872 ἔμφασιν
534 3799 843 3863 ίδιαζόντως
867 3801 953 3853 ἐπ’
977 3800 1144 3854 αὑτοῦ
1171 3799 1568 3870 παρεχομένης.
1602 3799 1713 3869 Τῆς
1735 3800 1843 3871 γὰρ

252 3890 617 3959 ἀτεννησῖας,
671 3888 853 3953 καθὼς
897 3885 1042 3943 οὗτοί
1074 3907 1260 3959 φασιν,
1302 3890 1363 3942 οὐ
1403 3890 1463 3942 τὸ
1505 3889 1632 3944 ἄνευ
1665 3890 1843 3954 αἰτίας

254 3978 406 4035 εἶναι
438 3981 920 4052 διασημαινούσης,
966 3981 1102 4035 ἀλλὰ
1150 3981 1249 4053 τὴν
1301 3981 1460 4050 φύσιν
1506 3981 1844 4051 ἐνδεικνυμέ-

254 4091 383 4144 νης,
414 4075 886 4145 περιτραπήσεται
918 4076 1132 4137 πάντως
1157 4076 1340 4138 αὑτοῖς
1372 4075 1506 4146 πρὸς
1540 4076 1843 4130 τούναντίον

254 4164 318 4218 τὸ
363 4163 633 4235 σόφισμα,
682 4165 777 4219 καὶ
808 4164 1162 4236 εὑρεθήσεται
1192 4164 1483 4234 διαφεῦγον
1512 4164 1607 4218 τοῦ
1641 4163 1843 4234 δόγμα-

254 4273 354 4320 τος
385 4255 570 4308 αὑτῶν
593 4256 685 4309 ἐπὶ
713 4255 808 4310 τοῦ
838 4255 971 4309 θεοῦ
1010 4257 1072 4309 τὸ
1108 4256 1421 4327 ἀγέννητον.
1466 4256 1708 4327 Μηδενδς
1735 4255 1844 4324 γὰρ

256 4349 454 4420 ἐτέρου
501 4349 742 4419 ῥήματος
783 4348 816 4419 ἢ
856 4348 1117 4418 ὀνόματος
1157 4347 1220 4401 τὸ
1259 4348 1333 4420 μὴ
1385 4347 1711 4419 γεννηθῆναι
1754 4347 1844 4400 τὸν

257 4441 488 4511 Πατέρα
533 4439 922 4511 παριστῶντος,
970 4439 1064 4493 τοῦ
1109 4439 1164 4492 δὲ
1216 4441 1510 4511 ἁγεννήτου
1561 4440 1702 4493 κατὰ
1746 4438 1845 4509 τὴν

257 4531 459 4599 σοφίαν
492 4530 691 4595 αὑτῶν,
731 4529 857 4585 ἄλλο
889 4546 943 4583 τι
975 4531 1067 4584 καὶ
1100 4530 1222 4601 οὐχὶ
1261 4530 1322 4585 τὸ
1367 4530 1443 4601 μὴ
1487 4529 1843 4600 γεγεννῆσθαι
1877 4567 1919 4622 D

250 4621 744 4694 διερμηνεύοντος,
803 4620 1009 4692 οἴχεται
1063 4623 1156 4675 καὶ
1214 4622 1496 4694 συνερῤοίη
1565 4622 1703 4695 πρὸς
1754 4623 1846 4676 τὸν

254 4714 556 4771 Σαὸἑλλιον
599 4714 782 4778 αὑτοῖς
840 4713 1234 4785 κατολισθήσας
1292 4716 1320 4767 ὁ
1366 4713 1540 4782 λόγος.
1605 4714 1844 4786 ’Δνάγκη

252 4803 373 4874 γὰρ
426 4802 576 4856 πᾶσα
627 4801 715 4855 διὰ
759 4801 859 4871 τῆς
912 4801 1233 4865 ἀκολουθίας
1269 4801 1492 4872 ταύτης,
1543 4803 1637 4856 τὸν
1685 4803 1848 4857 αὑτὸν

249 4892 405 4949 εἶναι
438 4894 753 4965 νομίζεσθαι
796 4894 874 4965 τῷ
903 4893 1019 4964 Υἱῷ
1065 4894 1155 4946 τὸν
1202 4894 1439 4964 Πατέρα,
1472 4895 1572 4963 τῆς
1614 4894 1756 4948 κατὰ
1785 4896 1847 4949 τὸ

248 4986 524 5057 γεννητὸν
567 4987 661 5041 καὶ
696 4986 989 5057 ἀγέννητον
1033 4986 1295 5054 διαφορᾶς
1342 4986 1405 5037 ἐκ
1449 4983 1542 5037 τοῦ
1580 4984 1845 5054 δόγματος

248 5076 447 5131 αὐτῶν
474 5074 861 5144 ὲκκλαπείσης.
899 5075 1061 5128 Ὥστε
1089 5074 1233 5127 δυοῖν
1277 5072 1522 5143 θάτερον,
1557 5072 1590 5143 ἢ
1636 5073 1843 5143 ἀναθή-

248 5184 451 5223 σονται
499 5166 597 5238 τὴν
629 5167 759 5238 περὶ
799 5165 894 5220 τοῦ
940 5166 1204 5235 ὀνόματος
1247 5163 1427 5230 δόξαν,
1473 5163 1549 5226 ὡς
1580 5163 1844 5234 διαφορὰν

246 5262 357 5333 τῆς
388 5261 654 5331 ἑκατέρου
683 5260 965 5330 ἰδιότητος,
998 5257 1094 5312 καὶ
1112 5256 1233 5327 οὐχὶ
1263 5257 1424 5326 φύσιν
1453 5254 1839 5325 σημαίνοντος·

247 5353 285 5421 ἢ
334 5349 751 5422 παραμένοντες
793 5353 906 5412 τοῖς
932 5347 1315 5417 ἐγνωσμένοις,
1350 5347 1479 5417 περὶ
1508 5338 1711 5415 ταύτης
1741 5345 1842 5414 τῆς

246 5443 445 5513 «ρωνῆς
475 5441 748 5513 Σαϐελλίῳ
779 5441 1153 5510 συνθήσονται.
1196 5438 1272 5491 Oti
1308 5440 1415 5514 γὰρ
1450 5440 1596 5494 ἔστιν
1623 5438 1770 5501 ὅπως
1801 5438 1835 5507 ή

182 5536 205 5603 ι
253 5537 371 5591 τῶν
398 5536 751 5590 ὑποστάσεων
789 5532 1020 5604 διαφορὰ
1053 5531 1115 5584 τὸ
1142 5529 1451 5600 ἀσύγχυτον
1484 5529 1617 5596 ἕξει,
1651 5530 1724 5600 μὴ
1757 5529 1836 5597 τῷ

254 5627 510 5700 {amnis
533 5627 952 5697 διαστελλομένη
982 5624 1118 5696 πρὸς
1158 5621 1221 5676 τὸ
1248 5622 1559 5690 ἀγέννητον.
1602 5622 1759 5673 Ὥστε
1791 5621 1839 5673 εί

247 5725 369 5795 μιν
399 5721 662 5793 διαφορὰν
695 5719 948 5791 σημαίνει
992 5717 1052 5771 τὸ
1084 5715 1274 5785 ὄνομα,
1308 5714 1341 5785 η
1372 5712 1525 5767 ninia
1561 5712 1711 5767 ἔσται
1753 5711 1838 5766 διὰ

1944 3345 2317 3415 opinabimur,
2358 3347 2506 3403 velut
2543 3364 2575 3403 a
2619 3364 2678 3404 re
2722 3348 2966 3420 subjecta
2995 3350 3400 3419 quodammodo
3438 3349 3520 3406 el-

1944 3433 2223 3500 lluentem,
2259 3451 2355 3506 per
2388 3436 2722 3507 syllabarum
2757 3439 3188 3494 enuntiationem
3228 3439 3522 3509 explican-

1945 3531 2051 3579 tem
2093 3526 2240 3595 qnod
2286 3526 2568 3596 quaeritur,
2599 3527 2824 3581 omnino
2877 3543 3100 3583 necesse
3147 3539 3231 3583 est
3279 3529 3362 3585 vel
3409 3545 3519 3584 non

1942 3628 2067 3671 esse
2100 3614 2269 3670 Deum
2302 3617 2627 3686 ingenitum,
2662 3618 2745 3671 vel
2784 3633 2891 3672 non
2935 3617 3065 3681 dici,
3099 3634 3223 3672 cum
3266 3620 3413 3673 nulla
3448 3621 3522 3673 sit

1942 3721 2047 3761 vox
2073 3723 2194 3777 quae
2222 3707 2383 3762 talem
2415 3708 2866 3778 signiﬁcationem
2900 3710 3118 3778 proprie
3143 3718 3199 3764 et
3225 3713 3523 3780 separatim

1946 3798 1999 3851 in
2031 3812 2099 3854 eo
2129 3799 2384 3867 przebeat.
2418 3797 2555 3852 Nam
2587 3813 2713 3852 cum
2758 3813 2958 3853 nomen
2997 3800 3343 3870 ἁγεννησίας,
3377 3804 3520 3857 sicut

1946 3890 2037 3945 isti
2069 3898 2345 3953 asserunt,
2384 3890 2589 3959 absque
2608 3903 2772 3944 causa
2804 3905 2927 3945 esse
2958 3905 3066 3944 non
3100 3890 3392 3960 signiﬁcet,
3419 3894 3521 3947 sed

1944 3991 2196 4038 naturam
2230 3982 2456 4046 indicet,
2492 3983 2548 4036 in
2586 3983 2921 4037 contrarium
2954 3997 3183 4052 prorsus
3207 3997 3396 4037 eorum
3428 3999 3518 4038 so-

1945 4074 2159 4144 phisma
2189 4075 2305 4132 sive
2326 4075 2581 4129 cavillum
2610 4075 3078 4143 contorquebitur,
3109 4080 3165 4129 et
3214 4075 3520 4130 invenietur

1945 4167 2015 4221 ab
2042 4181 2233 4221 eorum
2260 4165 2513 4235 dogmate
2545 4165 2688 4234 quod
2720 4165 3015 4233 ingenitum
3049 4176 3134 4221 est
3164 4167 3216 4220 in
3245 4166 3354 4220 Deo
3380 4168 3515 4222 ell‘n-

1945 4272 2093 4326 gere.
2128 4257 2264 4311 Cum
2308 4256 2455 4311 eiiim
2500 4256 2708 4309 nullum
2745 4255 2889 4309 aliud
2935 4258 3156 4311 verbum
3194 4260 3276 4312 vel
3319 4274 3516 4312 nomen

1946 4344 2247 4414 ingenitum
2286 4357 2411 4397 esse
2450 4341 2666 4396 Patrem
2698 4342 2882 4397 animo
2928 4354 3300 4413 reprtesentet,
3339 4355 3394 4401 et
3435 4347 3517 4401 in-

1945 4436 2114 4505 geniti
2154 4449 2351 4488 nomen
2386 4434 2688 4488 secundum
2735 4435 2976 4503 ipsorum
3014 4437 3336 4505 sapientiam
3369 4439 3517 4494 aliud

1948 4525 2204 4595 quiddam
2258 4540 2422 4595 quam
2471 4539 2580 4579 non
2634 4526 2875 4595 genitum
2936 4542 3057 4582 esse
3112 4528 3402 4597 signiﬁcet,
3448 4533 3515 4586 ad

1949 4615 2247 4670 Sabellium
2284 4615 2397 4669 abit
2438 4624 2494 4669 et
2529 4615 2753 4671 conﬂuit
2802 4632 2988 4672 eorum
3027 4619 3287 4675 delabens
3314 4637 3514 4678 sermo.

1946 4705 2186 4761 Omnino
2214 4706 2358 4761 enim
2387 4722 2610 4764 necesse
2639 4718 2723 4763 est
2751 4725 2816 4763 ex
2846 4709 2946 4764 hac
2985 4720 3376 4781 consequentia
3417 4712 3517 4765 Pa-

1947 4805 2087 4852 trem
2127 4813 2251 4853 cum
2297 4797 2436 4853 Filio
2466 4801 2715 4856 eumdem
2758 4816 2882 4856 esse
2908 4802 3235 4867 existimari,
3274 4806 3317 4858 si
3348 4805 3517 4874 geniti

1947 4896 2002 4941 et
2041 4889 2263 4960 ingeniti
2312 4890 2616 4945 differentia
2663 4907 2729 4946 ex
2778 4908 2968 4946 eorum
3006 4893 3262 4964 dogmate
3301 4896 3516 4950 sublata

1948 4982 2130 5036 fuerit.
2181 4982 2256 5036 lta
2314 4992 2373 5038 ut
2409 4984 2643 5038 duorum
2692 4985 2944 5047 alterum.
2979 4987 3060 5041 vel
3108 5003 3270 5056 quam
3314 4988 3515 5043 habent

1947 5073 2014 5126 de
2042 5075 2142 5128 hoc
2170 5074 2388 5129 nomine
2410 5075 2719 5145 Opinionem
2750 5078 3141 5142 retractabunt,
3171 5087 3354 5148 utpote
3368 5083 3515 5149 quod

1946 5163 2305 5219 ditlcrentiam
2358 5167 2649 5236 utriusque
2698 5167 3046 5237 progirictalis
3104 5185 3210 5224 non
3261 5177 3513 5224 naturam

1947 5256 2239 5322 signiﬁcet,
2288 5257 2371 5312 vel
2405 5257 2458 5311 in
2512 5260 2629 5313 suis
2658 5256 2900 5314 decretis
2934 5270 3339 5329 permanentes,
3366 5261 3514 5316 circa

1949 5346 2090 5400 banc
2118 5362 2306 5401 vocem
2328 5348 2566 5403 Sabellio
2590 5348 3092 5418 adstipulabuntur.
3116 5350 3230 5406 Non
3257 5353 3402 5408 enim
3429 5361 3515 5407 est

1945 5437 2219 5509 quomodo
2249 5438 2615 5508 bypostaseon
2645 5441 2949 5497 ditl‘erentia
2991 5442 3043 5496 id
3085 5444 3229 5513 quod
3264 5444 3516 5499 inconfu-

1944 5544 2065 5585 sum
2093 5538 2178 5584 est
2218 5528 2439 5595 habeat,
2483 5530 2531 5585 si
2564 5545 2628 5585 ca
2662 5548 2783 5602 qua:
2804 5543 2889 5587 cst
2915 5535 3084 5604 geniti
3118 5549 3242 5589 cum
3275 5536 3516 5606 ingenito

1947 5618 2251 5675 dill‘erentia
2287 5636 2393 5674 non
2439 5620 2829 5693 distinguatur.
2860 5625 3040 5691 Quare
3089 5626 3134 5682 si
3173 5642 3370 5683 nomen
3409 5626 3516 5682 dif-

1950 5712 2235 5767 lerenliam
2270 5714 2469 5782 signat,
2503 5716 2742 5771 essentia
2785 5732 2881 5788 per
2908 5719 3327 5789 appellationem
3354 5720 3515 5775 istam
