4002 6218
443 295 553 353 923

445 408 672 478 minime
723 404 1147 478 signiﬁcabitur.
1228 399 1348 455 Alia
1400 397 1547 455 enim
1601 394 1921 451 diﬂerentia:
1966 398 2021 447 et

2146 389 2225 459 ἧς
2273 385 2644 459 προσηγορίας
2694 382 2897 447 ταύτης
2946 379 3275 451 ἀσήμαντος.
3333 372 3530 478 ῗΔλλος

540 474 550 554 ὲ
606 469 860 556 essentia
890 497 1052 550 ratio.
1083 492 1239 561 Quod
1280 493 1325 549 si
1359 491 1425 546 ad
1474 496 1723 544 naturam
1765 486 1914 541 vocis
1945 484 2022 540 si-
2112 480 2221 562 si};
2261 477 2524 547 διαφορᾶς
2563 474 2658 528 καὶ
2703 474 2889 546 ἔτερος
2918 473 3018 545 τῆς
3061 472 3247 534 οὐσίας
3273 472 3302 523 6
3333 469 3511 539 λόγος.

384 498 389 503 ’
445 501 550 555 alia
606 499 860 556 essentia:
890 497 1052 550 ratio.
1083 492 1239 561 Quod
1280 493 1325 549 si
1359 491 1425 546 ad
1474 496 1723 544 naturam
1765 486 1914 541 vocis
1945 484 2022 540 si-

447 590 821 663 gniﬁcantiam
847 589 1195 657 detorquent,
1219 584 1287 641 ad
1308 584 1685 639 haereticorum
1711 581 1803 650 qui
1827 576 2019 631 υίοπά-

445 700 602 755 τορες
631 680 914 748 dicuntur,
938 680 1033 750 qui
1055 678 1252 734 Filium
1282 685 1337 733 et
1369 675 1605 735 Patrem,
1635 672 1880 727 eamdem
1901 686 2025 726 esse

457 787 746 844 personam
787 776 1060 834 asserunt,
1099 783 1341 823 errorem
1382 764 1787 836 pertrahentur,
1818 774 2026 815 sermo-

462 868 549 920 nis
585 863 975 936 perspicuitate
1010 860 1189 931 quoad
1240 867 1500 929 personas
1530 854 1763 918 divinas,
1811 852 2027 907 subtra-

453 968 570 1012 cta.
599 956 755 1023 Quod
780 956 827 1010 si
850 955 1036 1009 dicant
1065 950 1200 1007 nihil
1239 948 1526 1019 prohibere
1550 962 1645 1017 per
1667 944 2023 1014 ἀγεννησίαν,

461 1047 690 1118 ingeniti
724 1061 846 1102 cum
876 1045 1058 1115 genito
1083 1039 1445 1097 diﬂ‘erentiam
1474 1035 1792 1108 signiﬁcari,
1832 1042 1887 1090 et
1906 1047 2025 1090 eam

453 1153 672 1208 quoque
742 1150 930 1191 vocem
1003 1134 1298 1189 essentiam
1361 1137 1792 1199 repraesentare,
1870 1124 2029 1179 nobis

454 1228 803 1297 distinguant
850 1231 1113 1295 cognatas
1165 1221 1403 1276 nominis
1450 1218 1899 1289 signiﬁcationes,
1955 1214 2030 1268 ita

458 1325 517 1372 ut
548 1318 762 1388 possint
807 1316 1026 1387 preprie
1057 1325 1361 1383 congruere
1404 1311 1622 1379 utrique
1661 1306 1912 1362 bifariam
1943 1306 2031 1359 di-

455 1408 588 1463 visae
629 1407 855 1480 ingeniti
892 1405 1125 1461 notioni.
1157 1403 1292 1458 Nam
1327 1400 1645 1456 dill'erentiae
1687 1414 1807 1468 quae
1845 1405 1928 1454 est
1965 1413 2029 1453 es

460 1501 682 1555 nomine
722 1499 1045 1562 declaratio,
1091 1494 1500 1566 ambiguitatem
1539 1504 1649 1546 non
1691 1491 1871 1553 habet,
1908 1503 2032 1543 cum

460 1592 730 1663 oppositae
768 1589 1087 1645 dill'erentiae
1138 1587 1388 1641 oratione
1438 1582 1813 1645 constituitur,
1858 1579 2034 1649 siqui-

1675 275 1734 332 S.
1770 270 2099 332 GBEGORII
2136 267 2420 325 NYSSENI

3579 256 3680 313 9‘24

3582 376 3683 445 γὰρ

3548 434 3730 523 sisti

2123 568 2259 640 πρὸς
2287 566 2383 639 τὴν
2429 564 2590 636 φύσιν
2621 564 2719 637 τὴν
2746 566 3017 636 σημασίαν
3046 567 3146 637 τῆς
3177 565 3359 635 φωνῆς
3405 562 3686 617 καθέλκου-

2126 677 2245 721 σιν.
2304 661 2384 722 είς
2430 657 2528 729 τὴν
2576 658 2684 712 τῶν
2729 660 3096 727 υἱοπατόρων
3121 658 3429 729 λεγομένων
3483 655 3686 727 ἀπάτην

2124 747 2432 810 ἀκολούθως
2465 748 2909 818 ύποσυρήσονται,
2942 749 3038 819 τῆς
3069 748 3208 803 κατά
3248 747 3346 807 τὰς
3373 746 3689 808 ὑποστάσεις

2126 839 2454 911 τρανότητος
2501 839 2864 910 ύποσυρείσης
2910 839 3002 893 τοῦ
3047 839 3225 908 λόγου.
3283 839 3345 893 Εἰ
3388 839 3448 892 δὲ
3483 838 3686 908 λέγουσι

2128 929 2356 985 κωλύειν
2374 930 2539 1001 μηδὲν
2565 932 2657 983 καὶ
2678 932 2773 1003 τὴν
2791 931 2924 1001 πρὸς
2940 930 3001 984 τδ
3024 931 3279 1001 γεννητὸν
3296 931 3690 1003 ἀντιδιαστολὴν

2129 1024 2194 1076 ὲκ
2216 1022 2315 1091 τῆς
2342 1023 2669 1093 ἀγεννησίας
2703 1022 3083 1093 σημαίνεσθαι,
3110 1024 3203 1076 καὶ
3231 1022 3400 1094 αὐτὴν
3433 1024 3691 1095 παριστᾷν

2127 1114 2227 1187 τὴν
2247 1115 2432 1168 οὐσίαν
2454 1154 2468 1176 ,
2501 1114 2950 1169 διαστειλάτωσαν
2979 1116 3109 1185 ημῖν
3139 1115 3235 1179 τὰς
3264 1118 3567 1186 προσφυεῖς
3608 1113 3692 1169 τοῦ

2130 1205 2393 1277 ὀνόματος
2439 1208 2733 1276 σημασίας,
2775 1206 2852 1271 ὠς
2905 1200 3163 1261 δύνασθαῖ
3196 1209 3399 1281 κυρίως
3445 1208 3696 1279 ἁρμόζειν

2132 1298 2567 1369 πρὸς,ἑκατέραν
2593 1298 2997 1369 διασχισθεῖσαν
3023 1300 3115 1354 τοῦ
3159 1302 3460 1370 ἀγεννήτου
3494 1299 3589 1371 τὴν
3619 1300 3694 1353 ἔν-

2132 1404 2301 1442 νοιαν.
2350 1388 2412 1440 Ἦ
2465 1389 2562 1459 μὲν
2605 1387 2714 1459 γὰρ
2758 1390 2856 1460 τῆς
2891 1391 3153 1462 διαφορᾶς
3192 1392 3259 1444 ὲκ
3296 1390 3393 1444 τοῦ
3445 1389 3696 1459 ὀνόματος

2133 1479 2382 1550 δήλωσις,
2413 1478 2742 1548 ἀμφιϐολίαν
2774 1481 2875 1533 ούκ
2900 1479 3035 1551 ἔχει,
3062 1480 3138 1551 τῷ
3162 1484 3263 1553 τῆς
3301 1478 3697 1547 ἀντιδιαστολῆς

2134 1570 2277 1643 λόγῳ
2325 1573 2711 1651 συνισταμένη.
2789 1573 2936 1627 Ἀντί
3003 1573 3112 1646 γὰρ
3161 1572 3630 1643 τοῦ,γεγὲννηται
3670 1572 3698 1625 6

459 1658 583 1738 dem
613 1697 712 1753 pro
746 1696 812 1736 eo
839 1681 983 1751 quod
1014 1677 1462 1749 dicitur,genitus
1491 1683 1575 1731 est
1608 1672 1802 1736 Filius,
1831 1680 1883 1728 et
1924 1687 2031 1726 non

2146 1659 2284 1724 Υἱὸς,
2304 1660 2397 1715 καὶ
2421 1660 2481 1713 ού
2504 1661 2824 1731 γεγέννηται
2856 1664 2884 1715 6
2908 1662 3117 1734 Πατὴρ,
3147 1663 3237 1717 τὸν
3266 1664 3364 1734 μὲν
3387 1661 3696 1733 ἀγέννητον,

460 1737 680 1844 genitos
723 1780 807 1829 est
853 1737 1034 1833 l‘ater,
1075 1769 1222 1824 hunc
1248 1737 1486 1836 vquidem
1524 1767 1844 1839 ingenitum,
1881 1766 2033 1819 illum

2146 1751 2226 1804 τὸν
2260 1750 2319 1804 δὲ
2350 1751 2605 1822 γεννητὸν
2655 1751 2910 1821 λέγεσθαι
2939 1753 3082 1807 κατά
3121 1770 3243 1808 τινα
3275 1754 3543 1826 ῥημάτων
3580 1772 3703 1826 παρ·

462 1880 593 1920 vero
622 1865 861 1935 genitum
902 1861 1012 1917 dici
1070 1859 1372 1915 secundum
1409 1859 1701 1929 quamdam
1747 1858 2036 1912 verborum

464 1950 996 2013 denominationem,
1032 1963 1134 2004 nos
1167 1949 1329 2002 etiam
1375 1948 1729 2002 assentimur.
1778 1946 2042 2002 Essentiae

466 2051 649 2096 autem
694 2042 962 2095 iudicatio
991 2055 1057 2094 ex
1087 2053 1194 2108 qua
1239 2039 1601 2108 intelligentia
1644 2054 1740 2108 per
1773 2038 1876 2094 hoc
1919 2053 2041 2093 ver-

466 2131 595 2187 bum
625 2130 1012 2192 declarabitur,
1060 2144 1166 2182 non
1204 2137 1425 2199 possent
1457 2128 1665 2183 dicere.

542 2220 649 2276 Sed
729 2222 835 2276 hoc
903 2220 1125 2276 silentio
1177 2220 1458 2275 involvens
1505 2236 1680 2276 novus
1728 2220 2038 2290 theologus,

472 2312 611 2367 alias
641 2312 802 2367 nobis
829 2325 1003 2381 nugas
1039 2310 1091 2364 in
1129 2310 1464 2381 praecedente
1494 2313 1792 2381 scriptione
1815 2319 2040 2367 nectens

471 2404 1026 2473 tmrsequitueruia
1060 2403 1281 2472 simplex
1307 2420 1425 2457 cum
1468 2403 1537 2457 sit
1581 2403 1740 2468 Deus,
1788 2405 2043 2475 ingenitus

470 2493 704 2558 dicitur,
734 2504 1005 2564 propterea
1059 2494 1355 2567 ἀγεννησία
1394 2494 1532 2549 Deus
1563 2504 1659 2550 est.
1696 2494 1837 2562 Quid
1887 2496 2048 2551 habet

473 2600 768 2641 commune
797 2586 1170 2655 simplicitatis
1204 2602 1387 2642 sermo
1428 2602 1553 2643 cum
1590 2588 1777 2642 notitia
1817 2601 1925 2642 non
1954 2603 2048 2658 ge-

475 2676 618 2731 niti?
648 2677 860 2731 Etenim
891 2678 1207 2747 unigenitus
1243 2688 1296 2733 et
1320 2681 1537 2747 genitus
1584 2687 1700 2742 est,
1734 2686 1787 2733 et
1818 2678 2045 2747 simplex

475 2784 596 2824 esse
627 2784 736 2824 non
763 2771 1073 2838 ambigitur.
1109 2769 1211 2825 Sed
1252 2772 1412 2825 etiam
1440 2771 1741 2824 individuus
1762 2811 1776 2835 ,
1807 2771 2047 2840 partibus

475 2874 659 2913 carens
721 2870 771 2913 et
834 2859 1233 2925 incompositus.
1309 2857 1449 2924 Quid
1509 2859 1670 2911 etiam
1731 2859 1833 2911 hoc
1885 2856 1952 2910 ad
1999 2856 2047 2909 id

477 2952 622 3022 quod
672 2951 980 3021 quarritur‘!
1008 2965 1181 3019 neque
1211 2950 1353 3004 enim
1388 2948 1558 3005 Filius
1601 2947 1950 3002 multiformis
1996 2956 2049 3002 et

479 3044 836 3111 compositus.
871 3058 979 3096 non
1012 3052 1191 3095 tamen
1248 3051 1531 3111 propterea
1577 3040 1869 3110 ingenitus.
1919 3039 2045 3101 Sed,

480 3132 678 3202 inquit,
739 3134 1060 3202 quantitatis
1125 3133 1391 3200 omnisque
1439 3128 1812 3198 magnitudmis
1869 3143 2049 3195 expers

479 3231 557 3276 est
594 3238 613 3275 :
645 3223 756 3276 haac
811 3219 885 3275 ita
921 3223 1051 3279 sint.
1114 3220 1323 3274 Etenim
1362 3218 1529 3273 Filius
1578 3219 1882 3287 quantitate
1918 3216 2050 3271 deli-

483 3312 589 3365 niri
634 3327 740 3365 non
780 3321 957 3380 potest
1000 3327 1098 3365 nec
1159 3310 1559 3371 circumsvrihi,
1618 3320 1671 3362 et
1727 3308 2051 3378 quantitatis

484 3406 664 3454 omnis
709 3412 793 3453 est
836 3416 1050 3469 expers.
1090 3408 1144 3454 et
1183 3400 1538 3453 nihilominus
1589 3398 1776 3451 Filius.
1818 3397 1919 3451 Sed
1951 3398 2055 3450 hoc

486 3506 595 3545 non
631 3499 716 3545 est
750 3491 894 3560 quod
954 3491 1007 3543 in
1050 3489 1402 3558 quaestionem
1462 3489 1650 3555 cadit;
1712 3488 2052 3557 propositum

485 3589 571 3636 est
598 3582 740 3636 enim
774 3583 1157 3636 demonstrare
1208 3598 1315 3651 qua
1358 3581 1583 3651 ingeniti
1655 3580 2056 3649 signiﬁcatione

486 3673 729 3728 essentia
763 3672 1106 3743 dignoscitur
1127 3680 1211 3728 :ut
1239 3672 1385 3726 enim
1417 3688 1481 3725 ex
1513 3671 1615 3724 hac
1658 3686 1789 3725 voce
1816 3672 2058 3741 proprie-

489 3770 660 3817 tatum
710 3763 1031 3817 dill'ercntia:
1063 3762 1202 3816 ratio
1250 3769 1345 3817 est
1373 3762 1787 3830 comprehensa,
1850 3761 1931 3816 sic
1962 3774 2057 3814 vo-

490 3855 671 3909 lebant
703 3854 1011 3923 ambiguam
1043 3869 1166 3908 esse
1197 3853 1361 3907 etiam
1399 3862 1607 3906 natura:
1664 3851 2055 3906 iudicationem

488 3960 555 4000 ex
583 3946 765 4015 aliquo
789 3960 977 3999 eorum
1019 3960 1139 4013 qua:
1198 3960 1293 4015 per
1326 3943 1571 4000 eamdem
1624 3942 1765 3997 hanc
1818 3943 2058 4014 appella-

491 4032 693 4088 tionem
727 4033 1130 4103 signiﬁcantur.

561 4126 630 4176 At
683 4123 788 4178 hoc
847 4129 1044 4183 tacitus
1104 4122 1362 4192 praeterit.
1418 4120 1558 4176 Dicit
1599 4131 1811 4188 autem,
1841 4119 1963 4176 Non
1993 4136 2060 4176 ex

491 4213 682 4266 mentis
705 4221 996 4265 commento
1024 4212 1242 4282 iugeniti
1266 4227 1436 4265 vocem
1464 4209 1527 4264 de
1557 4209 1664 4265 Deo
1693 4209 2059 4265 celebrandam

491 4319 623 4357 esse.
661 4304 791 4367 Qua:
815 4318 955 4355 enim
988 4303 1064 4355 sic
1086 4301 1230 4355 dicta
1260 4310 1404 4367 sunt,
1453 4301 1650 4371 inquit,
1692 4316 1810 4354 cum
1851 4301 2058 4356 vocibus

2136 1840 2399 1911 ωνυμίαν,
2446 1841 2541 1893 καὶ
2586 1843 2743 1912 ἡμεῖς
2782 1843 3157 1914 συντιθέμεθα.
3198 1843 3261 1897 Ἠ
3296 1845 3354 1898 δὲ
3388 1844 3494 1914 τῆς
3524 1844 3701 1909 οὐσίας

2137 1931 2298 1999 δεῖξις
2332 1933 2396 1986 ὲκ
2439 1933 2600 1997 ποίας
2641 1934 2877 1998 διανοίας
2913 1935 2999 1988 διὰ
3026 1935 3120 1987 τοῦ
3155 1935 3576 2009 πρὺςδρήματος
3598 1937 3706 1991 τού-

2137 2041 2230 2077 του
2266 2024 2744 2097 σαφηνισθήσεται,
2776 2027 2950 2079 εἰπεῖν
2976 2027 3075 2081 οὐκ
3105 2026 3170 2081 ἂν
3201 2027 3390 2098 ἔχοιεν.

2224 2205 2383 2259 Ἀλλά
2407 2206 2564 2261 τοῦτο
2597 2208 2874 2279 σιωπήσας
2900 2209 2928 2261 6
2964 2210 3146 2274 xum;
3180 2211 3450 2281 θεολόγος,
3497 2214 3706 2286 ἑτέρους

2141 2299 2273 2369 ἡμῖν
2306 2298 2614 2372 φληνάφους
2656 2302 2749 2354 ἐπὶ
2781 2303 2879 2373 τῆς
2928 2302 3304 2375 προλαὸούσης
3351 2305 3706 2377 λογογραφίας

2141 2391 2304 2450 εἴρων
2335 2389 2604 2458 διέξεισιν.
2638 2392 2768 2447 Ὅτι
2814 2392 3070 2460 ἁπλοῦς,
3122 2395 3304 2465 φησὶν,
3338 2394 3424 2449 ὢν
3468 2400 3504 2451 d
3553 2399 3744 2464 Θεὸς-,ε

2142 2483 2470 2552 ἀγέννητοι-
2508 2484 2767 2555 λέγεται,
2816 2486 2912 2541 διὰ
2952 2485 3127 2541 τοῦτο
3165 2487 3501 2557 dravi-1101a
3547 2489 3712 2545 ἐστὶν

2146 2576 2177 2627 ὀ
2208 2574 2369 2638 Θεός.
2406 2574 2471 2628 Τί
2504 2575 2681 2630 κοινὸν
2723 2579 2750 2630 6
2783 2576 2884 2647 τῆς
2916 2576 3213 2647 ἁπλότητος
3251 2578 3362 2649 ἔχει
3391 2579 3552 2649 λόγος
3586 2581 3711 2654 πρὸς

2146 2666 2242 2737 τὴν
2273 2665 2364 2720 τοῦ
2399 2667 2694 2737 ἀγεννήτου
2740 2668 3013 2735 διάνοιαν;
3055 2670 3164 2724 Καὶ
3212 2672 3317 2743 γὰρ
3365 2673 3460 2727 καὶ
3490 2677 3521 2728 6
3559 2676 3713 2729 Μονο-

2146 2757 2329 2829 γενὴς,
2358 2760 2451 2811 καὶ
2486 2760 2743 2830 γεννητός
2769 2763 2907 2826 ἐστι,
2944 2763 3037 2816 καὶ
3071 2763 3277 2828 ἁπλοῦς
3319 2763 3461 2819 εἶναι
3503 2768 3602 2821 οὐκ
3622 2769 3715 2840 ἀμ-

2153 2848 2488 2917 φιϐάλλεται.
2541 2852 2717 2906 Ἀλλὰ
2763 2853 2861 2907 καὶ
2897 2854 3155 2924 ἀμερὴς,
3204 2859 3360 2928 φησὶ,
3409 2859 3511 2912 καὶ
3544 2860 3715 2915 ἀσύν-
3818 2868 3823 2873 ’

2151 2946 2337 3008 θετος.
2380 2943 2445 2996 Τί
2473 2945 2568 2997 καὶ
2599 2944 2755 2999 τοῦτο
2785 2946 2919 3018 πρὸς
2954 2948 3015 3000 τὺ
3049 2947 3413 3020 ζητούμενον;
3456 2953 3592 3006 Οὐδὲ
3615 2954 3716 3025 γάρ

2078 3080 2123 3141 C
2152 3035 2180 3086 6
2206 3035 2332 3097 Υἱὸς
2360 3035 2642 3107 πολυειδὴς
2672 3038 2768 3090 καὶ
2795 3039 3167 3109 συγκείμενος,
3198 3041 3311 3095 ἀλλ’
3340 3044 3496 3114 ὅμως
3532 3044 3592 3097 ού
3633 3044 3716 3099 διὸ

2153 3124 2311 3176 τοῦτο
2337 3123 2651 3195 ἀγέννητος.
2699 3126 2883 3180 Ἀλλὰ
2912 3127 3008 3180 καὶ
3036 3130 3392 3198 ποσότητος,
3436 3135 3586 3202 φησὶ,
3618 3131 3716 3186 zal

2154 3216 2555 3282 :meo'tnz'oe
2591 3215 3014 3284 ἠλλοτρίωται·
3062 3218 3202 3272 ἔστω
3231 3220 3325 3273 καὶ
3368 3220 3574 3275 ταῦτα·
3623 3222 3715 3275 καὶ

2154 3304 2261 3376 γάρ
2286 3304 2381 3359 καὶ
2417 3306 2447 3359 6
2477 3305 2604 3369 Υἱὸς
2641 3304 3018 3378 ἀπεριόριστος
3042 3307 3119 3379 τῷ
3148 3310 3361 3381 πηλίκῳ
3384 3312 3479 3365 καὶ
3501 3312 3711 3377 ἄποσος,

2156 3397 2249 3452 καὶ
2281 3398 2429 3467 ὅμως
2456 3396 2601 3460 Υἱός.
2647 3397 2806 3451 Ἀλλά
2832 3399 2893 3453 τὸ
2918 3399 3245 3471 ζητούμενον
3272 3403 3332 3454 ού
3375 3403 3530 3457 τοῦτό
3568 3406 3676 3457 ἐστι
3694 3421 3713 3436 ο

2157 3485 2442 3555 πρόκειται
2471 3486 2580 3557 γὰρ
2616 3486 2997 3559 ἀποδειχθῆναι
3029 3489 3169 3543 κατά
3214 3507 3333 3544 τινα
3380 3492 3476 3544 τοῦ
3503 3493 3712 3563 ἀγεννής

2154 3591 2249 3629 του
2297 3576 2575 3646 σημασίαν
2622 3578 2655 3648 ἡ
2689 3577 2844 3631 ούσία
2884 3579 3245 3650 γνωρίζεται·
3289 3581 3367 3645 ὡς
3396 3583 3505 3654 γὰρ
3533 3583 3591 3637 ὲκ
3615 3582 3711 3653 τῆς

2158 3665 2342 3737 φωνῆς
2382 3665 2586 3738 ταύτης
2625 3669 2654 3721 6
2694 3668 2796 3738 τῆς
2836 3669 2944 3722 τῶν
2977 3670 3279 3742 ἰδιωμάτων
3306 3673 3562 3745 διαφορᾶς
3587 3692 3708 3729 κατ-

2156 3756 2362 3830 ελήφθη
2386 3756 2562 3827 λόγος,
2595 3757 2765 3823 οὕτως
2808 3759 2993 3830 ἠξίουν
3021 3761 3321 3832 ἀμφίϐολον
3345 3758 3485 3817 εἶναι
3513 3766 3601 3819 καὶ
3620 3762 3707 3819 τοῦ

2157 3845 2295 3904 εἶναι
2335 3849 2435 3923 τὴν
2466 3850 2709 3916 ἔνδειξιν,
2758 3850 2820 3905 ἔκ
2862 3869 3005 3914 τινος
3048 3853 3159 3909 τῶν
3198 3857 3606 3929 σημαινομένων
3630 3856 3711 3909 διὰ

2155 3939 2257 4011 τῆς
2282 3939 2451 4012 αὐτῆς
2482 3940 2688 4012 ταύτης
2715 3944 3104 4014 προσηγορίας.

2240 4116 2402 4170 Ἀλλά
2430 4116 2587 4170 τοῦτο
2619 4118 2717 4188 μὲν
2762 4119 2965 4191 σιωπᾷ.
2998 4119 3161 4188 Λέγει
3202 4119 3278 4186 δὲ,
3302 4121 3401 4190 Μὴ
3433 4122 3557 4177 δεῖν
3594 4122 3706 4176 κατ’

2157 4207 2431 4262 ἐπίνοιαν
2474 4207 2923 4277 ἐπιφημίζεσθαι
2977 4209 3058 4275 τῷ
3097 4210 3217 4275 Θεῷ
3261 4211 3329 4264 τὸ
3376 4212 3700 4282 ἀγέννητον.

2164 4297 2241 4352 Τὰ
2270 4300 2380 4368 γὰρ
2419 4300 2573 4352 οὕτω
2603 4302 2935 4371 λελεγμένα
2967 4302 3095 4368 ταῖς
3125 4303 3370 4372 φωναῖς,
3407 4305 3555 4375 φησὶ,
3583 4320 3706 4359 συν-

491 4393 622 4463 ipsis
661 4392 878 4447 αἰδεοιεὶ
904 4395 1090 4446 solent.
1123 4391 1261 4457 Quid
1291 4400 1472 4446 autem
1503 4405 1692 4445 eorum
1716 4405 1837 4460 quae
1856 4390 2046 4445 dicun-

2160 4388 2509 4445 διαλύεσθαι
2538 4392 2788 4461 πέφυκε.
2826 4393 2890 4445 Τί
2914 4393 2971 4447 δὲ
2999 4394 3108 4447 τῶν
3145 4394 3453 4466 λεγομένων
3479 4397 3571 4467 οὐχ
3586 4394 3707 4465 ὁμοῦ

491 4495 602 4548 tur,
641 4501 749 4539 non
781 4485 946 4541 simul
1002 4499 1066 4539 ac
1102 4482 1311 4537 dictum
1361 4491 1447 4538 est
1495 4481 1658 4536 etiam
1696 4480 2056 4536 dissolvitur?

492 4576 610 4632 Non
658 4579 802 4632 enim
855 4574 1313 4646 quemadmodum
1359 4573 1411 4626 hi
1444 4572 1534 4641 qui
1595 4587 1723 4626 vasa
1758 4587 1825 4627 ex
1865 4573 2058 4643 argilla

494 4668 727 4737 lingunt.
755 4667 841 4722 vel
870 4668 1086 4732 lateres,
1119 4663 1416 4720 secundum
1450 4663 1616 4718 semel
1652 4663 1705 4715 in
1729 4677 1824 4716 ore
1856 4660 2056 4716 iactant

489 4758 766 4812 orationis
799 4757 1196 4821 formationem,
1231 4770 1350 4826 qua:
1407 4768 1539 4808 voce
1595 4753 1945 4822 proferuntur
1974 4754 2059 4806 in-

491 4849 761 4903 dissoluta
801 4847 1162 4902 servabimus.
1194 4844 1301 4899 Sed
1327 4843 1488 4897 simul
1530 4851 1693 4912 atque
1722 4843 1873 4896 vocis
1921 4857 2058 4896 sono

490 4940 739 5009 prolatus
776 4945 862 4993 est
892 4951 1093 5001 sermo,
1145 4936 1309 4990 etiam
1364 4933 1510 5003 quod
1562 4932 1769 4986 dictutn
1803 4943 1906 4995 est,
1950 4947 2056 4984 non

488 5041 612 5098 est;
646 5045 842 5084 rursus
884 5028 1029 5085 enim
1092 5028 1145 5079 in
1199 5040 1380 5079 aerem
1411 5024 1559 5079 vocis
1615 5023 1806 5092 spiritu
1856 5022 2059 5076 dilllato

490 5124 702 5179 nullum
733 5122 1007 5178 dictorum
1056 5119 1338 5188 vestigium
1379 5117 1705 5188 impressum
1737 5126 1820 5171 est
1853 5116 1905 5169 in
1938 5116 2059 5169 loco

492 5215 548 5272 in
580 5231 689 5286 quo
720 5216 871 5271 vocis
899 5212 1043 5268 facta
1072 5218 1158 5267 est
1187 5210 1429 5265 diffusio.
1470 5208 1547 5262 lta
1586 5220 1642 5262 ut
1667 5209 1711 5264 si
1759 5224 1822 5263 ex
1850 5224 1915 5263 eo
1944 5223 2061 5261 ser-

491 5322 733 5375 monem,
765 5308 858 5377 qui
898 5306 953 5359 lit
976 5320 1070 5375 per
1116 5300 1650 5361 commentationem.
1689 5300 1885 5370 ligurat
1912 5298 2058 5370 quod

491 5399 763 5470 ejusmodi
789 5414 970 5455 sermo
996 5404 1119 5469 post
1149 5395 1506 5468 prolationem
1535 5408 1644 5447 non
1680 5400 1917 5455 maneat,
1964 5391 2059 5446 sed

493 5489 657 5545 simul
712 5504 838 5545 cum
891 5489 1166 5560 loquentis
1215 5503 1347 5544 voce
1397 5494 1707 5549 evanescat,
1752 5500 1860 5539 non
1898 5483 2059 5539 etiam

492 5580 737 5652 ell’ugiet,
757 5595 972 5637 omnem
997 5595 1303 5638 sermonem
1335 5578 1626 5635 nominans
1655 5575 2061 5633 commentatio-

495 5685 642 5736 nem.
674 5684 800 5726 cum
830 5671 1011 5729 nullus
1045 5673 1118 5729 sit
1152 5686 1334 5728 sermo
1367 5671 1420 5726 in
1446 5686 1555 5741 quo
1594 5669 1704 5726 ulla
1730 5675 1850 5740 post
1877 5667 2060 5738 prola-

2157 4482 2236 4554 τῷ
2269 4483 2524 4555 λεχθῆναι
2567 4486 2663 4538 καὶ
2707 4485 3014 4551 διαλύεται;
3062 4487 3136 4540 Uti
3174 4487 3283 4558 γὰρ
3331 4488 3520 4561 ὥσπερ
3562 4506 3707 4560 κερα-

2162 4573 2413 4646 μεύοντες
2443 4576 2476 4647 ἢ
2527 4576 2930 4645 πλινθευόμενοι
2963 4579 3102 4632 κατά
3132 4577 3231 4649 τὴν
3261 4578 3407 4645 ἅπαξ
3438 4580 3705 4649 γενομένην

2160 4667 2218 4721 ὲν
2246 4667 2325 4737 τῷ
2354 4668 2580 4738 στόματι
2611 4667 2704 4720 τοῦ
2740 4668 2897 4738 λόγου
2929 4669 3191 4737 τύπωσιν,
3217 4670 3474 4724 ἀδιάλυτα
3501 4669 3707 4739 φυλάξο-

2162 4774 2261 4829 μεν
2302 4757 2370 4811 τά
2410 4758 2497 4811 διὰ
2544 4758 2643 4827 τῆς
2674 4759 2856 4829 φωνῆς
2904 4760 3307 4832 προφερόμενα,
3357 4760 3471 4813 ἀλλ’
3501 4759 3626 4830 ὁμοῦ
3658 4776 3709 4812 τε

2160 4850 2550 4919 προενήνεκται
2583 4848 2670 4903 διὰ
2701 4848 2795 4903 τοῦ
2825 4848 3060 4919 φθόγγου
3094 4853 3122 4903 6
3152 4850 3328 4919 λόγος,
3356 4853 3454 4905 καὶ
3480 4852 3539 4905 τὸ
3566 4849 3708 4922 ῥηθὲν

2159 4941 2259 4995 ούκ
2303 4940 2439 4994 ἔστι.
2475 4941 2643 4993 Πάλιν
2671 4947 2781 5015 γὰρ
2815 4941 2951 5011 πρὸς
2997 4940 3088 4994 τὸν
3116 4940 3253 5012 ἀέρα
3280 4941 3374 4995 τοῦ
3408 4943 3508 5012 τῆς
3546 4940 3708 5011 φωνῆς

2160 5028 2468 5099 πνεύματος
2513 5030 2898 5101 ἀναχυθέντος,
2962 5031 3114 5097 οὐδὲν
3168 5033 3314 5101 ῑχνος
3354 5033 3464 5086 τῶν
3507 5032 3708 5103 εἰρημέ-

2159 5136 2266 5173 νων
2311 5118 2563 5188 ὲτυπώθη
2610 5119 2686 5190 τῷ
2717 5120 2866 5191 τόπῳ
2911 5123 2970 5174 ἐν
3008 5115 3053 5189 ᾧ
3100 5121 3291 5191 γέγονε
3327 5123 3426 5194 τῆς
3471 5122 3643 5194 φωνῆς
3678 5120 3706 5189 ἡ

2162 5210 2441 5280 ἀνάχυσις.
2497 5212 2658 5264 Ὥστε
2707 5213 2757 5265 εἰ
2807 5212 2982 5285 τούτῳ
3033 5214 3125 5268 τὸν
3185 5216 3305 5268 κατ’
3366 5216 3601 5270 ἐπίνοιαν
3636 5213 3709 5265 λό-

2160 5318 2256 5370 γον
2304 5302 2723 5374 χαρακτηρίζει,
2775 5303 2854 5373 τῷ
2895 5304 2969 5376 μὴ
3017 5304 3198 5376 μένειν
3241 5306 3436 5374 λόγον,
3483 5305 3611 5361 ἀλλά
3651 5305 3708 5371 τῇ

2162 5396 2313 5464 φωνῇ
2383 5392 2477 5447 τοῦ
2544 5394 2914 5466 φθεγγομένου
2964 5396 3450 5466 συναφανίζεσθαι,
3491 5397 3583 5452 ούκ
3650 5392 3712 5447 ἂν

2163 5484 2355 5554 φθάνοι
2421 5484 2600 5541 πάντα
2645 5486 2801 5556 λόγον
2848 5488 3127 5560 ὀνομάζων
3164 5488 3429 5554 ἐπίνοιαν,
3469 5488 3710 5558 μηδεμιᾶς

2163 5576 2511 5641 ὑποστάσεως
2572 5579 2631 5631 ὲν
2700 5578 2875 5632 οὐδενὶ
2932 5579 3075 5650 λόγῳ
3130 5578 3272 5649 μετά
3342 5580 3444 5648 τὴν
3494 5592 3715 5650 προσφοο

2168 5669 2264 5741 ραν
2307 5667 2681 5738 διαμενούσης.
2713 5668 2849 5723 θύδὲ
2892 5669 2999 5743 γὰρ
3052 5669 3218 5742 αὐτὴν
3253 5670 3351 5742 τὴν
3387 5668 3710 5742 ἀγεννησίαν,
