  <div class='ocr_page' id='page_1' title='image "/cluster/home/n/w/nwhite01/storage/ocr_20150623/45/hvd.32044073501876/480.png"; bbox 0 0 4002 6218; ppageno 0'>
   <div class='ocr_carea' id='block_1_1' title="bbox 325 317 434 374">
    <p class='ocr_par' dir='ltr' id='par_1_1' title="bbox 325 317 434 374">
     <span class='ocr_line' id='line_1_1' title="bbox 325 317 434 374; baseline 0.009 -1"><span class='ocrx_word' id='word_1_1' title='bbox 325 317 434 374; x_wconf 76' lang='lat'><strong><em>925</em></strong></span> 
     </span>
    </p>
   </div>
   <div class='ocr_carea' id='block_1_2' title="bbox 1429 314 2465 378">
    <p class='ocr_par' dir='ltr' id='par_1_2' title="bbox 1429 314 2465 378">
     <span class='ocr_line' id='line_1_2' title="bbox 1429 314 2465 378; baseline 0.001 -7"><span class='ocrx_word' id='word_1_2' title='bbox 1429 315 1708 371; x_wconf 73' lang='lat' dir='ltr'><strong>CONTRA</strong></span> <span class='ocrx_word' id='word_1_3' title='bbox 1752 314 2140 378; x_wconf 70' lang='lat' dir='ltr'><strong>EUNOMIL‘M,</strong></span> <span class='ocrx_word' id='word_1_4' title='bbox 2181 317 2306 371; x_wconf 86' lang='lat' dir='ltr'><strong>LIB.</strong></span> <span class='ocrx_word' id='word_1_5' title='bbox 2352 317 2465 372; x_wconf 78' lang='grc' dir='ltr'><strong>ΧΙΙ.</strong></span> 
     </span>
    </p>
   </div>
   <div class='ocr_carea' id='block_1_3' title="bbox 325 430 1912 506">
    <p class='ocr_par' dir='ltr' id='par_1_3' title="bbox 325 433 1909 506">
     <span class='ocr_line' id='line_1_3' title="bbox 325 433 1909 506; baseline 0 -20"><span class='ocrx_word' id='word_1_6' title='bbox 325 436 396 506; x_wconf 68' lang='grc' dir='ltr'>ἢν</span> <span class='ocrx_word' id='word_1_7' title='bbox 449 434 660 504; x_wconf 78' lang='grc' dir='ltr'>ἐξαιρεῖ</span> <span class='ocrx_word' id='word_1_8' title='bbox 710 433 811 504; x_wconf 80' lang='grc' dir='ltr'><strong>τῆς</strong></span> <span class='ocrx_word' id='word_1_9' title='bbox 855 433 1134 498; x_wconf 89' lang='grc' dir='ltr'>ἐπινοίας,</span> <span class='ocrx_word' id='word_1_10' title='bbox 1203 435 1483 489; x_wconf 72' lang='grc' dir='ltr'><strong>ἀδιάλυτον</strong></span> <span class='ocrx_word' id='word_1_11' title='bbox 1545 436 1637 488; x_wconf 71' lang='grc' dir='ltr'>καὶ</span> <span class='ocrx_word' id='word_1_12' title='bbox 1708 436 1909 502; x_wconf 83' lang='grc' dir='ltr'>παγίαν</span> 
     </span>
    </p>
   </div>
   <div class='ocr_carea' id='block_1_4' title="bbox 2015 430 3593 506">
    <p class='ocr_par' dir='ltr' id='par_1_4' title="bbox 2016 430 3593 504">
     <span class='ocr_line' id='line_1_4' title="bbox 2016 430 3593 504; baseline -0.001 -18"><span class='ocrx_word' id='word_1_13' title='bbox 2016 435 2214 488; x_wconf 80' lang='lat' dir='ltr'><strong>tionem</strong></span> <span class='ocrx_word' id='word_1_14' title='bbox 2240 440 2549 504; x_wconf 72' lang='lat' dir='ltr'><strong>permaneat</strong></span> <span class='ocrx_word' id='word_1_15' title='bbox 2574 430 2844 488; x_wconf 74' lang='lat' dir='ltr'><strong>soliditas.</strong></span> <span class='ocrx_word' id='word_1_16' title='bbox 2863 430 3047 503; x_wconf 84' lang='lat' dir='ltr'><strong>Neque</strong></span> <span class='ocrx_word' id='word_1_17' title='bbox 3075 431 3218 488; x_wconf 88' lang='lat' dir='ltr'><strong>enim</strong></span> <span class='ocrx_word' id='word_1_18' title='bbox 3245 432 3416 502; x_wconf 87' lang='lat' dir='ltr'><strong>ipsam</strong></span> <span class='ocrx_word' id='word_1_19' title='bbox 3434 431 3593 498; x_wconf 82' lang='grc' dir='ltr'>ἀγεν-</span> 
     </span>
    </p>
   </div>
   <div class='ocr_carea' id='block_1_5' title="bbox 330 523 1914 597">
    <p class='ocr_par' dir='ltr' id='par_1_5' title="bbox 330 523 1914 597">
     <span class='ocr_line' id='line_1_5' title="bbox 330 523 1914 597; baseline 0 -19"><span class='ocrx_word' id='word_1_20' title='bbox 330 523 471 596; x_wconf 78' lang='grc' dir='ltr'><strong>μετά</strong></span> <span class='ocrx_word' id='word_1_21' title='bbox 511 524 575 578; x_wconf 85' lang='grc' dir='ltr'><strong>τδ</strong></span> <span class='ocrx_word' id='word_1_22' title='bbox 625 525 1022 596; x_wconf 82' lang='grc' dir='ltr'>προενεχθῆναι</span> <span class='ocrx_word' id='word_1_23' title='bbox 1069 525 1244 592; x_wconf 79' lang='grc' dir='ltr'>δεῖξαι</span> <span class='ocrx_word' id='word_1_24' title='bbox 1297 527 1606 596; x_wconf 73' lang='grc' dir='ltr'>δυνήσεται,</span> <span class='ocrx_word' id='word_1_25' title='bbox 1647 526 1745 594; x_wconf 77' lang='grc' dir='ltr'><strong>τῆς</strong></span> <span class='ocrx_word' id='word_1_26' title='bbox 1783 544 1914 597; x_wconf 82' lang='grc' dir='ltr'>προ-</span> 
     </span>
    </p>
   </div>
   <div class='ocr_carea' id='block_1_6' title="bbox 327 616 1917 690">
    <p class='ocr_par' dir='ltr' id='par_1_6' title="bbox 327 616 1917 690">
     <span class='ocr_line' id='line_1_6' title="bbox 327 616 1917 690; baseline 0 -20"><span class='ocrx_word' id='word_1_27' title='bbox 327 616 643 688; x_wconf 80' lang='grc' dir='ltr'>ενεχθείσης</span> <span class='ocrx_word' id='word_1_28' title='bbox 674 617 760 671; x_wconf 84' lang='grc' dir='ltr'><strong>διὰ</strong></span> <span class='ocrx_word' id='word_1_29' title='bbox 803 618 896 670; x_wconf 87' lang='grc' dir='ltr'><strong>τοῦ</strong></span> <span class='ocrx_word' id='word_1_30' title='bbox 927 617 1168 686; x_wconf 84' lang='grc' dir='ltr'><strong>φθόγγου</strong></span> <span class='ocrx_word' id='word_1_31' title='bbox 1202 620 1411 690; x_wconf 79' lang='grc' dir='ltr'>ρήσεως</span> <span class='ocrx_word' id='word_1_32' title='bbox 1457 620 1521 670; x_wconf 85' lang='grc' dir='ltr'><strong>ἐκ</strong></span> <span class='ocrx_word' id='word_1_33' title='bbox 1566 617 1659 670; x_wconf 88' lang='grc' dir='ltr'><strong>τοῦ</strong></span> <span class='ocrx_word' id='word_1_34' title='bbox 1719 619 1917 688; x_wconf 82' lang='grc' dir='ltr'>στόμα-</span> 
     </span>
    </p>
   </div>
   <div class='ocr_carea' id='block_1_7' title="bbox 324 708 1917 781">
    <p class='ocr_par' dir='ltr' id='par_1_7' title="bbox 324 708 1917 781">
     <span class='ocr_line' id='line_1_7' title="bbox 324 708 1917 781; baseline 0.001 -20"><span class='ocrx_word' id='word_1_35' title='bbox 324 725 418 771; x_wconf 90' lang='grc' dir='ltr'><strong>τος</strong></span> <span class='ocrx_word' id='word_1_36' title='bbox 474 710 532 761; x_wconf 89' lang='grc' dir='ltr'><strong>ἐν</strong></span> <span class='ocrx_word' id='word_1_37' title='bbox 571 708 649 778; x_wconf 84' lang='grc' dir='ltr'>τῷ</span> <span class='ocrx_word' id='word_1_38' title='bbox 700 709 823 780; x_wconf 83' lang='grc' dir='ltr'><strong>ἀέρι</strong></span> <span class='ocrx_word' id='word_1_39' title='bbox 860 710 934 780; x_wconf 83' lang='grc' dir='ltr'><strong>μὴ</strong></span> <span class='ocrx_word' id='word_1_40' title='bbox 977 710 1379 781; x_wconf 88' lang='grc' dir='ltr'>συμμενούσης.</span> <span class='ocrx_word' id='word_1_41' title='bbox 1426 711 1535 762; x_wconf 71' lang='grc' dir='ltr'><strong>Καὶ</strong></span> <span class='ocrx_word' id='word_1_42' title='bbox 1581 709 1722 763; x_wconf 75' lang='grc' dir='ltr'>οὕτω</span> <span class='ocrx_word' id='word_1_43' title='bbox 1758 711 1801 762; x_wconf 79' lang='grc' dir='ltr'>δ“</span> <span class='ocrx_word' id='word_1_44' title='bbox 1852 711 1917 764; x_wconf 83' lang='grc' dir='ltr'><strong>ἀν</strong></span> 
     </span>
    </p>
   </div>
   <div class='ocr_carea' id='block_1_8' title="bbox 325 800 1919 872">
    <p class='ocr_par' dir='ltr' id='par_1_8' title="bbox 325 800 1919 872">
     <span class='ocr_line' id='line_1_8' title="bbox 325 800 1919 872; baseline 0.001 -21"><span class='ocrx_word' id='word_1_45' title='bbox 325 816 409 862; x_wconf 91' lang='grc' dir='ltr'>τις</span> <span class='ocrx_word' id='word_1_46' title='bbox 465 800 626 870; x_wconf 80' lang='grc' dir='ltr'>μάθοι</span> <span class='ocrx_word' id='word_1_47' title='bbox 676 800 738 853; x_wconf 80' lang='grc' dir='ltr'><strong>τὸ</strong></span> <span class='ocrx_word' id='word_1_48' title='bbox 786 801 895 853; x_wconf 86' lang='grc' dir='ltr'>τῶν</span> <span class='ocrx_word' id='word_1_49' title='bbox 947 801 1254 872; x_wconf 83' lang='grc' dir='ltr'><strong>εἰρημένων</strong></span> <span class='ocrx_word' id='word_1_50' title='bbox 1301 801 1630 854; x_wconf 70' lang='grc' dir='ltr'><strong>ἀσύστατον⁹</strong></span> <span class='ocrx_word' id='word_1_51' title='bbox 1673 802 1754 854; x_wconf 83' lang='grc' dir='ltr'><strong>ὅτι</strong></span> <span class='ocrx_word' id='word_1_52' title='bbox 1814 801 1919 854; x_wconf 77' lang='grc' dir='ltr'>κᾶν</span> 
     </span>
    </p>
   </div>
   <div class='ocr_carea' id='block_1_9' title="bbox 330 891 1917 963">
    <p class='ocr_par' dir='ltr' id='par_1_9' title="bbox 330 891 1917 963">
     <span class='ocr_line' id='line_1_9' title="bbox 330 891 1917 963; baseline 0.001 -19"><span class='ocrx_word' id='word_1_53' title='bbox 330 892 645 954; x_wconf 81' lang='grc' dir='ltr'><strong>σιωπῶντες</strong></span> <span class='ocrx_word' id='word_1_54' title='bbox 689 891 788 955; x_wconf 75' lang='grc' dir='ltr'>τὰς</span> <span class='ocrx_word' id='word_1_55' title='bbox 840 893 937 963; x_wconf 79' lang='grc' dir='ltr'>τῆς</span> <span class='ocrx_word' id='word_1_56' title='bbox 987 893 1164 962; x_wconf 69' lang='grc' dir='ltr'>ψυχῆς</span> <span class='ocrx_word' id='word_1_57' title='bbox 1195 892 1404 955; x_wconf 91' lang='grc' dir='ltr'>ἐννοίας</span> <span class='ocrx_word' id='word_1_58' title='bbox 1445 891 1917 963; x_wconf 81' lang='grc' dir='ltr'>ἁπογραφώμεθα,</span> 
     </span>
    </p>
   </div>
   <div class='ocr_carea' id='block_1_10' title="bbox 327 981 1919 1053">
    <p class='ocr_par' dir='ltr' id='par_1_10' title="bbox 327 981 1919 1053">
     <span class='ocr_line' id='line_1_10' title="bbox 327 981 1919 1053; baseline -0.001 -17"><span class='ocrx_word' id='word_1_59' title='bbox 327 984 387 1036; x_wconf 79' lang='grc' dir='ltr'><strong>οῦ</strong></span> <span class='ocrx_word' id='word_1_60' title='bbox 432 984 501 1035; x_wconf 70' lang='grc' dir='ltr'>τὰ</span> <span class='ocrx_word' id='word_1_61' title='bbox 558 982 657 1052; x_wconf 82' lang='grc' dir='ltr'>μὲν</span> <span class='ocrx_word' id='word_1_62' title='bbox 711 982 996 1051; x_wconf 67' lang='grc' dir='ltr'>ὑφεστῶτα</span> <span class='ocrx_word' id='word_1_63' title='bbox 1041 983 1150 1036; x_wconf 86' lang='grc' dir='ltr'>τῶν</span> <span class='ocrx_word' id='word_1_64' title='bbox 1193 983 1480 1053; x_wconf 76' lang='grc' dir='ltr'><strong>νοημάτων</strong></span> <span class='ocrx_word' id='word_1_65' title='bbox 1522 983 1621 1052; x_wconf 84' lang='grc' dir='ltr'>τὴν</span> <span class='ocrx_word' id='word_1_66' title='bbox 1670 982 1757 1035; x_wconf 71' lang='grc' dir='ltr'>διὰ</span> <span class='ocrx_word' id='word_1_67' title='bbox 1810 981 1919 1035; x_wconf 80' lang='grc' dir='ltr'><strong>τῶν</strong></span> 
     </span>
    </p>
   </div>
   <div class='ocr_carea' id='block_1_11' title="bbox 327 1072 1917 1144">
    <p class='ocr_par' dir='ltr' id='par_1_11' title="bbox 327 1072 1917 1144">
     <span class='ocr_line' id='line_1_11' title="bbox 327 1072 1917 1144; baseline 0 -19"><span class='ocrx_word' id='word_1_68' title='bbox 327 1075 673 1143; x_wconf 78' lang='grc' dir='ltr'><strong>γραμμάτων</strong></span> <span class='ocrx_word' id='word_1_69' title='bbox 723 1073 1023 1144; x_wconf 75' lang='grc' dir='ltr'><strong>σημείωσιν</strong></span> <span class='ocrx_word' id='word_1_70' title='bbox 1086 1074 1330 1140; x_wconf 82' lang='grc' dir='ltr'>δέξεται,</span> <span class='ocrx_word' id='word_1_71' title='bbox 1381 1073 1442 1126; x_wconf 78' lang='grc' dir='ltr'>τὸ</span> <span class='ocrx_word' id='word_1_72' title='bbox 1505 1073 1562 1126; x_wconf 85' lang='grc' dir='ltr'>δὲ</span> <span class='ocrx_word' id='word_1_73' title='bbox 1619 1072 1917 1126; x_wconf 81' lang='grc' dir='ltr'>ἀσύστατον</span> 
     </span>
    </p>
   </div>
   <div class='ocr_carea' id='block_1_12' title="bbox 329 1163 1918 1237">
    <p class='ocr_par' dir='ltr' id='par_1_12' title="bbox 329 1163 1918 1237">
     <span class='ocr_line' id='line_1_12' title="bbox 329 1163 1918 1237; baseline -0.001 -21"><span class='ocrx_word' id='word_1_74' title='bbox 329 1165 620 1234; x_wconf 79' lang='grc' dir='ltr'>ἀμοιρήσει</span> <span class='ocrx_word' id='word_1_75' title='bbox 643 1164 742 1234; x_wconf 81' lang='grc' dir='ltr'>τῆς</span> <span class='ocrx_word' id='word_1_76' title='bbox 764 1165 822 1217; x_wconf 91' lang='grc' dir='ltr'><strong>ἐν</strong></span> <span class='ocrx_word' id='word_1_77' title='bbox 848 1167 958 1229; x_wconf 87' lang='grc' dir='ltr'>τοῖς</span> <span class='ocrx_word' id='word_1_78' title='bbox 983 1165 1276 1237; x_wconf 89' lang='grc' dir='ltr'>γράμμασι</span> <span class='ocrx_word' id='word_1_79' title='bbox 1303 1165 1672 1236; x_wconf 86' lang='grc' dir='ltr'>σημειώσεως.</span> <span class='ocrx_word' id='word_1_80' title='bbox 1703 1163 1918 1227; x_wconf 82' lang='grc' dir='ltr'>Ἔξεστι</span> 
     </span>
    </p>
   </div>
   <div class='ocr_carea' id='block_1_13' title="bbox 330 1253 1918 1328">
    <p class='ocr_par' dir='ltr' id='par_1_13' title="bbox 330 1253 1918 1328">
     <span class='ocr_line' id='line_1_13' title="bbox 330 1253 1918 1328; baseline -0.001 -20"><span class='ocrx_word' id='word_1_81' title='bbox 330 1253 439 1324; x_wconf 73' lang='grc' dir='ltr'>γὰρ</span> <span class='ocrx_word' id='word_1_82' title='bbox 473 1255 581 1306; x_wconf 83' lang='grc' dir='ltr'>πᾶν</span> <span class='ocrx_word' id='word_1_83' title='bbox 628 1255 656 1306; x_wconf 85' lang='grc' dir='ltr'>ὅ</span> <span class='ocrx_word' id='word_1_84' title='bbox 683 1254 734 1306; x_wconf 89' lang='grc' dir='ltr'>τί</span> <span class='ocrx_word' id='word_1_85' title='bbox 764 1272 868 1326; x_wconf 91' lang='grc' dir='ltr'><strong>περ</strong></span> <span class='ocrx_word' id='word_1_86' title='bbox 911 1254 977 1309; x_wconf 81' lang='grc' dir='ltr'>ἂν</span> <span class='ocrx_word' id='word_1_87' title='bbox 1019 1257 1111 1308; x_wconf 79' lang='grc' dir='ltr'>ἐπὶ</span> <span class='ocrx_word' id='word_1_88' title='bbox 1135 1255 1257 1308; x_wconf 93' lang='grc' dir='ltr'>νοῦν</span> <span class='ocrx_word' id='word_1_89' title='bbox 1299 1257 1448 1328; x_wconf 81' lang='grc' dir='ltr'>ἔλθῃ,</span> <span class='ocrx_word' id='word_1_90' title='bbox 1493 1258 1596 1310; x_wconf 68' lang='grc' dir='ltr'><strong>κᾶν</strong></span> <span class='ocrx_word' id='word_1_91' title='bbox 1629 1257 1918 1325; x_wconf 71' lang='grc' dir='ltr'><strong>ὑφίσταται</strong></span> 
     </span>
    </p>
   </div>
   <div class='ocr_carea' id='block_1_14' title="bbox 333 1341 1918 1416">
    <p class='ocr_par' dir='ltr' id='par_1_14' title="bbox 333 1341 1918 1416">
     <span class='ocr_line' id='line_1_14' title="bbox 333 1341 1918 1416; baseline 0.001 -20"><span class='ocrx_word' id='word_1_92' title='bbox 333 1344 474 1396; x_wconf 80' lang='grc' dir='ltr'><strong>κατά</strong></span> <span class='ocrx_word' id='word_1_93' title='bbox 503 1342 601 1412; x_wconf 73' lang='grc' dir='ltr'>τὴν</span> <span class='ocrx_word' id='word_1_94' title='bbox 643 1341 879 1409; x_wconf 89' lang='grc' dir='ltr'>σύνεσιν,</span> <span class='ocrx_word' id='word_1_95' title='bbox 911 1343 1012 1397; x_wconf 81' lang='grc' dir='ltr'>κᾶν</span> <span class='ocrx_word' id='word_1_96' title='bbox 1033 1345 1107 1408; x_wconf 86' lang='grc' dir='ltr'>ὼς</span> <span class='ocrx_word' id='word_1_97' title='bbox 1137 1345 1335 1416; x_wconf 80' lang='grc' dir='ltr'>ἑτέρως</span> <span class='ocrx_word' id='word_1_98' title='bbox 1363 1346 1494 1416; x_wconf 77' lang='grc' dir='ltr'>ἔχει,</span> <span class='ocrx_word' id='word_1_99' title='bbox 1526 1348 1644 1398; x_wconf 81' lang='grc' dir='ltr'>κατ’</span> <span class='ocrx_word' id='word_1_100' title='bbox 1672 1346 1918 1409; x_wconf 76' lang='grc' dir='ltr'>ἐξουσίαν</span> 
     </span>
    </p>
   </div>
   <div class='ocr_carea' id='block_1_15' title="bbox 331 1433 1917 1509">
    <p class='ocr_par' dir='ltr' id='par_1_15' title="bbox 331 1433 1917 1509">
     <span class='ocr_line' id='line_1_15' title="bbox 331 1433 1917 1509; baseline 0.003 -23"><span class='ocrx_word' id='word_1_101' title='bbox 331 1433 690 1487; x_wconf 60' lang='grc' dir='ltr'>ἐναποθὼθαι</span> <span class='ocrx_word' id='word_1_102' title='bbox 717 1434 795 1505; x_wconf 84' lang='grc' dir='ltr'><strong>τῷ</strong></span> <span class='ocrx_word' id='word_1_103' title='bbox 833 1437 1143 1506; x_wconf 87' lang='grc' dir='ltr'>γράμματι.</span> <span class='ocrx_word' id='word_1_104' title='bbox 1181 1437 1358 1489; x_wconf 87' lang='grc' dir='ltr'><strong>Ταὺτὸ</strong></span> <span class='ocrx_word' id='word_1_105' title='bbox 1399 1437 1456 1490; x_wconf 85' lang='grc' dir='ltr'>δὲ</span> <span class='ocrx_word' id='word_1_106' title='bbox 1491 1439 1568 1500; x_wconf 91' lang='grc' dir='ltr'><strong>είς</strong></span> <span class='ocrx_word' id='word_1_107' title='bbox 1611 1438 1917 1509; x_wconf 80' lang='grc' dir='ltr'>φανέρωσιν</span> 
     </span>
    </p>
   </div>
   <div class='ocr_carea' id='block_1_16' title="bbox 329 1525 1916 1602">
    <p class='ocr_par' dir='ltr' id='par_1_16' title="bbox 329 1525 1916 1602">
     <span class='ocr_line' id='line_1_16' title="bbox 329 1525 1916 1602; baseline 0.003 -24"><span class='ocrx_word' id='word_1_108' title='bbox 329 1525 570 1588; x_wconf 80' lang='grc' dir='ltr'>διανοίας</span> <span class='ocrx_word' id='word_1_109' title='bbox 599 1529 626 1581; x_wconf 98' lang='lat'><strong>6</strong></span> <span class='ocrx_word' id='word_1_110' title='bbox 655 1526 889 1596; x_wconf 77' lang='grc' dir='ltr'>φθόγγος</span> <span class='ocrx_word' id='word_1_111' title='bbox 930 1529 1042 1582; x_wconf 70' lang='grc' dir='ltr'>ἐστὶ</span> <span class='ocrx_word' id='word_1_112' title='bbox 1101 1529 1179 1600; x_wconf 83' lang='grc' dir='ltr'>τῷ</span> <span class='ocrx_word' id='word_1_113' title='bbox 1221 1530 1540 1600; x_wconf 85' lang='grc' dir='ltr'><strong>γράμματι⁶</strong></span> <span class='ocrx_word' id='word_1_114' title='bbox 1576 1531 1769 1599; x_wconf 86' lang='grc' dir='ltr'>ἐπίσης</span> <span class='ocrx_word' id='word_1_115' title='bbox 1807 1531 1916 1602; x_wconf 74' lang='grc' dir='ltr'><strong>γὰρ</strong></span> 
     </span>
    </p>
   </div>
   <div class='ocr_carea' id='block_1_17' title="bbox 328 1613 1916 1691">
    <p class='ocr_par' dir='ltr' id='par_1_17' title="bbox 328 1613 1916 1691">
     <span class='ocr_line' id='line_1_17' title="bbox 328 1613 1916 1691; baseline 0.006 -25"><span class='ocrx_word' id='word_1_116' title='bbox 328 1613 398 1667; x_wconf 82' lang='grc' dir='ltr'>δι’</span> <span class='ocrx_word' id='word_1_117' title='bbox 428 1615 704 1686; x_wconf 78' lang='grc' dir='ltr'><strong>ἑκατέρων</strong></span> <span class='ocrx_word' id='word_1_118' title='bbox 738 1617 796 1670; x_wconf 86' lang='grc' dir='ltr'>τὸ</span> <span class='ocrx_word' id='word_1_119' title='bbox 827 1617 1018 1690; x_wconf 78' lang='grc' dir='ltr'>νοηθὲν</span> <span class='ocrx_word' id='word_1_120' title='bbox 1056 1619 1472 1691; x_wconf 82' lang='grc' dir='ltr'>ἐξαγγέλλομεν.</span> <span class='ocrx_word' id='word_1_121' title='bbox 1524 1621 1664 1691; x_wconf 72' lang='grc' dir='ltr'>Πρὸς</span> <span class='ocrx_word' id='word_1_122' title='bbox 1711 1622 1760 1674; x_wconf 87' lang='grc' dir='ltr'><strong>τί</strong></span> <span class='ocrx_word' id='word_1_123' title='bbox 1805 1614 1916 1675; x_wconf 48' lang='grc' dir='ltr'>’τοί-</span> 
     </span>
    </p>
   </div>
   <div class='ocr_carea' id='block_1_18' title="bbox 325 1706 1910 1784">
    <p class='ocr_par' dir='ltr' id='par_1_18' title="bbox 325 1706 1910 1784">
     <span class='ocr_line' id='line_1_18' title="bbox 325 1706 1910 1784; baseline 0.006 -27"><span class='ocrx_word' id='word_1_124' title='bbox 325 1722 428 1758; x_wconf 86' lang='grc' dir='ltr'><strong>νυν</strong></span> <span class='ocrx_word' id='word_1_125' title='bbox 476 1706 620 1776; x_wconf 82' lang='grc' dir='ltr'>ὁρῶν</span> <span class='ocrx_word' id='word_1_126' title='bbox 676 1708 811 1781; x_wconf 78' lang='grc' dir='ltr'>μόνῃ</span> <span class='ocrx_word' id='word_1_127' title='bbox 857 1710 1158 1764; x_wconf 88' lang='grc' dir='ltr'>συνδιαλύει</span> <span class='ocrx_word' id='word_1_128' title='bbox 1203 1715 1268 1782; x_wconf 84' lang='grc' dir='ltr'>τῇ</span> <span class='ocrx_word' id='word_1_129' title='bbox 1321 1715 1470 1784; x_wconf 82' lang='grc' dir='ltr'>φωνῇ</span> <span class='ocrx_word' id='word_1_130' title='bbox 1505 1713 1602 1784; x_wconf 80' lang='grc' dir='ltr'>τὴν</span> <span class='ocrx_word' id='word_1_131' title='bbox 1649 1713 1910 1776; x_wconf 83' lang='grc' dir='ltr'>ἐπίνοιαν,</span> 
     </span>
    </p>
   </div>
   <div class='ocr_carea' id='block_1_19' title="bbox 2021 524 3592 596">
    <p class='ocr_par' dir='ltr' id='par_1_19' title="bbox 2021 524 3592 596">
     <span class='ocr_line' id='line_1_19' title="bbox 2021 524 3592 596; baseline -0.001 -17"><span class='ocrx_word' id='word_1_132' title='bbox 2021 526 2232 595; x_wconf 86' lang='grc' dir='ltr'>νησίαν,</span> <span class='ocrx_word' id='word_1_133' title='bbox 2261 542 2422 596; x_wconf 81' lang='lat' dir='ltr'><strong>quam</strong></span> <span class='ocrx_word' id='word_1_134' title='bbox 2450 541 2515 580; x_wconf 79' lang='lat' dir='ltr'><strong>ex</strong></span> <span class='ocrx_word' id='word_1_135' title='bbox 2540 525 3000 581; x_wconf 74' lang='lat' dir='ltr'><strong>commentatione</strong></span> <span class='ocrx_word' id='word_1_136' title='bbox 3027 525 3210 594; x_wconf 89' lang='lat' dir='ltr'><strong>eripit,</strong></span> <span class='ocrx_word' id='word_1_137' title='bbox 3240 524 3592 579; x_wconf 85' lang='lat' dir='ltr'><strong>indissolubi-</strong></span> 
     </span>
    </p>
   </div>
   <div class='ocr_carea' id='block_1_20' title="bbox 2019 618 3593 688">
    <p class='ocr_par' dir='ltr' id='par_1_20' title="bbox 2019 618 3593 688">
     <span class='ocr_line' id='line_1_20' title="bbox 2019 618 3593 688; baseline -0.001 -15"><span class='ocrx_word' id='word_1_138' title='bbox 2019 621 2121 674; x_wconf 88' lang='lat' dir='ltr'><strong>lem</strong></span> <span class='ocrx_word' id='word_1_139' title='bbox 2143 629 2193 674; x_wconf 89' lang='lat' dir='ltr'><strong>et</strong></span> <span class='ocrx_word' id='word_1_140' title='bbox 2213 621 2369 672; x_wconf 88' lang='lat' dir='ltr'><strong>lixam</strong></span> <span class='ocrx_word' id='word_1_141' title='bbox 2404 625 2525 688; x_wconf 92' lang='lat' dir='ltr'><strong>post</strong></span> <span class='ocrx_word' id='word_1_142' title='bbox 2549 619 2818 688; x_wconf 89' lang='lat' dir='ltr'><strong>prolatum</strong></span> <span class='ocrx_word' id='word_1_143' title='bbox 2849 633 3156 673; x_wconf 84' lang='lat' dir='ltr'><strong>sermonem</strong></span> <span class='ocrx_word' id='word_1_144' title='bbox 3190 618 3478 673; x_wconf 80' lang='lat' dir='ltr'><strong>ostendere</strong></span> <span class='ocrx_word' id='word_1_145' title='bbox 3499 631 3593 687; x_wconf 84' lang='lat' dir='ltr'><strong>po-</strong></span> 
     </span>
    </p>
   </div>
   <div class='ocr_carea' id='block_1_21' title="bbox 2019 709 3593 779">
    <p class='ocr_par' dir='ltr' id='par_1_21' title="bbox 2019 709 3593 779">
     <span class='ocr_line' id='line_1_21' title="bbox 2019 709 3593 779; baseline 0 -16"><span class='ocrx_word' id='word_1_146' title='bbox 2019 710 2164 774; x_wconf 88' lang='lat' dir='ltr'><strong>terit,</strong></span> <span class='ocrx_word' id='word_1_147' title='bbox 2192 724 2316 763; x_wconf 92' lang='lat' dir='ltr'><strong>cum</strong></span> <span class='ocrx_word' id='word_1_148' title='bbox 2362 725 2456 778; x_wconf 89' lang='lat' dir='ltr'><strong>per</strong></span> <span class='ocrx_word' id='word_1_149' title='bbox 2482 724 2679 763; x_wconf 86' lang='lat' dir='ltr'><strong>sonum</strong></span> <span class='ocrx_word' id='word_1_150' title='bbox 2711 709 2877 763; x_wconf 89' lang='lat' dir='ltr'><strong>dictio</strong></span> <span class='ocrx_word' id='word_1_151' title='bbox 2910 725 2974 764; x_wconf 80' lang='lat' dir='ltr'><strong>ex</strong></span> <span class='ocrx_word' id='word_1_152' title='bbox 2999 725 3092 764; x_wconf 89' lang='lat' dir='ltr'><strong>ore</strong></span> <span class='ocrx_word' id='word_1_153' title='bbox 3123 710 3330 779; x_wconf 89' lang='lat' dir='ltr'><strong>prolata</strong></span> <span class='ocrx_word' id='word_1_154' title='bbox 3359 709 3412 762; x_wconf 91' lang='lat' dir='ltr'><strong>in</strong></span> <span class='ocrx_word' id='word_1_155' title='bbox 3466 724 3593 763; x_wconf 90' lang='lat' dir='ltr'><strong>acre</strong></span> 
     </span>
    </p>
   </div>
   <div class='ocr_carea' id='block_1_22' title="bbox 2020 800 3593 871">
    <p class='ocr_par' dir='ltr' id='par_1_22' title="bbox 2020 800 3593 871">
     <span class='ocr_line' id='line_1_22' title="bbox 2020 800 3593 871; baseline -0.001 -16"><span class='ocrx_word' id='word_1_156' title='bbox 2020 815 2128 856; x_wconf 89' lang='lat' dir='ltr'><strong>non</strong></span> <span class='ocrx_word' id='word_1_157' title='bbox 2160 809 2497 869; x_wconf 85' lang='lat' dir='ltr'><strong>permaneat.</strong></span> <span class='ocrx_word' id='word_1_158' title='bbox 2523 800 2587 854; x_wconf 85' lang='lat' dir='ltr'><strong>Et</strong></span> <span class='ocrx_word' id='word_1_159' title='bbox 2619 802 2700 855; x_wconf 92' lang='lat' dir='ltr'><strong>sic</strong></span> <span class='ocrx_word' id='word_1_160' title='bbox 2736 801 3009 855; x_wconf 87' lang='lat' dir='ltr'><strong>dictorum</strong></span> <span class='ocrx_word' id='word_1_161' title='bbox 3045 802 3165 871; x_wconf 84' lang='lat' dir='ltr'><strong>ejus</strong></span> <span class='ocrx_word' id='word_1_162' title='bbox 3198 803 3507 854; x_wconf 84' lang='lat' dir='ltr'><strong>futilitatem</strong></span> <span class='ocrx_word' id='word_1_163' title='bbox 3539 810 3593 856; x_wconf 91' lang='lat' dir='ltr'><strong>et</strong></span> 
     </span>
    </p>
   </div>
   <div class='ocr_carea' id='block_1_23' title="bbox 2019 887 3594 959">
    <p class='ocr_par' dir='ltr' id='par_1_23' title="bbox 2019 887 3594 959">
     <span class='ocr_line' id='line_1_23' title="bbox 2019 887 3594 959; baseline 0.001 -17"><span class='ocrx_word' id='word_1_164' title='bbox 2019 887 2438 942; x_wconf 86' lang='lat' dir='ltr'><strong>instabilitatem</strong></span> <span class='ocrx_word' id='word_1_165' title='bbox 2463 889 2588 959; x_wconf 88' lang='lat' dir='ltr'><strong>quis</strong></span> <span class='ocrx_word' id='word_1_166' title='bbox 2630 889 2981 956; x_wconf 80' lang='lat' dir='ltr'><strong>intellexerit,</strong></span> <span class='ocrx_word' id='word_1_167' title='bbox 3004 892 3131 958; x_wconf 83' lang='lat' dir='ltr'><strong>quia</strong></span> <span class='ocrx_word' id='word_1_168' title='bbox 3168 891 3380 945; x_wconf 88' lang='lat' dir='ltr'><strong>etiamsi</strong></span> <span class='ocrx_word' id='word_1_169' title='bbox 3413 901 3594 944; x_wconf 87' lang='lat' dir='ltr'><strong>tacue-</strong></span> 
     </span>
    </p>
   </div>
   <div class='ocr_carea' id='block_1_24' title="bbox 2017 981 3591 1045">
    <p class='ocr_par' dir='ltr' id='par_1_24' title="bbox 2017 981 3591 1045">
     <span class='ocr_line' id='line_1_24' title="bbox 2017 981 3591 1045; baseline 0 -11"><span class='ocrx_word' id='word_1_170' title='bbox 2017 981 2213 1044; x_wconf 90' lang='lat' dir='ltr'><strong>rimus,</strong></span> <span class='ocrx_word' id='word_1_171' title='bbox 2260 988 2446 1034; x_wconf 88' lang='lat' dir='ltr'><strong>tamen</strong></span> <span class='ocrx_word' id='word_1_172' title='bbox 2506 981 2673 1034; x_wconf 89' lang='lat' dir='ltr'><strong>animi</strong></span> <span class='ocrx_word' id='word_1_173' title='bbox 2715 982 2969 1037; x_wconf 88' lang='lat' dir='ltr'><strong>notiones</strong></span> <span class='ocrx_word' id='word_1_174' title='bbox 3017 982 3213 1036; x_wconf 87' lang='lat' dir='ltr'><strong>litteris</strong></span> <span class='ocrx_word' id='word_1_175' title='bbox 3249 983 3591 1045; x_wconf 85' lang='lat' dir='ltr'><strong>mandamus,</strong></span> 
     </span>
    </p>
   </div>
   <div class='ocr_carea' id='block_1_25' title="bbox 2018 1071 3594 1142">
    <p class='ocr_par' dir='ltr' id='par_1_25' title="bbox 2018 1071 3594 1142">
     <span class='ocr_line' id='line_1_25' title="bbox 2018 1071 3594 1142; baseline -0.001 -18"><span class='ocrx_word' id='word_1_176' title='bbox 2018 1085 2128 1125; x_wconf 90' lang='lat' dir='ltr'><strong>non</strong></span> <span class='ocrx_word' id='word_1_177' title='bbox 2159 1079 2340 1125; x_wconf 89' lang='lat' dir='ltr'><strong>tamen</strong></span> <span class='ocrx_word' id='word_1_178' title='bbox 2364 1086 2425 1126; x_wconf 92' lang='lat' dir='ltr'><strong>ea</strong></span> <span class='ocrx_word' id='word_1_179' title='bbox 2463 1086 2584 1140; x_wconf 80' lang='lat' dir='ltr'><strong>quae</strong></span> <span class='ocrx_word' id='word_1_180' title='bbox 2617 1086 2742 1125; x_wconf 91' lang='lat' dir='ltr'><strong>vere</strong></span> <span class='ocrx_word' id='word_1_181' title='bbox 2768 1071 3080 1125; x_wconf 88' lang='lat' dir='ltr'><strong>subsistunt</strong></span> <span class='ocrx_word' id='word_1_182' title='bbox 3105 1073 3270 1126; x_wconf 90' lang='lat' dir='ltr'><strong>animi</strong></span> <span class='ocrx_word' id='word_1_183' title='bbox 3298 1088 3337 1127; x_wconf 87' lang='lat' dir='ltr'><strong>St</strong></span> <span class='ocrx_word' id='word_1_184' title='bbox 3359 1087 3477 1135; x_wconf 90' lang='lat' dir='ltr'><strong>nsa,</strong></span> <span class='ocrx_word' id='word_1_185' title='bbox 3500 1087 3594 1142; x_wconf 87' lang='lat' dir='ltr'><strong>per</strong></span> 
     </span>
    </p>
   </div>
   <div class='ocr_carea' id='block_1_26' title="bbox 2017 1160 3594 1232">
    <p class='ocr_par' dir='ltr' id='par_1_26' title="bbox 2017 1160 3594 1232">
     <span class='ocr_line' id='line_1_26' title="bbox 2017 1160 3594 1232; baseline 0.002 -18"><span class='ocrx_word' id='word_1_186' title='bbox 2017 1160 2229 1216; x_wconf 87' lang='lat' dir='ltr'><strong>litteras</strong></span> <span class='ocrx_word' id='word_1_187' title='bbox 2264 1161 2720 1232; x_wconf 89' lang='lat' dir='ltr'><strong>signilicationem</strong></span> <span class='ocrx_word' id='word_1_188' title='bbox 2762 1163 3054 1232; x_wconf 85' lang='lat' dir='ltr'><strong>accipient,</strong></span> <span class='ocrx_word' id='word_1_189' title='bbox 3095 1163 3240 1232; x_wconf 89' lang='lat' dir='ltr'><strong>quod</strong></span> <span class='ocrx_word' id='word_1_190' title='bbox 3272 1173 3453 1216; x_wconf 85' lang='lat' dir='ltr'><strong>autem</strong></span> <span class='ocrx_word' id='word_1_191' title='bbox 3494 1178 3594 1217; x_wconf 91' lang='lat' dir='ltr'><strong>ne-</strong></span> 
     </span>
    </p>
   </div>
   <div class='ocr_carea' id='block_1_27' title="bbox 2018 1253 3593 1324">
    <p class='ocr_par' dir='ltr' id='par_1_27' title="bbox 2018 1253 3593 1324">
     <span class='ocr_line' id='line_1_27' title="bbox 2018 1253 3593 1324; baseline 0.002 -17"><span class='ocrx_word' id='word_1_192' title='bbox 2018 1256 2136 1323; x_wconf 91' lang='lat' dir='ltr'><strong>quit</strong></span> <span class='ocrx_word' id='word_1_193' title='bbox 2163 1253 2491 1318; x_wconf 89' lang='lat' dir='ltr'><strong>subsistere,</strong></span> <span class='ocrx_word' id='word_1_194' title='bbox 2543 1254 2915 1310; x_wconf 85' lang='lat' dir='ltr'><strong>declaratione</strong></span> <span class='ocrx_word' id='word_1_195' title='bbox 2963 1270 3085 1324; x_wconf 70' lang='lat' dir='ltr'><strong>qua:</strong></span> <span class='ocrx_word' id='word_1_196' title='bbox 3135 1255 3194 1308; x_wconf 88' lang='lat' dir='ltr'><strong>ﬁt</strong></span> <span class='ocrx_word' id='word_1_197' title='bbox 3231 1271 3326 1324; x_wconf 92' lang='lat' dir='ltr'><strong>per</strong></span> <span class='ocrx_word' id='word_1_198' title='bbox 3384 1255 3593 1310; x_wconf 73' lang='lat' dir='ltr'><strong>litteras</strong></span> 
     </span>
    </p>
   </div>
   <div class='ocr_carea' id='block_1_28' title="bbox 2016 1344 3594 1415">
    <p class='ocr_par' dir='ltr' id='par_1_28' title="bbox 2016 1344 3594 1415">
     <span class='ocr_line' id='line_1_28' title="bbox 2016 1344 3594 1415; baseline 0.001 -18"><span class='ocrx_word' id='word_1_199' title='bbox 2016 1344 2244 1399; x_wconf 86' lang='lat' dir='ltr'><strong>carebit.</strong></span> <span class='ocrx_word' id='word_1_200' title='bbox 2305 1344 2581 1415; x_wconf 84' lang='lat' dir='ltr'><strong>Quidquid</strong></span> <span class='ocrx_word' id='word_1_201' title='bbox 2629 1345 2772 1399; x_wconf 90' lang='lat' dir='ltr'><strong>enim</strong></span> <span class='ocrx_word' id='word_1_202' title='bbox 2831 1345 2884 1399; x_wconf 90' lang='lat' dir='ltr'><strong>in</strong></span> <span class='ocrx_word' id='word_1_203' title='bbox 2942 1354 3176 1400; x_wconf 89' lang='lat' dir='ltr'><strong>mentem</strong></span> <span class='ocrx_word' id='word_1_204' title='bbox 3207 1346 3438 1408; x_wconf 86' lang='lat' dir='ltr'><strong>venerit,</strong></span> <span class='ocrx_word' id='word_1_205' title='bbox 3478 1345 3594 1400; x_wconf 85' lang='lat' dir='ltr'><strong>sive</strong></span> 
     </span>
    </p>
   </div>
   <div class='ocr_carea' id='block_1_29' title="bbox 2015 1433 3593 1504">
    <p class='ocr_par' dir='ltr' id='par_1_29' title="bbox 2015 1433 3593 1504">
     <span class='ocr_line' id='line_1_29' title="bbox 2015 1433 3593 1504; baseline 0.002 -18"><span class='ocrx_word' id='word_1_206' title='bbox 2015 1433 2378 1504; x_wconf 78' lang='lat' dir='ltr'><strong>intelligentia</strong></span> <span class='ocrx_word' id='word_1_207' title='bbox 2409 1435 2703 1500; x_wconf 82' lang='lat' dir='ltr'><strong>subsistat,</strong></span> <span class='ocrx_word' id='word_1_208' title='bbox 2729 1434 2844 1488; x_wconf 82' lang='lat' dir='ltr'><strong>sive</strong></span> <span class='ocrx_word' id='word_1_209' title='bbox 2897 1435 3058 1490; x_wconf 89' lang='lat' dir='ltr'><strong>aliter</strong></span> <span class='ocrx_word' id='word_1_210' title='bbox 3083 1451 3144 1491; x_wconf 91' lang='lat' dir='ltr'><strong>se</strong></span> <span class='ocrx_word' id='word_1_211' title='bbox 3208 1436 3425 1500; x_wconf 82' lang='lat' dir='ltr'><strong>habeat,</strong></span> <span class='ocrx_word' id='word_1_212' title='bbox 3468 1437 3593 1491; x_wconf 89' lang='lat' dir='ltr'><strong>licet</strong></span> 
     </span>
    </p>
   </div>
   <div class='ocr_carea' id='block_1_30' title="bbox 2015 1525 3592 1594">
    <p class='ocr_par' dir='ltr' id='par_1_30' title="bbox 2015 1525 3592 1594">
     <span class='ocr_line' id='line_1_30' title="bbox 2015 1525 3592 1594; baseline 0.003 -16"><span class='ocrx_word' id='word_1_213' title='bbox 2015 1540 2116 1594; x_wconf 91' lang='lat' dir='ltr'><strong>pro</strong></span> <span class='ocrx_word' id='word_1_214' title='bbox 2167 1525 2294 1594; x_wconf 84' lang='lat' dir='ltr'><strong>jure</strong></span> <span class='ocrx_word' id='word_1_215' title='bbox 2339 1538 2394 1580; x_wconf 91' lang='lat' dir='ltr'><strong>et</strong></span> <span class='ocrx_word' id='word_1_216' title='bbox 2445 1526 2714 1580; x_wconf 90' lang='lat' dir='ltr'><strong>arbitratu</strong></span> <span class='ocrx_word' id='word_1_217' title='bbox 2762 1526 2961 1580; x_wconf 88' lang='lat' dir='ltr'><strong>litteris</strong></span> <span class='ocrx_word' id='word_1_218' title='bbox 3025 1528 3384 1582; x_wconf 86' lang='lat' dir='ltr'><strong>committere.</strong></span> <span class='ocrx_word' id='word_1_219' title='bbox 3446 1528 3592 1582; x_wconf 88' lang='lat' dir='ltr'><strong>Idem</strong></span> 
     </span>
    </p>
   </div>
   <div class='ocr_carea' id='block_1_31' title="bbox 2015 1616 3592 1690">
    <p class='ocr_par' dir='ltr' id='par_1_31' title="bbox 2015 1616 3592 1690">
     <span class='ocr_line' id='line_1_31' title="bbox 2015 1616 3592 1690; baseline 0.003 -21"><span class='ocrx_word' id='word_1_220' title='bbox 2015 1623 2196 1670; x_wconf 89' lang='lat' dir='ltr'><strong>autem</strong></span> <span class='ocrx_word' id='word_1_221' title='bbox 2229 1623 2311 1671; x_wconf 90' lang='lat' dir='ltr'><strong>est</strong></span> <span class='ocrx_word' id='word_1_222' title='bbox 2343 1616 2411 1671; x_wconf 90' lang='lat' dir='ltr'><strong>ad</strong></span> <span class='ocrx_word' id='word_1_223' title='bbox 2466 1616 2893 1672; x_wconf 83' lang='lat' dir='ltr'><strong>declarationem</strong></span> <span class='ocrx_word' id='word_1_224' title='bbox 2962 1618 3182 1680; x_wconf 88' lang='lat' dir='ltr'><strong>mentis.</strong></span> <span class='ocrx_word' id='word_1_225' title='bbox 3217 1633 3386 1673; x_wconf 90' lang='lat' dir='ltr'><strong>sonus</strong></span> <span class='ocrx_word' id='word_1_226' title='bbox 3445 1619 3592 1690; x_wconf 89' lang='lat' dir='ltr'><strong>quod</strong></span> 
     </span>
    </p>
   </div>
   <div class='ocr_carea' id='block_1_32' title="bbox 2015 1707 3595 1779">
    <p class='ocr_par' dir='ltr' id='par_1_32' title="bbox 2015 1707 3595 1779">
     <span class='ocr_line' id='line_1_32' title="bbox 2015 1707 3595 1779; baseline 0.003 -19"><span class='ocrx_word' id='word_1_227' title='bbox 2015 1707 2211 1761; x_wconf 69' lang='lat' dir='ltr'><strong>litterae</strong></span> <span class='ocrx_word' id='word_1_228' title='bbox 2237 1724 2252 1773; x_wconf 88' lang='lat'><strong>;</strong></span> <span class='ocrx_word' id='word_1_229' title='bbox 2282 1723 2349 1761; x_wconf 84' lang='lat' dir='ltr'><strong>ex</strong></span> <span class='ocrx_word' id='word_1_230' title='bbox 2382 1722 2540 1775; x_wconf 70' lang='lat' dir='ltr'><strong>aequo</strong></span> <span class='ocrx_word' id='word_1_231' title='bbox 2572 1707 2716 1762; x_wconf 90' lang='lat' dir='ltr'><strong>enim</strong></span> <span class='ocrx_word' id='word_1_232' title='bbox 2754 1724 2852 1777; x_wconf 89' lang='lat' dir='ltr'><strong>per</strong></span> <span class='ocrx_word' id='word_1_233' title='bbox 2881 1717 3112 1778; x_wconf 90' lang='lat' dir='ltr'><strong>utraque</strong></span> <span class='ocrx_word' id='word_1_234' title='bbox 3149 1709 3296 1779; x_wconf 85' lang='lat' dir='ltr'><strong>quod</strong></span> <span class='ocrx_word' id='word_1_235' title='bbox 3331 1711 3514 1766; x_wconf 86' lang='lat' dir='ltr'><strong>animo</strong></span> <span class='ocrx_word' id='word_1_236' title='bbox 3541 1721 3595 1765; x_wconf 90' lang='lat' dir='ltr'><strong>et</strong></span> 
     </span>
    </p>
   </div>
   <div class='ocr_carea' id='block_1_33' title="bbox 333 1798 1912 1874">
    <p class='ocr_par' dir='ltr' id='par_1_33' title="bbox 333 1798 1908 1874">
     <span class='ocr_line' id='line_1_33' title="bbox 333 1798 1908 1874; baseline 0.004 -24"><span class='ocrx_word' id='word_1_237' title='bbox 333 1798 566 1852; x_wconf 79' lang='grc' dir='ltr'>συνιδεῖν</span> <span class='ocrx_word' id='word_1_238' title='bbox 598 1800 699 1853; x_wconf 82' lang='grc' dir='ltr'>οὐκ</span> <span class='ocrx_word' id='word_1_239' title='bbox 742 1799 868 1870; x_wconf 77' lang='grc' dir='ltr'>ἔχω,</span> <span class='ocrx_word' id='word_1_240' title='bbox 919 1803 1129 1866; x_wconf 81' lang='grc' dir='ltr'><strong>Παντὸς</strong></span> <span class='ocrx_word' id='word_1_241' title='bbox 1159 1803 1268 1874; x_wconf 74' lang='grc' dir='ltr'><strong>γάρ</strong></span> <span class='ocrx_word' id='word_1_242' title='bbox 1308 1804 1469 1873; x_wconf 83' lang='grc' dir='ltr'>λόγου</span> <span class='ocrx_word' id='word_1_243' title='bbox 1513 1804 1606 1858; x_wconf 88' lang='grc' dir='ltr'><strong>τοῦ</strong></span> <span class='ocrx_word' id='word_1_244' title='bbox 1651 1805 1738 1859; x_wconf 89' lang='grc' dir='ltr'><strong>διά</strong></span> <span class='ocrx_word' id='word_1_245' title='bbox 1769 1822 1908 1868; x_wconf 85' lang='grc' dir='ltr'>τινος</span> 
     </span>
    </p>
   </div>
   <div class='ocr_carea' id='block_1_34' title="bbox 2015 1798 3596 1874">
    <p class='ocr_par' dir='ltr' id='par_1_34' title="bbox 2018 1801 3596 1872">
     <span class='ocr_line' id='line_1_34' title="bbox 2018 1801 3596 1872; baseline 0.004 -20"><span class='ocrx_word' id='word_1_246' title='bbox 2018 1807 2197 1853; x_wconf 89' lang='lat' dir='ltr'><strong>mente</strong></span> <span class='ocrx_word' id='word_1_247' title='bbox 2252 1808 2574 1868; x_wconf 90' lang='lat' dir='ltr'><strong>conceptum</strong></span> <span class='ocrx_word' id='word_1_248' title='bbox 2636 1808 2742 1864; x_wconf 91' lang='lat' dir='ltr'><strong>est,</strong></span> <span class='ocrx_word' id='word_1_249' title='bbox 2797 1801 3164 1857; x_wconf 84' lang='lat' dir='ltr'><strong>enttntiamus.</strong></span> <span class='ocrx_word' id='word_1_250' title='bbox 3235 1801 3373 1868; x_wconf 85' lang='lat' dir='ltr'><strong>Quid</strong></span> <span class='ocrx_word' id='word_1_251' title='bbox 3427 1801 3596 1872; x_wconf 78' lang='lat' dir='ltr'><strong>igitur</strong></span> 
     </span>
    </p>
   </div>
   <div class='ocr_carea' id='block_1_35' title="bbox 329 1888 1910 1966">
    <p class='ocr_par' dir='ltr' id='par_1_35' title="bbox 329 1888 1910 1966">
     <span class='ocr_line' id='line_1_35' title="bbox 329 1888 1910 1966; baseline 0.006 -27"><span class='ocrx_word' id='word_1_252' title='bbox 329 1888 464 1957; x_wconf 70' lang='grc' dir='ltr'>ἧχου</span> <span class='ocrx_word' id='word_1_253' title='bbox 492 1891 922 1961; x_wconf 71' lang='grc' dir='ltr'>προφερομένου,</span> <span class='ocrx_word' id='word_1_254' title='bbox 955 1891 1048 1945; x_wconf 90' lang='grc' dir='ltr'><strong>τοῦ</strong></span> <span class='ocrx_word' id='word_1_255' title='bbox 1085 1893 1184 1963; x_wconf 84' lang='grc' dir='ltr'>μὲν</span> <span class='ocrx_word' id='word_1_256' title='bbox 1212 1892 1521 1964; x_wconf 88' lang='grc' dir='ltr'>πνεύματος</span> <span class='ocrx_word' id='word_1_257' title='bbox 1554 1893 1647 1947; x_wconf 88' lang='grc' dir='ltr'><strong>τοῦ</strong></span> <span class='ocrx_word' id='word_1_258' title='bbox 1673 1895 1771 1966; x_wconf 75' lang='grc' dir='ltr'>τὴν</span> <span class='ocrx_word' id='word_1_259' title='bbox 1797 1912 1910 1963; x_wconf 83' lang='grc' dir='ltr'>φω-</span> 
     </span>
    </p>
   </div>
   <div class='ocr_carea' id='block_1_36' title="bbox 329 1978 1911 2056">
    <p class='ocr_par' dir='ltr' id='par_1_36' title="bbox 329 1978 1911 2056">
     <span class='ocr_line' id='line_1_36' title="bbox 329 1978 1911 2056; baseline 0.006 -26"><span class='ocrx_word' id='word_1_260' title='bbox 329 1978 430 2050; x_wconf 69' lang='grc' dir='ltr'>νὴν</span> <span class='ocrx_word' id='word_1_261' title='bbox 469 1979 1004 2052; x_wconf 87' lang='grc' dir='ltr'>διαπορθμεύσαντος</span> <span class='ocrx_word' id='word_1_262' title='bbox 1045 1984 1182 2054; x_wconf 83' lang='grc' dir='ltr'>πρὸς</span> <span class='ocrx_word' id='word_1_263' title='bbox 1230 1985 1292 2037; x_wconf 86' lang='grc' dir='ltr'><strong>τὸ</strong></span> <span class='ocrx_word' id='word_1_264' title='bbox 1337 1986 1616 2054; x_wconf 77' lang='grc' dir='ltr'>συγγενὲς,</span> <span class='ocrx_word' id='word_1_265' title='bbox 1661 1987 1694 2056; x_wconf 76' lang='grc' dir='ltr'><strong>η</strong></span> <span class='ocrx_word' id='word_1_266' title='bbox 1742 2003 1911 2056; x_wconf 79' lang='grc' dir='ltr'>μετα-</span> 
     </span>
    </p>
   </div>
   <div class='ocr_carea' id='block_1_37' title="bbox 332 2071 1914 2146">
    <p class='ocr_par' dir='ltr' id='par_1_37' title="bbox 332 2071 1914 2146">
     <span class='ocr_line' id='line_1_37' title="bbox 332 2071 1914 2146; baseline 0.007 -28"><span class='ocrx_word' id='word_1_267' title='bbox 332 2071 574 2138; x_wconf 76' lang='grc' dir='ltr'>χώρησις</span> <span class='ocrx_word' id='word_1_268' title='bbox 603 2071 842 2138; x_wconf 88' lang='grc' dir='ltr'>γίνεται·</span> <span class='ocrx_word' id='word_1_269' title='bbox 895 2075 922 2125; x_wconf 90' lang='grc' dir='ltr'>ὁ</span> <span class='ocrx_word' id='word_1_270' title='bbox 968 2073 1024 2125; x_wconf 86' lang='grc' dir='ltr'>δὲ</span> <span class='ocrx_word' id='word_1_271' title='bbox 1071 2073 1178 2126; x_wconf 80' lang='grc' dir='ltr'>τῶν</span> <span class='ocrx_word' id='word_1_272' title='bbox 1227 2073 1500 2144; x_wconf 75' lang='grc' dir='ltr'><strong>ῥηθέντων</strong></span> <span class='ocrx_word' id='word_1_273' title='bbox 1538 2073 1661 2138; x_wconf 83' lang='grc' dir='ltr'>νοῦς</span> <span class='ocrx_word' id='word_1_274' title='bbox 1696 2075 1782 2128; x_wconf 84' lang='grc' dir='ltr'><strong>διά</strong></span> <span class='ocrx_word' id='word_1_275' title='bbox 1816 2076 1914 2146; x_wconf 83' lang='grc' dir='ltr'>τῆς</span> 
     </span>
    </p>
   </div>
   <div class='ocr_carea' id='block_1_38' title="bbox 330 2160 1913 2238">
    <p class='ocr_par' dir='ltr' id='par_1_38' title="bbox 330 2160 1913 2238">
     <span class='ocr_line' id='line_1_38' title="bbox 330 2160 1913 2238; baseline 0.005 -26"><span class='ocrx_word' id='word_1_276' title='bbox 330 2160 501 2229; x_wconf 80' lang='grc' dir='ltr'>ἀκοῆς</span> <span class='ocrx_word' id='word_1_277' title='bbox 529 2161 607 2232; x_wconf 81' lang='grc' dir='ltr'>τῷ</span> <span class='ocrx_word' id='word_1_278' title='bbox 643 2164 962 2235; x_wconf 83' lang='grc' dir='ltr'>μνημονικῷ</span> <span class='ocrx_word' id='word_1_279' title='bbox 993 2168 1090 2236; x_wconf 80' lang='grc' dir='ltr'>τῆς</span> <span class='ocrx_word' id='word_1_280' title='bbox 1120 2165 1213 2218; x_wconf 87' lang='grc' dir='ltr'><strong>τοῦ</strong></span> <span class='ocrx_word' id='word_1_281' title='bbox 1242 2164 1528 2230; x_wconf 85' lang='grc' dir='ltr'>ἀκούοντος</span> <span class='ocrx_word' id='word_1_282' title='bbox 1547 2166 1720 2237; x_wconf 73' lang='grc' dir='ltr'>ψυχῆς</span> <span class='ocrx_word' id='word_1_283' title='bbox 1750 2170 1913 2238; x_wconf 80' lang='grc' dir='ltr'>ἐγχα-</span> 
     </span>
    </p>
   </div>
   <div class='ocr_carea' id='block_1_39' title="bbox 332 2250 1909 2327">
    <p class='ocr_par' dir='ltr' id='par_1_39' title="bbox 332 2250 1909 2327">
     <span class='ocr_line' id='line_1_39' title="bbox 332 2250 1909 2327; baseline 0.005 -25"><span class='ocrx_word' id='word_1_284' title='bbox 332 2250 615 2320; x_wconf 82' lang='grc' dir='ltr'>ράσσεται,</span> <span class='ocrx_word' id='word_1_285' title='bbox 667 2254 776 2306; x_wconf 76' lang='grc' dir='ltr'>εἴτε</span> <span class='ocrx_word' id='word_1_286' title='bbox 843 2254 1047 2326; x_wconf 81' lang='grc' dir='ltr'>ἀληθὴς</span> <span class='ocrx_word' id='word_1_287' title='bbox 1113 2256 1221 2307; x_wconf 78' lang='grc' dir='ltr'>εἴτε</span> <span class='ocrx_word' id='word_1_288' title='bbox 1278 2255 1668 2326; x_wconf 84' lang='grc' dir='ltr'>διεσφαλμένος</span> <span class='ocrx_word' id='word_1_289' title='bbox 1738 2257 1909 2327; x_wconf 81' lang='grc' dir='ltr'><strong>τύχοι.</strong></span> 
     </span>
    </p>
   </div>
   <div class='ocr_carea' id='block_1_40' title="bbox 329 2338 1915 2417">
    <p class='ocr_par' dir='ltr' id='par_1_40' title="bbox 329 2338 1915 2417">
     <span class='ocr_line' id='line_1_40' title="bbox 329 2338 1915 2417; baseline 0.005 -27"><span class='ocrx_word' id='word_1_290' title='bbox 329 2338 543 2391; x_wconf 79' lang='grc' dir='ltr'>Οὐκοῦν</span> <span class='ocrx_word' id='word_1_291' title='bbox 570 2339 785 2410; x_wconf 75' lang='grc' dir='ltr'>ψυχρὰν</span> <span class='ocrx_word' id='word_1_292' title='bbox 827 2342 927 2411; x_wconf 82' lang='grc' dir='ltr'>τῆς</span> <span class='ocrx_word' id='word_1_293' title='bbox 958 2343 1200 2405; x_wconf 80' lang='grc' dir='ltr'>ἐπινοίας</span> <span class='ocrx_word' id='word_1_294' title='bbox 1225 2344 1252 2396; x_wconf 92' lang='lat'><strong>6</strong></span> <span class='ocrx_word' id='word_1_295' title='bbox 1282 2342 1618 2416; x_wconf 74' lang='grc' dir='ltr'>λογογράφος</span> <span class='ocrx_word' id='word_1_296' title='bbox 1656 2347 1783 2415; x_wconf 80' lang='grc' dir='ltr'>ἡμῖν</span> <span class='ocrx_word' id='word_1_297' title='bbox 1817 2345 1915 2417; x_wconf 73' lang='grc' dir='ltr'>τὴν</span> 
     </span>
    </p>
   </div>
   <div class='ocr_carea' id='block_1_41' title="bbox 331 2426 1912 2500">
    <p class='ocr_par' dir='ltr' id='par_1_41' title="bbox 331 2426 1912 2500">
     <span class='ocr_line' id='line_1_41' title="bbox 331 2426 1912 2500; baseline 0.003 -22"><span class='ocrx_word' id='word_1_298' title='bbox 331 2426 627 2497; x_wconf 70' lang='grc' dir='ltr'>ἑρμηνείαν</span> <span class='ocrx_word' id='word_1_299' title='bbox 653 2427 854 2499; x_wconf 88' lang='grc' dir='ltr'>ταύτην</span> <span class='ocrx_word' id='word_1_300' title='bbox 884 2430 1248 2500; x_wconf 81' lang='grc' dir='ltr'>προτείνεται,</span> <span class='ocrx_word' id='word_1_301' title='bbox 1282 2432 1348 2499; x_wconf 81' lang='grc' dir='ltr'>τῇ</span> <span class='ocrx_word' id='word_1_302' title='bbox 1393 2430 1634 2486; x_wconf 80' lang='grc' dir='ltr'>διαλύσει</span> <span class='ocrx_word' id='word_1_303' title='bbox 1662 2431 1762 2500; x_wconf 82' lang='grc' dir='ltr'>τῆς</span> <span class='ocrx_word' id='word_1_304' title='bbox 1800 2449 1912 2500; x_wconf 74' lang='grc' dir='ltr'>φω-</span> 
     </span>
    </p>
   </div>
   <div class='ocr_carea' id='block_1_42' title="bbox 333 2518 1914 2594">
    <p class='ocr_par' dir='ltr' id='par_1_42' title="bbox 333 2518 1914 2594">
     <span class='ocr_line' id='line_1_42' title="bbox 333 2518 1914 2594; baseline 0.003 -24"><span class='ocrx_word' id='word_1_305' title='bbox 333 2518 434 2584; x_wconf 77' lang='grc' dir='ltr'>νῆς</span> <span class='ocrx_word' id='word_1_306' title='bbox 461 2520 881 2590; x_wconf 73' lang='grc' dir='ltr'>χαρακτηρίζων</span> <span class='ocrx_word' id='word_1_307' title='bbox 911 2523 1005 2574; x_wconf 73' lang='grc' dir='ltr'>καὶ</span> <span class='ocrx_word' id='word_1_308' title='bbox 1034 2520 1370 2592; x_wconf 83' lang='grc' dir='ltr'>ὁριζόμενος.</span> <span class='ocrx_word' id='word_1_309' title='bbox 1409 2523 1517 2574; x_wconf 75' lang='grc' dir='ltr'><strong>Καὶ</strong></span> <span class='ocrx_word' id='word_1_310' title='bbox 1542 2521 1730 2575; x_wconf 87' lang='grc' dir='ltr'>τούτου</span> <span class='ocrx_word' id='word_1_311' title='bbox 1757 2523 1914 2594; x_wconf 87' lang='grc' dir='ltr'>χάριν</span> 
     </span>
    </p>
   </div>
   <div class='ocr_carea' id='block_1_43' title="bbox 331 2611 1912 2686">
    <p class='ocr_par' dir='ltr' id='par_1_43' title="bbox 331 2611 1912 2686">
     <span class='ocr_line' id='line_1_43' title="bbox 331 2611 1912 2686; baseline 0.001 -22"><span class='ocrx_word' id='word_1_312' title='bbox 331 2612 360 2664; x_wconf 88' lang='lat'><strong>6</strong></span> <span class='ocrx_word' id='word_1_313' title='bbox 405 2611 625 2673; x_wconf 77' lang='grc' dir='ltr'>συνετὸς</span> <span class='ocrx_word' id='word_1_314' title='bbox 667 2613 943 2683; x_wconf 69' lang='grc' dir='ltr'>ἀκροατὴς</span> <span class='ocrx_word' id='word_1_315' title='bbox 982 2613 1208 2677; x_wconf 84' lang='grc' dir='ltr'>ἐκεῖνος,</span> <span class='ocrx_word' id='word_1_316' title='bbox 1257 2613 1435 2678; x_wconf 81' lang='grc' dir='ltr'>καθώς</span> <span class='ocrx_word' id='word_1_317' title='bbox 1465 2631 1626 2686; x_wconf 81' lang='grc' dir='ltr'>φησιν</span> <span class='ocrx_word' id='word_1_318' title='bbox 1665 2614 1912 2678; x_wconf 79' lang='grc' dir='ltr'>Ἡσαΐας,</span> 
     </span>
    </p>
   </div>
   <div class='ocr_carea' id='block_1_44' title="bbox 332 2701 1916 2776">
    <p class='ocr_par' dir='ltr' id='par_1_44' title="bbox 332 2701 1916 2776">
     <span class='ocr_line' id='line_1_44' title="bbox 332 2701 1916 2776; baseline 0.004 -24"><span class='ocrx_word' id='word_1_319' title='bbox 332 2701 759 2771; x_wconf 70' lang='grc' dir='ltr'>παραγράφεται</span> <span class='ocrx_word' id='word_1_320' title='bbox 809 2703 906 2772; x_wconf 83' lang='grc' dir='ltr'><strong>μὲν</strong></span> <span class='ocrx_word' id='word_1_321' title='bbox 951 2703 1046 2774; x_wconf 86' lang='grc' dir='ltr'>τὴν</span> <span class='ocrx_word' id='word_1_322' title='bbox 1097 2705 1407 2775; x_wconf 83' lang='grc' dir='ltr'>ἀδιανόητον</span> <span class='ocrx_word' id='word_1_323' title='bbox 1435 2705 1638 2776; x_wconf 89' lang='grc' dir='ltr'>ταύτην</span> <span class='ocrx_word' id='word_1_324' title='bbox 1675 2705 1775 2775; x_wconf 75' lang='grc' dir='ltr'>τῆς</span> <span class='ocrx_word' id='word_1_325' title='bbox 1798 2707 1916 2759; x_wconf 81' lang='grc' dir='ltr'>ἐπι-</span> 
     </span>
    </p>
   </div>
   <div class='ocr_carea' id='block_1_45' title="bbox 331 2791 1917 2868">
    <p class='ocr_par' dir='ltr' id='par_1_45' title="bbox 331 2791 1917 2868">
     <span class='ocr_line' id='line_1_45' title="bbox 331 2791 1917 2868; baseline 0.004 -25"><span class='ocrx_word' id='word_1_326' title='bbox 331 2791 504 2856; x_wconf 79' lang='grc' dir='ltr'>νοίας</span> <span class='ocrx_word' id='word_1_327' title='bbox 551 2791 916 2859; x_wconf 82' lang='grc' dir='ltr'>φυσιολογίαν,</span> <span class='ocrx_word' id='word_1_328' title='bbox 965 2792 1134 2858; x_wconf 83' lang='grc' dir='ltr'>ὅντως</span> <span class='ocrx_word' id='word_1_329' title='bbox 1176 2794 1426 2865; x_wconf 79' lang='grc' dir='ltr'>διαλυτην</span> <span class='ocrx_word' id='word_1_330' title='bbox 1474 2796 1644 2868; x_wconf 80' lang='grc' dir='ltr'>αὐτὴν</span> <span class='ocrx_word' id='word_1_331' title='bbox 1691 2795 1784 2849; x_wconf 73' lang='grc' dir='ltr'>καὶ</span> <span class='ocrx_word' id='word_1_332' title='bbox 1830 2797 1917 2849; x_wconf 81' lang='grc' dir='ltr'>ἀν-</span> 
     </span>
    </p>
   </div>
   <div class='ocr_carea' id='block_1_46' title="bbox 332 2881 1916 2958">
    <p class='ocr_par' dir='ltr' id='par_1_46' title="bbox 332 2881 1916 2958">
     <span class='ocr_line' id='line_1_46' title="bbox 332 2881 1916 2958; baseline 0.005 -26"><span class='ocrx_word' id='word_1_333' title='bbox 332 2881 638 2934; x_wconf 75' lang='grc' dir='ltr'>υπόστατον</span> <span class='ocrx_word' id='word_1_334' title='bbox 671 2883 958 2947; x_wconf 77' lang='grc' dir='ltr'>ἀποδείξας</span> <span class='ocrx_word' id='word_1_335' title='bbox 999 2885 1138 2939; x_wconf 89' lang='grc' dir='ltr'><strong>κατά</strong></span> <span class='ocrx_word' id='word_1_336' title='bbox 1163 2885 1254 2939; x_wconf 84' lang='grc' dir='ltr'>τὸν</span> <span class='ocrx_word' id='word_1_337' title='bbox 1294 2885 1484 2939; x_wconf 83' lang='grc' dir='ltr'>τούτου</span> <span class='ocrx_word' id='word_1_338' title='bbox 1517 2886 1689 2955; x_wconf 89' lang='grc' dir='ltr'>λόγον.</span> <span class='ocrx_word' id='word_1_339' title='bbox 1722 2888 1916 2958; x_wconf 86' lang='grc' dir='ltr'>Τεχνο-</span> 
     </span>
    </p>
   </div>
   <div class='ocr_carea' id='block_1_47' title="bbox 331 2971 1916 3048">
    <p class='ocr_par' dir='ltr' id='par_1_47' title="bbox 331 2971 1916 3048">
     <span class='ocr_line' id='line_1_47' title="bbox 331 2971 1916 3048; baseline 0.006 -25"><span class='ocrx_word' id='word_1_340' title='bbox 331 2971 483 3038; x_wconf 88' lang='grc' dir='ltr'><strong>λογεί</strong></span> <span class='ocrx_word' id='word_1_341' title='bbox 506 2973 562 3025; x_wconf 81' lang='grc' dir='ltr'>δὲ</span> <span class='ocrx_word' id='word_1_342' title='bbox 595 2973 844 3045; x_wconf 74' lang='grc' dir='ltr'>περὶτῆς</span> <span class='ocrx_word' id='word_1_343' title='bbox 895 2977 1219 3047; x_wconf 85' lang='grc' dir='ltr'>ἐγκειμένης</span> <span class='ocrx_word' id='word_1_344' title='bbox 1246 2980 1312 3048; x_wconf 80' lang='grc' dir='ltr'><strong>τῇ</strong></span> <span class='ocrx_word' id='word_1_345' title='bbox 1348 2977 1488 3041; x_wconf 79' lang='grc' dir='ltr'>λέξει</span> <span class='ocrx_word' id='word_1_346' title='bbox 1516 2977 1796 3048; x_wconf 85' lang='grc' dir='ltr'>δυνάμεως</span> <span class='ocrx_word' id='word_1_347' title='bbox 1829 2979 1916 3033; x_wconf 73' lang='grc' dir='ltr'><strong>διὰ</strong></span> 
     </span>
    </p>
   </div>
   <div class='ocr_carea' id='block_1_48' title="bbox 330 3062 1913 3139">
    <p class='ocr_par' dir='ltr' id='par_1_48' title="bbox 330 3062 1913 3139">
     <span class='ocr_line' id='line_1_48' title="bbox 330 3062 1913 3139; baseline 0.003 -22"><span class='ocrx_word' id='word_1_348' title='bbox 330 3062 442 3117; x_wconf 73' lang='grc' dir='ltr'>τῶν</span> <span class='ocrx_word' id='word_1_349' title='bbox 472 3064 764 3134; x_wconf 85' lang='grc' dir='ltr'>γνωρίμων</span> <span class='ocrx_word' id='word_1_350' title='bbox 817 3065 1253 3136; x_wconf 83' lang='grc' dir='ltr'>ὑποδειγμάτων,</span> <span class='ocrx_word' id='word_1_351' title='bbox 1291 3070 1354 3138; x_wconf 78' lang='grc' dir='ltr'><strong>τῇ</strong></span> <span class='ocrx_word' id='word_1_352' title='bbox 1393 3069 1518 3139; x_wconf 76' lang='grc' dir='ltr'>περὶ</span> <span class='ocrx_word' id='word_1_353' title='bbox 1552 3069 1660 3121; x_wconf 82' lang='grc' dir='ltr'><strong>τῶν</strong></span> <span class='ocrx_word' id='word_1_354' title='bbox 1707 3068 1913 3138; x_wconf 77' lang='grc' dir='ltr'>δογμάο</span> 
     </span>
    </p>
   </div>
   <div class='ocr_carea' id='block_1_49' title="bbox 2014 1889 3594 1963">
    <p class='ocr_par' dir='ltr' id='par_1_49' title="bbox 2014 1889 3594 1963">
     <span class='ocr_line' id='line_1_49' title="bbox 2014 1889 3594 1963; baseline 0.003 -19"><span class='ocrx_word' id='word_1_355' title='bbox 2014 1904 2244 1944; x_wconf 90' lang='lat' dir='ltr'><strong>cernens</strong></span> <span class='ocrx_word' id='word_1_356' title='bbox 2276 1889 2390 1943; x_wconf 90' lang='lat' dir='ltr'><strong>sola</strong></span> <span class='ocrx_word' id='word_1_357' title='bbox 2425 1905 2548 1943; x_wconf 92' lang='lat' dir='ltr'><strong>cum</strong></span> <span class='ocrx_word' id='word_1_358' title='bbox 2582 1905 2715 1945; x_wconf 92' lang='lat' dir='ltr'><strong>voce</strong></span> <span class='ocrx_word' id='word_1_359' title='bbox 2769 1891 2936 1944; x_wconf 91' lang='lat' dir='ltr'><strong>animi</strong></span> <span class='ocrx_word' id='word_1_360' title='bbox 2991 1892 3264 1948; x_wconf 87' lang='lat' dir='ltr'><strong>notionem</strong></span> <span class='ocrx_word' id='word_1_361' title='bbox 3319 1893 3594 1963; x_wconf 83' lang='lat' dir='ltr'><strong>dissolvit,</strong></span> 
     </span>
    </p>
   </div>
   <div class='ocr_carea' id='block_1_50' title="bbox 2014 1980 3589 2056">
    <p class='ocr_par' dir='ltr' id='par_1_50' title="bbox 2014 1980 3589 2056">
     <span class='ocr_line' id='line_1_50' title="bbox 2014 1980 3589 2056; baseline 0.003 -22"><span class='ocrx_word' id='word_1_362' title='bbox 2014 1995 2121 2034; x_wconf 90' lang='lat' dir='ltr'><strong>non</strong></span> <span class='ocrx_word' id='word_1_363' title='bbox 2151 1994 2376 2049; x_wconf 88' lang='lat' dir='ltr'><strong>possum</strong></span> <span class='ocrx_word' id='word_1_364' title='bbox 2406 1981 2729 2050; x_wconf 83' lang='lat' dir='ltr'><strong>intelligere.</strong></span> <span class='ocrx_word' id='word_1_365' title='bbox 2769 1980 2959 2037; x_wconf 90' lang='lat' dir='ltr'><strong>Omnis</strong></span> <span class='ocrx_word' id='word_1_366' title='bbox 2989 1983 3135 2038; x_wconf 89' lang='lat' dir='ltr'><strong>enim</strong></span> <span class='ocrx_word' id='word_1_367' title='bbox 3168 1985 3440 2038; x_wconf 84' lang='lat' dir='ltr'><strong>sermonis</strong></span> <span class='ocrx_word' id='word_1_368' title='bbox 3497 1986 3589 2056; x_wconf 89' lang='lat' dir='ltr'><strong>qni</strong></span> 
     </span>
    </p>
   </div>
   <div class='ocr_carea' id='block_1_51' title="bbox 2012 2070 3590 2145">
    <p class='ocr_par' dir='ltr' id='par_1_51' title="bbox 2012 2070 3590 2145">
     <span class='ocr_line' id='line_1_51' title="bbox 2012 2070 3590 2145; baseline 0.004 -20"><span class='ocrx_word' id='word_1_369' title='bbox 2012 2070 2194 2140; x_wconf 87' lang='lat' dir='ltr'><strong>aliquo</strong></span> <span class='ocrx_word' id='word_1_370' title='bbox 2221 2085 2357 2125; x_wconf 89' lang='lat' dir='ltr'><strong>sono</strong></span> <span class='ocrx_word' id='word_1_371' title='bbox 2395 2073 2690 2140; x_wconf 79' lang='lat' dir='ltr'><strong>profertur,</strong></span> <span class='ocrx_word' id='word_1_372' title='bbox 2731 2073 2957 2142; x_wconf 89' lang='lat' dir='ltr'><strong>spiritus</strong></span> <span class='ocrx_word' id='word_1_373' title='bbox 3001 2075 3219 2143; x_wconf 86' lang='lat' dir='ltr'><strong>quidem</strong></span> <span class='ocrx_word' id='word_1_374' title='bbox 3252 2076 3344 2145; x_wconf 88' lang='lat' dir='ltr'><strong>qui</strong></span> <span class='ocrx_word' id='word_1_375' title='bbox 3401 2093 3590 2131; x_wconf 83' lang='lat' dir='ltr'><strong>vocem</strong></span> 
     </span>
    </p>
   </div>
   <div class='ocr_carea' id='block_1_52' title="bbox 2015 2162 3593 2236">
    <p class='ocr_par' dir='ltr' id='par_1_52' title="bbox 2015 2162 3593 2236">
     <span class='ocr_line' id='line_1_52' title="bbox 2015 2162 3593 2236; baseline 0.005 -20"><span class='ocrx_word' id='word_1_376' title='bbox 2015 2162 2336 2218; x_wconf 88' lang='lat' dir='ltr'><strong>transmittit</strong></span> <span class='ocrx_word' id='word_1_377' title='bbox 2364 2163 2430 2217; x_wconf 90' lang='lat' dir='ltr'><strong>ad</strong></span> <span class='ocrx_word' id='word_1_378' title='bbox 2455 2165 2506 2218; x_wconf 90' lang='lat' dir='ltr'><strong>id</strong></span> <span class='ocrx_word' id='word_1_379' title='bbox 2532 2164 2678 2234; x_wconf 90' lang='lat' dir='ltr'><strong>quod</strong></span> <span class='ocrx_word' id='word_1_380' title='bbox 2713 2165 2817 2219; x_wconf 83' lang='lat' dir='ltr'><strong>sibi</strong></span> <span class='ocrx_word' id='word_1_381' title='bbox 2849 2176 3140 2236; x_wconf 91' lang='lat' dir='ltr'><strong>cognatum</strong></span> <span class='ocrx_word' id='word_1_382' title='bbox 3168 2177 3271 2231; x_wconf 89' lang='lat' dir='ltr'><strong>est,</strong></span> <span class='ocrx_word' id='word_1_383' title='bbox 3322 2168 3379 2221; x_wconf 88' lang='lat' dir='ltr'><strong>ﬁt</strong></span> <span class='ocrx_word' id='word_1_384' title='bbox 3411 2177 3593 2224; x_wconf 83' lang='lat' dir='ltr'><strong>trans-</strong></span> 
     </span>
    </p>
   </div>
   <div class='ocr_carea' id='block_1_53' title="bbox 2015 2253 3584 2330">
    <p class='ocr_par' dir='ltr' id='par_1_53' title="bbox 2015 2253 3584 2330">
     <span class='ocr_line' id='line_1_53' title="bbox 2015 2253 3584 2330; baseline 0.004 -22"><span class='ocrx_word' id='word_1_385' title='bbox 2015 2254 2305 2324; x_wconf 85' lang='lat' dir='ltr'><strong>migratio;</strong></span> <span class='ocrx_word' id='word_1_386' title='bbox 2342 2253 2610 2308; x_wconf 85' lang='lat' dir='ltr'><strong>dictorum</strong></span> <span class='ocrx_word' id='word_1_387' title='bbox 2641 2262 2820 2310; x_wconf 91' lang='lat' dir='ltr'><strong>autem</strong></span> <span class='ocrx_word' id='word_1_388' title='bbox 2879 2260 3146 2311; x_wconf 88' lang='lat' dir='ltr'><strong>sententia</strong></span> <span class='ocrx_word' id='word_1_389' title='bbox 3187 2265 3240 2312; x_wconf 92' lang='lat' dir='ltr'><strong>et</strong></span> <span class='ocrx_word' id='word_1_390' title='bbox 3300 2275 3452 2314; x_wconf 90' lang='lat' dir='ltr'><strong>mens</strong></span> <span class='ocrx_word' id='word_1_391' title='bbox 3487 2273 3584 2330; x_wconf 84' lang='lat' dir='ltr'><strong>per</strong></span> 
     </span>
    </p>
   </div>
   <div class='ocr_carea' id='block_1_54' title="bbox 2017 2346 3594 2418">
    <p class='ocr_par' dir='ltr' id='par_1_54' title="bbox 2017 2346 3594 2418">
     <span class='ocr_line' id='line_1_54' title="bbox 2017 2346 3594 2418; baseline 0.004 -19"><span class='ocrx_word' id='word_1_392' title='bbox 2017 2346 2259 2400; x_wconf 88' lang='lat' dir='ltr'><strong>auditum</strong></span> <span class='ocrx_word' id='word_1_393' title='bbox 2317 2347 2372 2400; x_wconf 90' lang='lat' dir='ltr'><strong>in</strong></span> <span class='ocrx_word' id='word_1_394' title='bbox 2428 2346 2700 2401; x_wconf 89' lang='lat' dir='ltr'><strong>audientis</strong></span> <span class='ocrx_word' id='word_1_395' title='bbox 2755 2347 3016 2402; x_wconf 87' lang='lat' dir='ltr'><strong>memoria</strong></span> <span class='ocrx_word' id='word_1_396' title='bbox 3075 2348 3428 2418; x_wconf 88' lang='lat' dir='ltr'><strong>imprimitur,</strong></span> <span class='ocrx_word' id='word_1_397' title='bbox 3475 2350 3594 2406; x_wconf 84' lang='lat' dir='ltr'><strong>sive</strong></span> 
     </span>
    </p>
   </div>
   <div class='ocr_carea' id='block_1_55' title="bbox 2015 2437 3594 2514">
    <p class='ocr_par' dir='ltr' id='par_1_55' title="bbox 2015 2437 3594 2514">
     <span class='ocr_line' id='line_1_55' title="bbox 2015 2437 3594 2514; baseline 0.002 -20"><span class='ocrx_word' id='word_1_398' title='bbox 2015 2453 2165 2505; x_wconf 85' lang='lat' dir='ltr'><strong>vera,</strong></span> <span class='ocrx_word' id='word_1_399' title='bbox 2199 2439 2314 2494; x_wconf 87' lang='lat' dir='ltr'><strong>sive</strong></span> <span class='ocrx_word' id='word_1_400' title='bbox 2368 2437 2502 2492; x_wconf 84' lang='lat' dir='ltr'><strong>falsa</strong></span> <span class='ocrx_word' id='word_1_401' title='bbox 2568 2439 2754 2494; x_wconf 87' lang='lat' dir='ltr'><strong>fuerit.</strong></span> <span class='ocrx_word' id='word_1_402' title='bbox 2793 2441 3160 2505; x_wconf 74' lang='lat' dir='ltr'><strong>Quamobrem</strong></span> <span class='ocrx_word' id='word_1_403' title='bbox 3223 2442 3325 2496; x_wconf 91' lang='lat' dir='ltr'><strong>iste</strong></span> <span class='ocrx_word' id='word_1_404' title='bbox 3357 2443 3594 2514; x_wconf 85' lang='lat' dir='ltr'><strong>scriptor</strong></span> 
     </span>
    </p>
   </div>
   <div class='ocr_carea' id='block_1_56' title="bbox 2016 2530 3595 2604">
    <p class='ocr_par' dir='ltr' id='par_1_56' title="bbox 2016 2530 3595 2604">
     <span class='ocr_line' id='line_1_56' title="bbox 2016 2530 3595 2604; baseline 0.004 -21"><span class='ocrx_word' id='word_1_405' title='bbox 2016 2530 2176 2583; x_wconf 89' lang='lat' dir='ltr'><strong>nobis</strong></span> <span class='ocrx_word' id='word_1_406' title='bbox 2206 2530 2343 2582; x_wconf 90' lang='lat' dir='ltr'><strong>hanc</strong></span> <span class='ocrx_word' id='word_1_407' title='bbox 2373 2531 2856 2585; x_wconf 88' lang='lat' dir='ltr'><strong>commcntatiouis</strong></span> <span class='ocrx_word' id='word_1_408' title='bbox 2903 2531 3154 2601; x_wconf 80' lang='lat' dir='ltr'><strong>frigidam</strong></span> <span class='ocrx_word' id='word_1_409' title='bbox 3189 2534 3595 2604; x_wconf 88' lang='lat' dir='ltr'><strong>interpretatio-</strong></span> 
     </span>
    </p>
   </div>
   <div class='ocr_carea' id='block_1_57' title="bbox 2016 2621 3593 2697">
    <p class='ocr_par' dir='ltr' id='par_1_57' title="bbox 2016 2621 3593 2697">
     <span class='ocr_line' id='line_1_57' title="bbox 2016 2621 3593 2697; baseline 0.004 -21"><span class='ocrx_word' id='word_1_410' title='bbox 2016 2637 2139 2676; x_wconf 87' lang='lat' dir='ltr'><strong>nem</strong></span> <span class='ocrx_word' id='word_1_411' title='bbox 2173 2621 2438 2687; x_wconf 87' lang='lat' dir='ltr'><strong>obtendit,</strong></span> <span class='ocrx_word' id='word_1_412' title='bbox 2476 2621 2604 2676; x_wconf 91' lang='lat' dir='ltr'><strong>dum</strong></span> <span class='ocrx_word' id='word_1_413' title='bbox 2634 2638 2753 2678; x_wconf 88' lang='lat' dir='ltr'><strong>eam</strong></span> <span class='ocrx_word' id='word_1_414' title='bbox 2787 2625 2937 2679; x_wconf 83' lang='lat' dir='ltr'><strong>vocis</strong></span> <span class='ocrx_word' id='word_1_415' title='bbox 2985 2625 3345 2682; x_wconf 88' lang='lat' dir='ltr'><strong>dissolutione</strong></span> <span class='ocrx_word' id='word_1_416' title='bbox 3397 2628 3593 2697; x_wconf 84' lang='lat' dir='ltr'><strong>ﬁgurat</strong></span> 
     </span>
    </p>
   </div>
   <div class='ocr_carea' id='block_1_58' title="bbox 2015 2713 3592 2788">
    <p class='ocr_par' dir='ltr' id='par_1_58' title="bbox 2015 2713 3592 2788">
     <span class='ocr_line' id='line_1_58' title="bbox 2015 2713 3592 2788; baseline 0.004 -21"><span class='ocrx_word' id='word_1_417' title='bbox 2015 2721 2069 2767; x_wconf 90' lang='lat' dir='ltr'><strong>et</strong></span> <span class='ocrx_word' id='word_1_418' title='bbox 2099 2713 2306 2768; x_wconf 90' lang='lat' dir='ltr'><strong>deﬁnit.</strong></span> <span class='ocrx_word' id='word_1_419' title='bbox 2337 2715 2517 2783; x_wconf 83' lang='lat' dir='ltr'><strong>Atque</strong></span> <span class='ocrx_word' id='word_1_420' title='bbox 2549 2715 2712 2784; x_wconf 85' lang='lat' dir='ltr'><strong>hujus</strong></span> <span class='ocrx_word' id='word_1_421' title='bbox 2748 2717 2920 2786; x_wconf 89' lang='lat' dir='ltr'><strong>gratia</strong></span> <span class='ocrx_word' id='word_1_422' title='bbox 2956 2717 3261 2788; x_wconf 86' lang='lat' dir='ltr'><strong>intelligens</strong></span> <span class='ocrx_word' id='word_1_423' title='bbox 3294 2721 3384 2774; x_wconf 92' lang='lat' dir='ltr'><strong>ille</strong></span> <span class='ocrx_word' id='word_1_424' title='bbox 3431 2719 3592 2773; x_wconf 86' lang='lat' dir='ltr'><strong>audi-</strong></span> 
     </span>
    </p>
   </div>
   <div class='ocr_carea' id='block_1_59' title="bbox 2017 2806 3590 2879">
    <p class='ocr_par' dir='ltr' id='par_1_59' title="bbox 2017 2806 3590 2879">
     <span class='ocr_line' id='line_1_59' title="bbox 2017 2806 3590 2879; baseline 0.004 -20"><span class='ocrx_word' id='word_1_425' title='bbox 2017 2813 2122 2868; x_wconf 90' lang='lat' dir='ltr'><strong>tor,</strong></span> <span class='ocrx_word' id='word_1_426' title='bbox 2158 2806 2301 2860; x_wconf 89' lang='lat' dir='ltr'><strong>sicut</strong></span> <span class='ocrx_word' id='word_1_427' title='bbox 2339 2807 2414 2859; x_wconf 88' lang='lat' dir='ltr'><strong>ait</strong></span> <span class='ocrx_word' id='word_1_428' title='bbox 2452 2807 2658 2871; x_wconf 85' lang='lat' dir='ltr'><strong>Isaias,</strong></span> <span class='ocrx_word' id='word_1_429' title='bbox 2710 2807 3114 2879; x_wconf 81' lang='lat' dir='ltr'><strong>incogitabilem</strong></span> <span class='ocrx_word' id='word_1_430' title='bbox 3151 2810 3293 2866; x_wconf 90' lang='lat' dir='ltr'><strong>hanc</strong></span> <span class='ocrx_word' id='word_1_431' title='bbox 3321 2811 3590 2879; x_wconf 83' lang='grc' dir='ltr'>ἐπινοίας,</span> 
     </span>
    </p>
   </div>
   <div class='ocr_carea' id='block_1_60' title="bbox 2016 2897 3594 2971">
    <p class='ocr_par' dir='ltr' id='par_1_60' title="bbox 2016 2897 3594 2971">
     <span class='ocr_line' id='line_1_60' title="bbox 2016 2897 3594 2971; baseline 0.004 -21"><span class='ocrx_word' id='word_1_432' title='bbox 2016 2897 2498 2962; x_wconf 71' lang='grc' dir='ltr'>εοηιιιιειιιαιίοηίι,</span> <span class='ocrx_word' id='word_1_433' title='bbox 2535 2898 2932 2969; x_wconf 86' lang='lat' dir='ltr'><strong>physiologiam</strong></span> <span class='ocrx_word' id='word_1_434' title='bbox 2983 2902 3265 2971; x_wconf 77' lang='lat' dir='ltr'><strong>expungit,</strong></span> <span class='ocrx_word' id='word_1_435' title='bbox 3319 2917 3446 2956; x_wconf 88' lang='lat' dir='ltr'><strong>vere</strong></span> <span class='ocrx_word' id='word_1_436' title='bbox 3477 2903 3594 2957; x_wconf 85' lang='lat' dir='ltr'><strong>dis-</strong></span> 
     </span>
    </p>
   </div>
   <div class='ocr_carea' id='block_1_61' title="bbox 2017 2989 3588 3064">
    <p class='ocr_par' dir='ltr' id='par_1_61' title="bbox 2017 2989 3588 3064">
     <span class='ocr_line' id='line_1_61' title="bbox 2017 2989 3588 3064; baseline 0.003 -20"><span class='ocrx_word' id='word_1_437' title='bbox 2017 2989 2300 3044; x_wconf 89' lang='lat' dir='ltr'><strong>solubilem</strong></span> <span class='ocrx_word' id='word_1_438' title='bbox 2355 2999 2408 3044; x_wconf 93' lang='lat' dir='ltr'><strong>et</strong></span> <span class='ocrx_word' id='word_1_439' title='bbox 2441 3004 2561 3059; x_wconf 66' lang='lat' dir='ltr'><strong>quae</strong></span> <span class='ocrx_word' id='word_1_440' title='bbox 2596 2990 2898 3045; x_wconf 87' lang='lat' dir='ltr'><strong>consistere</strong></span> <span class='ocrx_word' id='word_1_441' title='bbox 2937 2992 3163 3045; x_wconf 88' lang='lat' dir='ltr'><strong>omnino</strong></span> <span class='ocrx_word' id='word_1_442' title='bbox 3219 3007 3328 3047; x_wconf 91' lang='lat' dir='ltr'><strong>non</strong></span> <span class='ocrx_word' id='word_1_443' title='bbox 3389 3002 3588 3064; x_wconf 84' lang='lat' dir='ltr'><strong>potest,</strong></span> 
     </span>
    </p>
   </div>
   <div class='ocr_carea' id='block_1_62' title="bbox 2016 3080 3593 3151">
    <p class='ocr_par' dir='ltr' id='par_1_62' title="bbox 2016 3080 3593 3151">
     <span class='ocr_line' id='line_1_62' title="bbox 2016 3080 3593 3151; baseline 0.003 -16"><span class='ocrx_word' id='word_1_444' title='bbox 2016 3080 2402 3136; x_wconf 90' lang='lat' dir='ltr'><strong>demonstrans</strong></span> <span class='ocrx_word' id='word_1_445' title='bbox 2431 3081 2730 3136; x_wconf 87' lang='lat' dir='ltr'><strong>secundum</strong></span> <span class='ocrx_word' id='word_1_446' title='bbox 2771 3081 2893 3151; x_wconf 84' lang='lat' dir='ltr'><strong>ejus</strong></span> <span class='ocrx_word' id='word_1_447' title='bbox 2918 3097 3250 3139; x_wconf 86' lang='lat' dir='ltr'><strong>sermonem.</strong></span> <span class='ocrx_word' id='word_1_448' title='bbox 3283 3084 3593 3140; x_wconf 75' lang='lat' dir='ltr'><strong>Artiﬁciosa</strong></span> 
     </span>
    </p>
   </div>
   <div class='ocr_carea' id='block_1_63' title="bbox 330 3155 1912 3248">
    <p class='ocr_par' dir='ltr' id='par_1_63' title="bbox 330 3155 1912 3228">
     <span class='ocr_line' id='line_1_63' title="bbox 330 3155 1912 3228; baseline 0.003 -20"><span class='ocrx_word' id='word_1_449' title='bbox 330 3171 441 3208; x_wconf 86' lang='grc' dir='ltr'><strong>των</strong></span> <span class='ocrx_word' id='word_1_450' title='bbox 481 3155 684 3226; x_wconf 72' lang='grc' dir='ltr'>θεωρίᾳ</span> <span class='ocrx_word' id='word_1_451' title='bbox 716 3157 1061 3228; x_wconf 74' lang='grc' dir='ltr'>προὸιόάζων</span> <span class='ocrx_word' id='word_1_452' title='bbox 1090 3159 1179 3210; x_wconf 82' lang='grc' dir='ltr'>τὸν</span> <span class='ocrx_word' id='word_1_453' title='bbox 1207 3159 1385 3226; x_wconf 90' lang='grc' dir='ltr'>λόγον.</span> <span class='ocrx_word' id='word_1_454' title='bbox 1427 3159 1569 3228; x_wconf 86' lang='grc' dir='ltr'>Πρὸς</span> <span class='ocrx_word' id='word_1_455' title='bbox 1603 3159 1660 3212; x_wconf 82' lang='grc' dir='ltr'><strong>δν</strong></span> <span class='ocrx_word' id='word_1_456' title='bbox 1703 3161 1730 3211; x_wconf 90' lang='lat'><strong>6</strong></span> <span class='ocrx_word' id='word_1_457' title='bbox 1761 3160 1912 3213; x_wconf 74' lang='grc' dir='ltr'>Εὐνό-</span> 
     </span>
    </p>
   </div>
   <div class='ocr_carea' id='block_1_64' title="bbox 2015 3155 3591 3248">
    <p class='ocr_par' dir='ltr' id='par_1_64' title="bbox 2017 3174 3591 3248">
     <span class='ocr_line' id='line_1_64' title="bbox 2017 3174 3591 3248; baseline 0.003 -20"><span class='ocrx_word' id='word_1_458' title='bbox 2017 3185 2196 3229; x_wconf 88' lang='lat' dir='ltr'><strong>autem</strong></span> <span class='ocrx_word' id='word_1_459' title='bbox 2225 3175 2292 3230; x_wconf 90' lang='lat' dir='ltr'><strong>de</strong></span> <span class='ocrx_word' id='word_1_460' title='bbox 2317 3175 2367 3228; x_wconf 93' lang='lat' dir='ltr'><strong>vi</strong></span> <span class='ocrx_word' id='word_1_461' title='bbox 2403 3174 2458 3228; x_wconf 91' lang='lat' dir='ltr'><strong>in</strong></span> <span class='ocrx_word' id='word_1_462' title='bbox 2512 3175 2756 3230; x_wconf 90' lang='lat' dir='ltr'><strong>dictione</strong></span> <span class='ocrx_word' id='word_1_463' title='bbox 2816 3179 2994 3244; x_wconf 88' lang='lat' dir='ltr'><strong>posita</strong></span> <span class='ocrx_word' id='word_1_464' title='bbox 3053 3177 3294 3238; x_wconf 85' lang='lat' dir='ltr'><strong>disserit,</strong></span> <span class='ocrx_word' id='word_1_465' title='bbox 3328 3179 3591 3248; x_wconf 76' lang='lat' dir='ltr'><strong>exemplis</strong></span> 
     </span>
    </p>
   </div>
   <div class='ocr_carea' id='block_1_65' title="bbox 336 3247 1909 3325">
    <p class='ocr_par' dir='ltr' id='par_1_65' title="bbox 336 3247 1909 3325">
     <span class='ocr_line' id='line_1_65' title="bbox 336 3247 1909 3325; baseline 0.006 -26"><span class='ocrx_word' id='word_1_466' title='bbox 336 3263 482 3317; x_wconf 68' lang='grc' dir='ltr'>μιῆς.</span> <span class='ocrx_word' id='word_1_467' title='bbox 530 3247 618 3302; x_wconf 76' lang='grc' dir='ltr'><strong>διά</strong></span> <span class='ocrx_word' id='word_1_468' title='bbox 667 3250 764 3320; x_wconf 77' lang='grc' dir='ltr'>τῆς</span> <span class='ocrx_word' id='word_1_469' title='bbox 814 3250 1016 3319; x_wconf 83' lang='grc' dir='ltr'>σεμνῆς</span> <span class='ocrx_word' id='word_1_470' title='bbox 1061 3249 1264 3321; x_wconf 85' lang='grc' dir='ltr'>ταύτης</span> <span class='ocrx_word' id='word_1_471' title='bbox 1309 3250 1674 3325; x_wconf 82' lang='grc' dir='ltr'>λογογραφίας</span> <span class='ocrx_word' id='word_1_472' title='bbox 1719 3254 1909 3308; x_wconf 75' lang='grc' dir='ltr'>ἑαυτὸν</span> 
     </span>
    </p>
   </div>
   <div class='ocr_carea' id='block_1_66' title="bbox 330 3337 1911 3417">
    <p class='ocr_par' dir='ltr' id='par_1_66' title="bbox 330 3337 1911 3417">
     <span class='ocr_line' id='line_1_66' title="bbox 330 3337 1911 3417; baseline 0.006 -27"><span class='ocrx_word' id='word_1_473' title='bbox 330 3337 701 3410; x_wconf 80' lang='grc' dir='ltr'>ἀντεπαίρων,</span> <span class='ocrx_word' id='word_1_474' title='bbox 747 3340 998 3393; x_wconf 74' lang='grc' dir='ltr'>ἀναλύειν</span> <span class='ocrx_word' id='word_1_475' title='bbox 1047 3345 1318 3412; x_wconf 85' lang='grc' dir='ltr'>ἐπιχειρεῖ</span> <span class='ocrx_word' id='word_1_476' title='bbox 1363 3344 1432 3396; x_wconf 90' lang='grc' dir='ltr'><strong>τά</strong></span> <span class='ocrx_word' id='word_1_477' title='bbox 1476 3345 1602 3416; x_wconf 73' lang='grc' dir='ltr'>περὶ</span> <span class='ocrx_word' id='word_1_478' title='bbox 1649 3345 1749 3417; x_wconf 82' lang='grc' dir='ltr'>τῆς</span> <span class='ocrx_word' id='word_1_479' title='bbox 1797 3348 1911 3399; x_wconf 79' lang='grc' dir='ltr'>ἐπι-</span> 
     </span>
    </p>
   </div>
   <div class='ocr_carea' id='block_1_67' title="bbox 329 3429 1496 3507">
    <p class='ocr_par' dir='ltr' id='par_1_67' title="bbox 329 3429 1496 3507">
     <span class='ocr_line' id='line_1_67' title="bbox 329 3429 1496 3507; baseline 0.009 -23"><span class='ocrx_word' id='word_1_480' title='bbox 329 3429 483 3495; x_wconf 85' lang='grc' dir='ltr'>νοίας</span> <span class='ocrx_word' id='word_1_481' title='bbox 509 3432 909 3505; x_wconf 79' lang='grc' dir='ltr'>διηρθρωμένα,</span> <span class='ocrx_word' id='word_1_482' title='bbox 941 3434 1126 3488; x_wconf 88' lang='grc' dir='ltr'>τοῦτον</span> <span class='ocrx_word' id='word_1_483' title='bbox 1152 3435 1240 3490; x_wconf 81' lang='grc' dir='ltr'>τὸν</span> <span class='ocrx_word' id='word_1_484' title='bbox 1279 3436 1496 3507; x_wconf 82' lang='grc' dir='ltr'>τρόπον.</span> 
     </span>
    </p>
   </div>
   <div class='ocr_carea' id='block_1_68' title="bbox 407 3719 1906 3798">
    <p class='ocr_par' dir='ltr' id='par_1_68' title="bbox 407 3719 1906 3798">
     <span class='ocr_line' id='line_1_68' title="bbox 407 3719 1906 3798; baseline 0.005 -24"><span class='ocrx_word' id='word_1_485' title='bbox 407 3719 660 3788; x_wconf 79' lang='grc' dir='ltr'><strong>¹’Δμεινον</strong></span> <span class='ocrx_word' id='word_1_486' title='bbox 693 3722 749 3774; x_wconf 78' lang='grc' dir='ltr'>δὲ</span> <span class='ocrx_word' id='word_1_487' title='bbox 783 3723 912 3786; x_wconf 75' lang='grc' dir='ltr'>ἴσως</span> <span class='ocrx_word' id='word_1_488' title='bbox 946 3725 1070 3794; x_wconf 69' lang='grc' dir='ltr'>πρὶν</span> <span class='ocrx_word' id='word_1_489' title='bbox 1103 3724 1371 3781; x_wconf 85' lang='grc' dir='ltr'>διευθῦναι</span> <span class='ocrx_word' id='word_1_490' title='bbox 1417 3727 1484 3779; x_wconf 73' lang='grc' dir='ltr'><strong>τὰ</strong></span> <span class='ocrx_word' id='word_1_491' title='bbox 1516 3731 1870 3798; x_wconf 80' lang='grc' dir='ltr'>γεγραμμένα</span> <span class='ocrx_word' id='word_1_492' title='bbox 1891 3769 1906 3796; x_wconf 90' lang='grc'><strong>,</strong></span> 
     </span>
    </p>
   </div>
   <div class='ocr_carea' id='block_1_69' title="bbox 331 3813 1907 3888">
    <p class='ocr_par' dir='ltr' id='par_1_69' title="bbox 331 3813 1907 3888">
     <span class='ocr_line' id='line_1_69' title="bbox 331 3813 1907 3888; baseline 0.006 -24"><span class='ocrx_word' id='word_1_493' title='bbox 331 3815 424 3867; x_wconf 72' lang='grc' dir='ltr'><strong>τὸν</strong></span> <span class='ocrx_word' id='word_1_494' title='bbox 443 3813 642 3888; x_wconf 76' lang='grc' dir='ltr'>σκοπὸν</span> <span class='ocrx_word' id='word_1_495' title='bbox 672 3814 940 3880; x_wconf 80' lang='grc' dir='ltr'>ἐξετάσαι,</span> <span class='ocrx_word' id='word_1_496' title='bbox 965 3818 1015 3870; x_wconf 90' lang='grc' dir='ltr'><strong>τί</strong></span> <span class='ocrx_word' id='word_1_497' title='bbox 1037 3818 1355 3888; x_wconf 78' lang='grc' dir='ltr'>βουλόμενος</span> <span class='ocrx_word' id='word_1_498' title='bbox 1382 3819 1680 3888; x_wconf 61' lang='grc' dir='ltr'>ἀποφεύγει</span> <span class='ocrx_word' id='word_1_499' title='bbox 1705 3821 1764 3873; x_wconf 83' lang='grc' dir='ltr'><strong>τὸ</strong></span> <span class='ocrx_word' id='word_1_500' title='bbox 1789 3825 1907 3874; x_wconf 84' lang='grc' dir='ltr'>κατ’</span> 
     </span>
    </p>
   </div>
   <div class='ocr_carea' id='block_1_70' title="bbox 251 3909 1910 3983">
    <p class='ocr_par' dir='ltr' id='par_1_70' title="bbox 251 3909 1910 3983">
     <span class='ocr_line' id='line_1_70' title="bbox 251 3909 1910 3983; baseline 0.004 -25"><span class='ocrx_word' id='word_1_501' title='bbox 251 3921 264 3958; x_wconf 71' lang='grc' dir='ltr'><strong>ι</strong></span> <span class='ocrx_word' id='word_1_502' title='bbox 327 3909 576 3960; x_wconf 79' lang='grc' dir='ltr'>ἐπίνοιαν</span> <span class='ocrx_word' id='word_1_503' title='bbox 611 3909 952 3977; x_wconf 80' lang='grc' dir='ltr'>ἐπιλέγεσθαι</span> <span class='ocrx_word' id='word_1_504' title='bbox 1005 3910 1082 3980; x_wconf 82' lang='grc' dir='ltr'><strong>τῷ</strong></span> <span class='ocrx_word' id='word_1_505' title='bbox 1114 3912 1232 3982; x_wconf 84' lang='grc' dir='ltr'><strong>Θεῷ</strong></span> <span class='ocrx_word' id='word_1_506' title='bbox 1262 3912 1322 3964; x_wconf 82' lang='grc' dir='ltr'><strong>τὸ</strong></span> <span class='ocrx_word' id='word_1_507' title='bbox 1363 3912 1672 3983; x_wconf 77' lang='grc' dir='ltr'>ἀγέννητον.</span> <span class='ocrx_word' id='word_1_508' title='bbox 1724 3911 1910 3981; x_wconf 86' lang='grc' dir='ltr'>Δόγμα</span> 
     </span>
    </p>
   </div>
   <div class='ocr_carea' id='block_1_71' title="bbox 329 3997 1909 4073">
    <p class='ocr_par' dir='ltr' id='par_1_71' title="bbox 329 3997 1909 4073">
     <span class='ocr_line' id='line_1_71' title="bbox 329 3997 1909 4073; baseline 0.004 -25"><span class='ocrx_word' id='word_1_509' title='bbox 329 3997 513 4049; x_wconf 76' lang='grc' dir='ltr'>κοινὸν</span> <span class='ocrx_word' id='word_1_510' title='bbox 559 3999 650 4050; x_wconf 73' lang='grc' dir='ltr'>ἐπὶ</span> <span class='ocrx_word' id='word_1_511' title='bbox 688 4000 902 4053; x_wconf 78' lang='grc' dir='ltr'>πάντων</span> <span class='ocrx_word' id='word_1_512' title='bbox 943 4000 1051 4052; x_wconf 81' lang='grc' dir='ltr'>τῶν</span> <span class='ocrx_word' id='word_1_513' title='bbox 1104 4001 1585 4073; x_wconf 83' lang='grc' dir='ltr'>παραδεδεγμένων</span> <span class='ocrx_word' id='word_1_514' title='bbox 1631 4001 1721 4054; x_wconf 79' lang='grc' dir='ltr'>τὸν</span> <span class='ocrx_word' id='word_1_515' title='bbox 1756 4001 1909 4070; x_wconf 91' lang='grc' dir='ltr'>λόγον</span> 
     </span>
    </p>
   </div>
   <div class='ocr_carea' id='block_1_72' title="bbox 328 4089 1910 4162">
    <p class='ocr_par' dir='ltr' id='par_1_72' title="bbox 328 4089 1910 4162">
     <span class='ocr_line' id='line_1_72' title="bbox 328 4089 1910 4162; baseline 0.003 -23"><span class='ocrx_word' id='word_1_516' title='bbox 328 4089 431 4157; x_wconf 77' lang='grc' dir='ltr'>τῆς</span> <span class='ocrx_word' id='word_1_517' title='bbox 483 4089 763 4153; x_wconf 77' lang='grc' dir='ltr'>εὐσεϐείας</span> <span class='ocrx_word' id='word_1_518' title='bbox 803 4092 1109 4162; x_wconf 83' lang='grc' dir='ltr'>κεκράτηκε</span> <span class='ocrx_word' id='word_1_519' title='bbox 1130 4135 1144 4157; x_wconf 94' lang='grc'><strong>,</strong></span> <span class='ocrx_word' id='word_1_520' title='bbox 1195 4093 1256 4145; x_wconf 81' lang='grc' dir='ltr'><strong>τὸ</strong></span> <span class='ocrx_word' id='word_1_521' title='bbox 1284 4095 1464 4146; x_wconf 75' lang='grc' dir='ltr'>πᾶσαν</span> <span class='ocrx_word' id='word_1_522' title='bbox 1493 4095 1549 4145; x_wconf 76' lang='grc' dir='ltr'><strong>ἐν</strong></span> <span class='ocrx_word' id='word_1_523' title='bbox 1577 4091 1654 4162; x_wconf 81' lang='grc' dir='ltr'>τῷ</span> <span class='ocrx_word' id='word_1_524' title='bbox 1691 4091 1910 4162; x_wconf 82' lang='grc' dir='ltr'>Χριστῷ</span> 
     </span>
    </p>
   </div>
   <div class='ocr_carea' id='block_1_73' title="bbox 327 4181 1910 4254">
    <p class='ocr_par' dir='ltr' id='par_1_73' title="bbox 327 4181 1910 4254">
     <span class='ocr_line' id='line_1_73' title="bbox 327 4181 1910 4254; baseline 0.002 -22"><span class='ocrx_word' id='word_1_525' title='bbox 327 4181 430 4250; x_wconf 76' lang='grc' dir='ltr'>τὴν</span> <span class='ocrx_word' id='word_1_526' title='bbox 458 4181 646 4233; x_wconf 85' lang='grc' dir='ltr'>ἐλπίδα</span> <span class='ocrx_word' id='word_1_527' title='bbox 671 4183 768 4251; x_wconf 79' lang='grc' dir='ltr'>τῆς</span> <span class='ocrx_word' id='word_1_528' title='bbox 805 4184 1074 4254; x_wconf 87' lang='grc' dir='ltr'>σωτηρίας</span> <span class='ocrx_word' id='word_1_529' title='bbox 1105 4184 1213 4236; x_wconf 86' lang='grc' dir='ltr'>δεῖν</span> <span class='ocrx_word' id='word_1_530' title='bbox 1247 4183 1408 4252; x_wconf 76' lang='grc' dir='ltr'>ἔχειν.</span> <span class='ocrx_word' id='word_1_531' title='bbox 1458 4184 1544 4246; x_wconf 78' lang='grc' dir='ltr'>Ὠς</span> <span class='ocrx_word' id='word_1_532' title='bbox 1568 4183 1668 4236; x_wconf 86' lang='grc' dir='ltr'>οὑκ</span> <span class='ocrx_word' id='word_1_533' title='bbox 1705 4182 1910 4253; x_wconf 85' lang='grc' dir='ltr'>ἐνδεχό-</span> 
     </span>
    </p>
   </div>
   <div class='ocr_carea' id='block_1_74' title="bbox 333 4271 1908 4344">
    <p class='ocr_par' dir='ltr' id='par_1_74' title="bbox 333 4271 1908 4344">
     <span class='ocr_line' id='line_1_74' title="bbox 333 4271 1908 4344; baseline 0 -20"><span class='ocrx_word' id='word_1_534' title='bbox 333 4289 498 4341; x_wconf 86' lang='grc' dir='ltr'>μενον</span> <span class='ocrx_word' id='word_1_535' title='bbox 523 4272 694 4336; x_wconf 82' lang='grc' dir='ltr'>ἄλλως</span> <span class='ocrx_word' id='word_1_536' title='bbox 718 4275 773 4326; x_wconf 82' lang='grc' dir='ltr'><strong>ἐν</strong></span> <span class='ocrx_word' id='word_1_537' title='bbox 796 4274 1016 4341; x_wconf 83' lang='grc' dir='ltr'>ἀγαθοῖς</span> <span class='ocrx_word' id='word_1_538' title='bbox 1041 4273 1312 4342; x_wconf 82' lang='grc' dir='ltr'>γενέσθαι,</span> <span class='ocrx_word' id='word_1_539' title='bbox 1342 4272 1414 4344; x_wconf 81' lang='grc' dir='ltr'><strong>μὴ</strong></span> <span class='ocrx_word' id='word_1_540' title='bbox 1444 4273 1541 4342; x_wconf 77' lang='grc' dir='ltr'><strong>τῆς</strong></span> <span class='ocrx_word' id='word_1_541' title='bbox 1569 4274 1645 4335; x_wconf 87' lang='grc' dir='ltr'><strong>είς</strong></span> <span class='ocrx_word' id='word_1_542' title='bbox 1676 4271 1908 4342; x_wconf 77' lang='grc' dir='ltr'>Χριστὸν</span> 
     </span>
    </p>
   </div>
   <div class='ocr_carea' id='block_1_75' title="bbox 329 4362 1908 4434">
    <p class='ocr_par' dir='ltr' id='par_1_75' title="bbox 329 4362 1908 4434">
     <span class='ocr_line' id='line_1_75' title="bbox 329 4362 1908 4434; baseline 0.001 -20"><span class='ocrx_word' id='word_1_543' title='bbox 329 4362 568 4425; x_wconf 83' lang='grc' dir='ltr'>πίστεως</span> <span class='ocrx_word' id='word_1_544' title='bbox 604 4364 980 4434; x_wconf 80' lang='grc' dir='ltr'>παρεχομένης</span> <span class='ocrx_word' id='word_1_545' title='bbox 1010 4365 1069 4416; x_wconf 79' lang='grc' dir='ltr'>τὸ</span> <span class='ocrx_word' id='word_1_546' title='bbox 1113 4365 1563 4433; x_wconf 80' lang='grc' dir='ltr'>σπουδαζόμενον.</span> <span class='ocrx_word' id='word_1_547' title='bbox 1599 4363 1814 4432; x_wconf 83' lang='grc' dir='ltr'>Ταύτης</span> <span class='ocrx_word' id='word_1_548' title='bbox 1851 4364 1908 4416; x_wconf 83' lang='grc' dir='ltr'>δὲ</span> 
     </span>
    </p>
   </div>
   <div class='ocr_carea' id='block_1_76' title="bbox 330 4453 1908 4525">
    <p class='ocr_par' dir='ltr' id='par_1_76' title="bbox 330 4453 1908 4525">
     <span class='ocr_line' id='line_1_76' title="bbox 330 4453 1908 4525; baseline 0.001 -20"><span class='ocrx_word' id='word_1_549' title='bbox 330 4454 430 4521; x_wconf 78' lang='grc' dir='ltr'>τῆς</span> <span class='ocrx_word' id='word_1_550' title='bbox 461 4453 696 4517; x_wconf 87' lang='grc' dir='ltr'>διανοίας</span> <span class='ocrx_word' id='word_1_551' title='bbox 729 4455 938 4523; x_wconf 87' lang='grc' dir='ltr'>παγίως</span> <span class='ocrx_word' id='word_1_552' title='bbox 962 4459 1081 4518; x_wconf 84' lang='grc' dir='ltr'>ταῖς</span> <span class='ocrx_word' id='word_1_553' title='bbox 1106 4456 1303 4525; x_wconf 72' lang='grc' dir='ltr'>ψυχαῖς</span> <span class='ocrx_word' id='word_1_554' title='bbox 1333 4455 1438 4508; x_wconf 83' lang='grc' dir='ltr'>τῶν</span> <span class='ocrx_word' id='word_1_555' title='bbox 1468 4455 1908 4508; x_wconf 85' lang='grc' dir='ltr'>πεπιστευκότων</span> 
     </span>
    </p>
   </div>
   <div class='ocr_carea' id='block_1_77' title="bbox 2017 3265 3589 3335">
    <p class='ocr_par' dir='ltr' id='par_1_77' title="bbox 2017 3265 3589 3335">
     <span class='ocr_line' id='line_1_77' title="bbox 2017 3265 3589 3335; baseline 0 -15"><span class='ocrx_word' id='word_1_556' title='bbox 2017 3267 2162 3320; x_wconf 85' lang='lat' dir='ltr'><strong>notis</strong></span> <span class='ocrx_word' id='word_1_557' title='bbox 2190 3283 2204 3330; x_wconf 89' lang='lat'><strong>;</strong></span> <span class='ocrx_word' id='word_1_558' title='bbox 2233 3279 2297 3319; x_wconf 92' lang='lat' dir='ltr'><strong>ac</strong></span> <span class='ocrx_word' id='word_1_559' title='bbox 2327 3280 2421 3334; x_wconf 91' lang='lat' dir='ltr'><strong>per</strong></span> <span class='ocrx_word' id='word_1_560' title='bbox 2449 3265 2767 3334; x_wconf 87' lang='lat' dir='ltr'><strong>dogmatum</strong></span> <span class='ocrx_word' id='word_1_561' title='bbox 2813 3267 3240 3335; x_wconf 88' lang='lat' dir='ltr'><strong>speculationem</strong></span> <span class='ocrx_word' id='word_1_562' title='bbox 3284 3281 3589 3320; x_wconf 88' lang='lat' dir='ltr'><strong>sermonem</strong></span> 
     </span>
    </p>
   </div>
   <div class='ocr_carea' id='block_1_78' title="bbox 2014 3353 3590 3424">
    <p class='ocr_par' dir='ltr' id='par_1_78' title="bbox 2014 3353 3590 3424">
     <span class='ocr_line' id='line_1_78' title="bbox 2014 3353 3590 3424; baseline 0.001 -18"><span class='ocrx_word' id='word_1_563' title='bbox 2014 3353 2286 3424; x_wconf 88' lang='lat' dir='ltr'><strong>producit.</strong></span> <span class='ocrx_word' id='word_1_564' title='bbox 2327 3354 2528 3407; x_wconf 90' lang='lat' dir='ltr'><strong>Contra</strong></span> <span class='ocrx_word' id='word_1_565' title='bbox 2559 3370 2719 3423; x_wconf 90' lang='lat' dir='ltr'><strong>quem</strong></span> <span class='ocrx_word' id='word_1_566' title='bbox 2755 3353 3072 3418; x_wconf 89' lang='lat' dir='ltr'><strong>Eunomius,</strong></span> <span class='ocrx_word' id='word_1_567' title='bbox 3109 3372 3206 3424; x_wconf 90' lang='lat' dir='ltr'><strong>per</strong></span> <span class='ocrx_word' id='word_1_568' title='bbox 3243 3359 3384 3410; x_wconf 91' lang='lat' dir='ltr'><strong>hanc</strong></span> <span class='ocrx_word' id='word_1_569' title='bbox 3423 3371 3590 3410; x_wconf 87' lang='lat' dir='ltr'><strong>vene-</strong></span> 
     </span>
    </p>
   </div>
   <div class='ocr_carea' id='block_1_79' title="bbox 2015 3445 3587 3519">
    <p class='ocr_par' dir='ltr' id='par_1_79' title="bbox 2015 3445 3587 3519">
     <span class='ocr_line' id='line_1_79' title="bbox 2015 3445 3587 3519; baseline -0.003 -17"><span class='ocrx_word' id='word_1_570' title='bbox 2015 3446 2242 3519; x_wconf 86' lang='lat' dir='ltr'><strong>randam</strong></span> <span class='ocrx_word' id='word_1_571' title='bbox 2273 3460 2585 3501; x_wconf 89' lang='lat' dir='ltr'><strong>sermonum</strong></span> <span class='ocrx_word' id='word_1_572' title='bbox 2626 3445 2980 3514; x_wconf 85' lang='lat' dir='ltr'><strong>seriptionem</strong></span> <span class='ocrx_word' id='word_1_573' title='bbox 3042 3448 3280 3514; x_wconf 90' lang='lat' dir='ltr'><strong>seipsum</strong></span> <span class='ocrx_word' id='word_1_574' title='bbox 3336 3445 3587 3507; x_wconf 71' lang='lat' dir='ltr'><strong>ell‘erens,</strong></span> 
     </span>
    </p>
   </div>
   <div class='ocr_carea' id='block_1_80' title="bbox 2015 3536 3587 3609">
    <p class='ocr_par' dir='ltr' id='par_1_80' title="bbox 2015 3536 3587 3609">
     <span class='ocr_line' id='line_1_80' title="bbox 2015 3536 3587 3609; baseline -0.003 -16"><span class='ocrx_word' id='word_1_575' title='bbox 2015 3555 2136 3609; x_wconf 76' lang='lat' dir='ltr'><strong>qua:</strong></span> <span class='ocrx_word' id='word_1_576' title='bbox 2193 3538 2261 3592; x_wconf 87' lang='lat' dir='ltr'><strong>de</strong></span> <span class='ocrx_word' id='word_1_577' title='bbox 2314 3537 2776 3592; x_wconf 89' lang='lat' dir='ltr'><strong>commentatione</strong></span> <span class='ocrx_word' id='word_1_578' title='bbox 2821 3537 3060 3591; x_wconf 89' lang='lat' dir='ltr'><strong>dilucide</strong></span> <span class='ocrx_word' id='word_1_579' title='bbox 3115 3544 3243 3592; x_wconf 88' lang='lat' dir='ltr'><strong>sunt</strong></span> <span class='ocrx_word' id='word_1_580' title='bbox 3298 3536 3587 3607; x_wconf 86' lang='lat' dir='ltr'><strong>explicata,</strong></span> 
     </span>
    </p>
   </div>
   <div class='ocr_carea' id='block_1_81' title="bbox 2015 3629 3128 3686">
    <p class='ocr_par' dir='ltr' id='par_1_81' title="bbox 2015 3629 3128 3686">
     <span class='ocr_line' id='line_1_81' title="bbox 2015 3629 3128 3686; baseline -0.004 0"><span class='ocrx_word' id='word_1_581' title='bbox 2015 3631 2316 3686; x_wconf 87' lang='lat' dir='ltr'><strong>dissolvere</strong></span> <span class='ocrx_word' id='word_1_582' title='bbox 2347 3637 2580 3684; x_wconf 90' lang='lat' dir='ltr'><strong>conatur</strong></span> <span class='ocrx_word' id='word_1_583' title='bbox 2607 3629 2672 3683; x_wconf 91' lang='lat' dir='ltr'><strong>ad</strong></span> <span class='ocrx_word' id='word_1_584' title='bbox 2705 3630 2848 3683; x_wconf 90' lang='lat' dir='ltr'><strong>hunc</strong></span> <span class='ocrx_word' id='word_1_585' title='bbox 2887 3629 3128 3682; x_wconf 91' lang='lat' dir='ltr'><strong>modum.</strong></span> 
     </span>
    </p>
   </div>
   <div class='ocr_carea' id='block_1_82' title="bbox 2089 3719 3588 3792">
    <p class='ocr_par' dir='ltr' id='par_1_82' title="bbox 2089 3719 3588 3792">
     <span class='ocr_line' id='line_1_82' title="bbox 2089 3719 3588 3792; baseline -0.002 -17"><span class='ocrx_word' id='word_1_586' title='bbox 2089 3723 2192 3777; x_wconf 81' lang='lat' dir='ltr'><strong>Sed</strong></span> <span class='ocrx_word' id='word_1_587' title='bbox 2227 3729 2450 3792; x_wconf 56' lang='lat' dir='ltr'><strong>prastat</strong></span> <span class='ocrx_word' id='word_1_588' title='bbox 2476 3721 2709 3774; x_wconf 88' lang='lat' dir='ltr'><strong>fortasse</strong></span> <span class='ocrx_word' id='word_1_589' title='bbox 2729 3721 3048 3790; x_wconf 86' lang='lat' dir='ltr'><strong>priusquam</strong></span> <span class='ocrx_word' id='word_1_590' title='bbox 3079 3735 3201 3789; x_wconf 80' lang='lat' dir='ltr'><strong>quae</strong></span> <span class='ocrx_word' id='word_1_591' title='bbox 3229 3729 3360 3774; x_wconf 84' lang='lat' dir='ltr'><strong>sunt</strong></span> <span class='ocrx_word' id='word_1_592' title='bbox 3384 3719 3588 3790; x_wconf 81' lang='lat' dir='ltr'><strong>scripta</strong></span> 
     </span>
    </p>
   </div>
   <div class='ocr_carea' id='block_1_83' title="bbox 2016 3810 3587 3880">
    <p class='ocr_par' dir='ltr' id='par_1_83' title="bbox 2016 3810 3587 3880">
     <span class='ocr_line' id='line_1_83' title="bbox 2016 3810 3587 3880; baseline -0.003 -14"><span class='ocrx_word' id='word_1_593' title='bbox 2016 3812 2083 3866; x_wconf 91' lang='lat' dir='ltr'><strong>ad</strong></span> <span class='ocrx_word' id='word_1_594' title='bbox 2133 3827 2377 3866; x_wconf 89' lang='lat' dir='ltr'><strong>normam</strong></span> <span class='ocrx_word' id='word_1_595' title='bbox 2433 3812 2743 3880; x_wconf 79' lang='lat' dir='ltr'><strong>exigantur,</strong></span> <span class='ocrx_word' id='word_1_596' title='bbox 2807 3824 3033 3878; x_wconf 88' lang='lat' dir='ltr'><strong>scopum</strong></span> <span class='ocrx_word' id='word_1_597' title='bbox 3089 3810 3428 3872; x_wconf 77' lang='lat' dir='ltr'><strong>examinare,</strong></span> <span class='ocrx_word' id='word_1_598' title='bbox 3481 3825 3587 3878; x_wconf 88' lang='lat' dir='ltr'><strong>qua</strong></span> 
     </span>
    </p>
   </div>
   <div class='ocr_carea' id='block_1_84' title="bbox 2015 3898 3639 3972">
    <p class='ocr_par' dir='ltr' id='par_1_84' title="bbox 2015 3898 3639 3972">
     <span class='ocr_line' id='line_1_84' title="bbox 2015 3898 3639 3972; baseline -0.004 -14"><span class='ocrx_word' id='word_1_599' title='bbox 2015 3911 2195 3959; x_wconf 88' lang='lat' dir='ltr'><strong>mente</strong></span> <span class='ocrx_word' id='word_1_600' title='bbox 2222 3903 2358 3972; x_wconf 87' lang='lat' dir='ltr'><strong>fugit</strong></span> <span class='ocrx_word' id='word_1_601' title='bbox 2390 3902 2616 3972; x_wconf 89' lang='lat' dir='ltr'><strong>ingeniti</strong></span> <span class='ocrx_word' id='word_1_602' title='bbox 2663 3917 2862 3956; x_wconf 89' lang='lat' dir='ltr'><strong>nomen</strong></span> <span class='ocrx_word' id='word_1_603' title='bbox 2895 3900 2962 3955; x_wconf 90' lang='lat' dir='ltr'><strong>de</strong></span> <span class='ocrx_word' id='word_1_604' title='bbox 3023 3899 3131 3953; x_wconf 86' lang='lat' dir='ltr'><strong>Deo</strong></span> <span class='ocrx_word' id='word_1_605' title='bbox 3166 3899 3273 3954; x_wconf 87' lang='lat' dir='ltr'><strong>dici</strong></span> <span class='ocrx_word' id='word_1_606' title='bbox 3325 3901 3445 3952; x_wconf 84' lang='grc' dir='ltr'>κατ’</span> <span class='ocrx_word' id='word_1_607' title='bbox 3475 3900 3587 3953; x_wconf 67' lang='grc' dir='ltr'>ἐπί.</span> <span class='ocrx_word' id='word_1_608' title='bbox 3625 3898 3639 3952; x_wconf 84' lang='grc' dir='ltr'><strong>Ι</strong></span> 
     </span>
    </p>
   </div>
   <div class='ocr_carea' id='block_1_85' title="bbox 2013 3990 3585 4061">
    <p class='ocr_par' dir='ltr' id='par_1_85' title="bbox 2013 3990 3585 4061">
     <span class='ocr_line' id='line_1_85' title="bbox 2013 3990 3585 4061; baseline -0.002 -12"><span class='ocrx_word' id='word_1_609' title='bbox 2013 4013 2183 4060; x_wconf 91' lang='grc' dir='ltr'>νοιαν,</span> <span class='ocrx_word' id='word_1_610' title='bbox 2217 3996 2266 4049; x_wconf 91' lang='lat' dir='ltr'><strong>id</strong></span> <span class='ocrx_word' id='word_1_611' title='bbox 2297 4002 2402 4061; x_wconf 87' lang='lat' dir='ltr'><strong>est,</strong></span> <span class='ocrx_word' id='word_1_612' title='bbox 2431 4010 2494 4050; x_wconf 83' lang='lat' dir='ltr'><strong>ex</strong></span> <span class='ocrx_word' id='word_1_613' title='bbox 2527 3993 2727 4049; x_wconf 88' lang='lat' dir='ltr'><strong>mentis</strong></span> <span class='ocrx_word' id='word_1_614' title='bbox 2757 3992 3240 4047; x_wconf 87' lang='lat' dir='ltr'><strong>commentatione.</strong></span> <span class='ocrx_word' id='word_1_615' title='bbox 3286 3990 3446 4046; x_wconf 87' lang='lat' dir='ltr'><strong>Fides</strong></span> <span class='ocrx_word' id='word_1_616' title='bbox 3474 3991 3585 4046; x_wconf 66' lang='lat' dir='ltr'><strong>haec</strong></span> 
     </span>
    </p>
   </div>
   <div class='ocr_carea' id='block_1_86' title="bbox 2015 4083 3588 4154">
    <p class='ocr_par' dir='ltr' id='par_1_86' title="bbox 2015 4083 3588 4154">
     <span class='ocr_line' id='line_1_86' title="bbox 2015 4083 3588 4154; baseline -0.004 -11"><span class='ocrx_word' id='word_1_617' title='bbox 2015 4087 2324 4143; x_wconf 90' lang='lat' dir='ltr'><strong>communis</strong></span> <span class='ocrx_word' id='word_1_618' title='bbox 2382 4087 2434 4140; x_wconf 94' lang='lat' dir='ltr'><strong>in</strong></span> <span class='ocrx_word' id='word_1_619' title='bbox 2498 4085 2754 4140; x_wconf 89' lang='lat' dir='ltr'><strong>omnibus</strong></span> <span class='ocrx_word' id='word_1_620' title='bbox 2813 4083 2906 4154; x_wconf 90' lang='lat' dir='ltr'><strong>qui</strong></span> <span class='ocrx_word' id='word_1_621' title='bbox 2963 4084 3191 4138; x_wconf 90' lang='lat' dir='ltr'><strong>verbum</strong></span> <span class='ocrx_word' id='word_1_622' title='bbox 3261 4097 3588 4152; x_wconf 76' lang='lat' dir='ltr'><strong>acceperunt</strong></span> 
     </span>
    </p>
   </div>
   <div class='ocr_carea' id='block_1_87' title="bbox 2024 4168 3589 4250">
    <p class='ocr_par' dir='ltr' id='par_1_87' title="bbox 2024 4168 3589 4250">
     <span class='ocr_line' id='line_1_87' title="bbox 2024 4168 3589 4250; baseline -0.004 -19"><span class='ocrx_word' id='word_1_623' title='bbox 2024 4180 2245 4250; x_wconf 90' lang='lat' dir='ltr'><strong>pietatis</strong></span> <span class='ocrx_word' id='word_1_624' title='bbox 2275 4177 2580 4247; x_wconf 72' lang='lat' dir='ltr'><strong>prtevaluit,</strong></span> <span class='ocrx_word' id='word_1_625' title='bbox 2613 4168 2830 4228; x_wconf 91' lang='lat' dir='ltr'><strong>omnem</strong></span> <span class='ocrx_word' id='word_1_626' title='bbox 2863 4173 3056 4228; x_wconf 89' lang='lat' dir='ltr'><strong>salutis</strong></span> <span class='ocrx_word' id='word_1_627' title='bbox 3087 4188 3236 4242; x_wconf 68' lang='lat' dir='ltr'><strong>spem</strong></span> <span class='ocrx_word' id='word_1_628' title='bbox 3273 4173 3328 4226; x_wconf 93' lang='lat' dir='ltr'><strong>in</strong></span> <span class='ocrx_word' id='word_1_629' title='bbox 3368 4172 3589 4227; x_wconf 79' lang='lat' dir='ltr'><strong>Christo</strong></span> 
     </span>
    </p>
   </div>
   <div class='ocr_carea' id='block_1_88' title="bbox 2018 4261 3586 4332">
    <p class='ocr_par' dir='ltr' id='par_1_88' title="bbox 2018 4261 3586 4332">
     <span class='ocr_line' id='line_1_88' title="bbox 2018 4261 3586 4332; baseline -0.003 -11"><span class='ocrx_word' id='word_1_630' title='bbox 2018 4267 2318 4322; x_wconf 84' lang='lat' dir='ltr'><strong>habendam</strong></span> <span class='ocrx_word' id='word_1_631' title='bbox 2387 4280 2531 4320; x_wconf 89' lang='lat' dir='ltr'><strong>esse.</strong></span> <span class='ocrx_word' id='word_1_632' title='bbox 2596 4261 2751 4328; x_wconf 83' lang='lat' dir='ltr'><strong>Quod</strong></span> <span class='ocrx_word' id='word_1_633' title='bbox 2821 4278 2929 4316; x_wconf 91' lang='lat' dir='ltr'><strong>non</strong></span> <span class='ocrx_word' id='word_1_634' title='bbox 2989 4263 3269 4332; x_wconf 85' lang='lat' dir='ltr'><strong>contingat</strong></span> <span class='ocrx_word' id='word_1_635' title='bbox 3329 4262 3486 4315; x_wconf 89' lang='lat' dir='ltr'><strong>aliter</strong></span> <span class='ocrx_word' id='word_1_636' title='bbox 3533 4263 3586 4316; x_wconf 91' lang='lat' dir='ltr'><strong>in</strong></span> 
     </span>
    </p>
   </div>
   <div class='ocr_carea' id='block_1_89' title="bbox 2016 4352 3587 4423">
    <p class='ocr_par' dir='ltr' id='par_1_89' title="bbox 2016 4352 3587 4423">
     <span class='ocr_line' id='line_1_89' title="bbox 2016 4352 3587 4423; baseline -0.004 -9"><span class='ocrx_word' id='word_1_637' title='bbox 2016 4359 2173 4414; x_wconf 87' lang='lat' dir='ltr'><strong>bonis</strong></span> <span class='ocrx_word' id='word_1_638' title='bbox 2203 4372 2347 4423; x_wconf 88' lang='lat' dir='ltr'><strong>esse,</strong></span> <span class='ocrx_word' id='word_1_639' title='bbox 2383 4356 2436 4410; x_wconf 93' lang='lat' dir='ltr'><strong>id</strong></span> <span class='ocrx_word' id='word_1_640' title='bbox 2462 4364 2566 4420; x_wconf 88' lang='lat' dir='ltr'><strong>est,</strong></span> <span class='ocrx_word' id='word_1_641' title='bbox 2598 4362 2855 4409; x_wconf 83' lang='lat' dir='ltr'><strong>aeternam</strong></span> <span class='ocrx_word' id='word_1_642' title='bbox 2890 4352 3202 4408; x_wconf 82' lang='lat' dir='ltr'><strong>felicitatem</strong></span> <span class='ocrx_word' id='word_1_643' title='bbox 3243 4352 3495 4422; x_wconf 84' lang='lat' dir='ltr'><strong>adipisci,</strong></span> <span class='ocrx_word' id='word_1_644' title='bbox 3540 4355 3587 4409; x_wconf 86' lang='lat' dir='ltr'><strong>si</strong></span> 
     </span>
    </p>
   </div>
   <div class='ocr_carea' id='block_1_90' title="bbox 2016 4442 3585 4514">
    <p class='ocr_par' dir='ltr' id='par_1_90' title="bbox 2016 4442 3585 4514">
     <span class='ocr_line' id='line_1_90' title="bbox 2016 4442 3585 4514; baseline -0.006 -11"><span class='ocrx_word' id='word_1_645' title='bbox 2016 4449 2070 4504; x_wconf 90' lang='lat' dir='ltr'><strong>in</strong></span> <span class='ocrx_word' id='word_1_646' title='bbox 2097 4448 2374 4504; x_wconf 85' lang='lat' dir='ltr'><strong>Christum</strong></span> <span class='ocrx_word' id='word_1_647' title='bbox 2403 4447 2534 4501; x_wconf 89' lang='lat' dir='ltr'><strong>ﬁdes</strong></span> <span class='ocrx_word' id='word_1_648' title='bbox 2563 4461 2669 4500; x_wconf 88' lang='lat' dir='ltr'><strong>non</strong></span> <span class='ocrx_word' id='word_1_649' title='bbox 2703 4443 2935 4514; x_wconf 70' lang='lat' dir='ltr'><strong>prmbeat</strong></span> <span class='ocrx_word' id='word_1_650' title='bbox 2961 4443 3103 4512; x_wconf 92' lang='lat' dir='ltr'><strong>quod</strong></span> <span class='ocrx_word' id='word_1_651' title='bbox 3129 4444 3420 4512; x_wconf 81' lang='lat' dir='ltr'><strong>expetitur.</strong></span> <span class='ocrx_word' id='word_1_652' title='bbox 3451 4442 3585 4496; x_wconf 88' lang='lat' dir='ltr'><strong>Cum</strong></span> 
     </span>
    </p>
   </div>
   <div class='ocr_carea' id='block_1_91' title="bbox 331 4523 1912 4617">
    <p class='ocr_par' dir='ltr' id='par_1_91' title="bbox 331 4523 1912 4617">
     <span class='ocr_line' id='line_1_91' title="bbox 331 4523 1912 4617; baseline 0 -20"><span class='ocrx_word' id='word_1_653' title='bbox 331 4545 750 4614; x_wconf 80' lang='grc' dir='ltr'>ἐρηρεισμένης,</span> <span class='ocrx_word' id='word_1_654' title='bbox 794 4547 883 4598; x_wconf 71' lang='grc' dir='ltr'>καὶ</span> <span class='ocrx_word' id='word_1_655' title='bbox 912 4546 1088 4616; x_wconf 78' lang='grc' dir='ltr'>πάσης</span> <span class='ocrx_word' id='word_1_656' title='bbox 1115 4523 1278 4617; x_wconf 78' lang='grc' dir='ltr'>τιμῆς</span> <span class='ocrx_word' id='word_1_657' title='bbox 1308 4564 1368 4598; x_wconf 86' lang='grc' dir='ltr'><strong>τε</strong></span> <span class='ocrx_word' id='word_1_658' title='bbox 1399 4549 1492 4600; x_wconf 71' lang='grc' dir='ltr'>καὶ</span> <span class='ocrx_word' id='word_1_659' title='bbox 1536 4545 1790 4616; x_wconf 87' lang='grc' dir='ltr'>λατρείας</span> <span class='ocrx_word' id='word_1_660' title='bbox 1817 4545 1912 4598; x_wconf 72' lang='grc' dir='ltr'>καὶ</span> 
     </span>
    </p>
   </div>
   <div class='ocr_carea' id='block_1_92' title="bbox 2015 4523 3587 4617">
    <p class='ocr_par' dir='ltr' id='par_1_92' title="bbox 2015 4535 3587 4597">
     <span class='ocr_line' id='line_1_92' title="bbox 2015 4535 3587 4597; baseline -0.006 -1"><span class='ocrx_word' id='word_1_661' title='bbox 2015 4552 2195 4597; x_wconf 88' lang='lat' dir='ltr'><strong>autem</strong></span> <span class='ocrx_word' id='word_1_662' title='bbox 2238 4541 2352 4595; x_wconf 67' lang='lat' dir='ltr'><strong>haec</strong></span> <span class='ocrx_word' id='word_1_663' title='bbox 2391 4539 2659 4595; x_wconf 85' lang='lat' dir='ltr'><strong>sententia</strong></span> <span class='ocrx_word' id='word_1_664' title='bbox 2717 4537 2942 4592; x_wconf 87' lang='lat' dir='ltr'><strong>ﬁrmiter</strong></span> <span class='ocrx_word' id='word_1_665' title='bbox 2988 4536 3326 4590; x_wconf 80' lang='lat' dir='ltr'><strong>credentium</strong></span> <span class='ocrx_word' id='word_1_666' title='bbox 3390 4535 3587 4588; x_wconf 80' lang='lat' dir='ltr'><strong>animis</strong></span> 
     </span>
    </p>
   </div>
   <div class='ocr_carea' id='block_1_93' title="bbox 330 4635 1914 4708">
    <p class='ocr_par' dir='ltr' id='par_1_93' title="bbox 330 4635 1914 4708">
     <span class='ocr_line' id='line_1_93' title="bbox 330 4635 1914 4708; baseline 0.001 -21"><span class='ocrx_word' id='word_1_667' title='bbox 330 4635 492 4704; x_wconf 79' lang='grc' dir='ltr'>δόξης</span> <span class='ocrx_word' id='word_1_668' title='bbox 514 4635 588 4704; x_wconf 79' lang='grc' dir='ltr'><strong>τῷ</strong></span> <span class='ocrx_word' id='word_1_669' title='bbox 616 4639 890 4704; x_wconf 82' lang='grc' dir='ltr'>μονογενεῖ</span> <span class='ocrx_word' id='word_1_670' title='bbox 909 4637 1024 4708; x_wconf 76' lang='grc' dir='ltr'><strong>Θεῷ</strong></span> <span class='ocrx_word' id='word_1_671' title='bbox 1057 4639 1203 4708; x_wconf 77' lang='grc' dir='ltr'>παρὰ</span> <span class='ocrx_word' id='word_1_672' title='bbox 1233 4639 1447 4691; x_wconf 82' lang='grc' dir='ltr'>πάντων</span> <span class='ocrx_word' id='word_1_673' title='bbox 1472 4638 1545 4701; x_wconf 82' lang='grc' dir='ltr'>ὡς</span> <span class='ocrx_word' id='word_1_674' title='bbox 1571 4636 1795 4708; x_wconf 83' lang='grc' dir='ltr'>ἀρχηγῷ</span> <span class='ocrx_word' id='word_1_675' title='bbox 1816 4637 1914 4708; x_wconf 80' lang='grc' dir='ltr'>τῆς</span> 
     </span>
    </p>
   </div>
   <div class='ocr_carea' id='block_1_94' title="bbox 332 4728 1910 4801">
    <p class='ocr_par' dir='ltr' id='par_1_94' title="bbox 332 4728 1910 4801">
     <span class='ocr_line' id='line_1_94' title="bbox 332 4728 1910 4801; baseline 0.001 -21"><span class='ocrx_word' id='word_1_676' title='bbox 332 4728 484 4797; x_wconf 77' lang='grc' dir='ltr'>ζωῆς</span> <span class='ocrx_word' id='word_1_677' title='bbox 512 4730 895 4799; x_wconf 81' lang='grc' dir='ltr'>ἀνακειμένης,</span> <span class='ocrx_word' id='word_1_678' title='bbox 929 4731 1008 4799; x_wconf 84' lang='grc' dir='ltr'>τῷ</span> <span class='ocrx_word' id='word_1_679' title='bbox 1039 4731 1276 4784; x_wconf 78' lang='grc' dir='ltr'>ποιοῦντι</span> <span class='ocrx_word' id='word_1_680' title='bbox 1306 4732 1375 4785; x_wconf 79' lang='grc' dir='ltr'><strong>τὰ</strong></span> <span class='ocrx_word' id='word_1_681' title='bbox 1398 4731 1487 4784; x_wconf 89' lang='grc' dir='ltr'><strong>τοῦ</strong></span> <span class='ocrx_word' id='word_1_682' title='bbox 1514 4731 1725 4801; x_wconf 80' lang='grc' dir='ltr'>Πατρδς</span> <span class='ocrx_word' id='word_1_683' title='bbox 1756 4730 1910 4800; x_wconf 78' lang='grc' dir='ltr'>ἔργα,</span> 
     </span>
    </p>
   </div>
   <div class='ocr_carea' id='block_1_95' title="bbox 333 4819 1914 4892">
    <p class='ocr_par' dir='ltr' id='par_1_95' title="bbox 333 4819 1914 4892">
     <span class='ocr_line' id='line_1_95' title="bbox 333 4819 1914 4892; baseline 0.001 -21"><span class='ocrx_word' id='word_1_684' title='bbox 333 4819 520 4882; x_wconf 82' lang='grc' dir='ltr'>καθὼς</span> <span class='ocrx_word' id='word_1_685' title='bbox 555 4821 713 4883; x_wconf 76' lang='grc' dir='ltr'>αὐτὸς</span> <span class='ocrx_word' id='word_1_686' title='bbox 743 4822 770 4872; x_wconf 92' lang='lat'><strong>6</strong></span> <span class='ocrx_word' id='word_1_687' title='bbox 818 4820 1018 4892; x_wconf 83' lang='grc' dir='ltr'>Κύριος</span> <span class='ocrx_word' id='word_1_688' title='bbox 1055 4824 1113 4874; x_wconf 85' lang='grc' dir='ltr'><strong>ἐν</strong></span> <span class='ocrx_word' id='word_1_689' title='bbox 1144 4823 1222 4892; x_wconf 82' lang='grc' dir='ltr'><strong>τῷ</strong></span> <span class='ocrx_word' id='word_1_690' title='bbox 1258 4821 1574 4892; x_wconf 81' lang='grc' dir='ltr'>Εὐαγγελίῳ</span> <span class='ocrx_word' id='word_1_691' title='bbox 1622 4821 1788 4890; x_wconf 74' lang='grc' dir='ltr'>φησὶ,</span> <span class='ocrx_word' id='word_1_692' title='bbox 1820 4821 1914 4872; x_wconf 74' lang='grc' dir='ltr'>καὶ</span> 
     </span>
    </p>
   </div>
   <div class='ocr_carea' id='block_1_96' title="bbox 337 4910 1913 4984">
    <p class='ocr_par' dir='ltr' id='par_1_96' title="bbox 337 4910 1913 4984">
     <span class='ocr_line' id='line_1_96' title="bbox 337 4910 1913 4984; baseline 0.012 -25"><span class='ocrx_word' id='word_1_693' title='bbox 337 4910 608 4980; x_wconf 76' lang='grc' dir='ltr'>μηδεμιᾶς</span> <span class='ocrx_word' id='word_1_694' title='bbox 657 4911 798 4964; x_wconf 86' lang='grc' dir='ltr'><strong>κατά</strong></span> <span class='ocrx_word' id='word_1_695' title='bbox 846 4915 1022 4965; x_wconf 71' lang='grc' dir='ltr'>πᾶσαν</span> <span class='ocrx_word' id='word_1_696' title='bbox 1083 4913 1285 4981; x_wconf 90' lang='grc' dir='ltr'>ἀγαθοῦ</span> <span class='ocrx_word' id='word_1_697' title='bbox 1336 4913 1656 4984; x_wconf 79' lang='grc' dir='ltr'>πράγματος</span> <span class='ocrx_word' id='word_1_698' title='bbox 1707 4911 1913 4964; x_wconf 65' lang='grc' dir='ltr'><strong>ἔννοιαν</strong></span> 
     </span>
    </p>
   </div>
   <div class='ocr_carea' id='block_1_97' title="bbox 333 4999 1912 5074">
    <p class='ocr_par' dir='ltr' id='par_1_97' title="bbox 333 4999 1912 5074">
     <span class='ocr_line' id='line_1_97' title="bbox 333 4999 1912 5074; baseline -0.002 -20"><span class='ocrx_word' id='word_1_699' title='bbox 333 5001 640 5070; x_wconf 73' lang='grc' dir='ltr'>ὑπερϐολῆς</span> <span class='ocrx_word' id='word_1_700' title='bbox 673 5001 1074 5072; x_wconf 80' lang='grc' dir='ltr'>ἐλαττουμένῳ,</span> <span class='ocrx_word' id='word_1_701' title='bbox 1123 5004 1222 5056; x_wconf 77' lang='grc' dir='ltr'><strong>οὐκ</strong></span> <span class='ocrx_word' id='word_1_702' title='bbox 1252 4999 1366 5055; x_wconf 77' lang='grc' dir='ltr'>οἶδα</span> <span class='ocrx_word' id='word_1_703' title='bbox 1416 5003 1576 5054; x_wconf 86' lang='grc' dir='ltr'>πόθεν</span> <span class='ocrx_word' id='word_1_704' title='bbox 1609 5017 1912 5074; x_wconf 83' lang='grc' dir='ltr'>παρακινη-</span> 
     </span>
    </p>
   </div>
   <div class='ocr_carea' id='block_1_98' title="bbox 334 5086 1910 5162">
    <p class='ocr_par' dir='ltr' id='par_1_98' title="bbox 334 5086 1910 5162">
     <span class='ocr_line' id='line_1_98' title="bbox 334 5086 1910 5162; baseline 0.002 -23"><span class='ocrx_word' id='word_1_705' title='bbox 334 5086 519 5150; x_wconf 79' lang='grc' dir='ltr'>θὲντες</span> <span class='ocrx_word' id='word_1_706' title='bbox 551 5089 841 5160; x_wconf 65' lang='grc' dir='ltr'>δυσμενείᾳ</span> <span class='ocrx_word' id='word_1_707' title='bbox 880 5091 973 5143; x_wconf 75' lang='grc' dir='ltr'>καὶ</span> <span class='ocrx_word' id='word_1_708' title='bbox 1004 5091 1180 5162; x_wconf 79' lang='grc' dir='ltr'>φθόνῳ</span> <span class='ocrx_word' id='word_1_709' title='bbox 1215 5093 1314 5160; x_wconf 82' lang='grc' dir='ltr'>τῆς</span> <span class='ocrx_word' id='word_1_710' title='bbox 1355 5090 1444 5144; x_wconf 89' lang='grc' dir='ltr'><strong>τοῦ</strong></span> <span class='ocrx_word' id='word_1_711' title='bbox 1478 5091 1678 5159; x_wconf 87' lang='grc' dir='ltr'>Κυρίου</span> <span class='ocrx_word' id='word_1_712' title='bbox 1709 5093 1871 5160; x_wconf 81' lang='grc' dir='ltr'>τιμῆς</span> <span class='ocrx_word' id='word_1_713' title='bbox 1895 5129 1910 5152; x_wconf 94' lang='grc'><strong>,</strong></span> 
     </span>
    </p>
   </div>
   <div class='ocr_carea' id='block_1_99' title="bbox 332 5178 1912 5252">
    <p class='ocr_par' dir='ltr' id='par_1_99' title="bbox 332 5178 1912 5252">
     <span class='ocr_line' id='line_1_99' title="bbox 332 5178 1912 5252; baseline 0.001 -20"><span class='ocrx_word' id='word_1_714' title='bbox 332 5178 588 5250; x_wconf 80' lang='grc' dir='ltr'>καθάπερ</span> <span class='ocrx_word' id='word_1_715' title='bbox 636 5179 837 5250; x_wconf 80' lang='grc' dir='ltr'>ζημίαν</span> <span class='ocrx_word' id='word_1_716' title='bbox 885 5183 1095 5245; x_wconf 87' lang='grc' dir='ltr'>ἐαυτοῖς</span> <span class='ocrx_word' id='word_1_717' title='bbox 1145 5183 1419 5252; x_wconf 84' lang='grc' dir='ltr'>κρίνοντες</span> <span class='ocrx_word' id='word_1_718' title='bbox 1475 5181 1572 5251; x_wconf 78' lang='grc' dir='ltr'>τὴν</span> <span class='ocrx_word' id='word_1_719' title='bbox 1624 5181 1912 5251; x_wconf 80' lang='grc' dir='ltr'>γινομένην</span> 
     </span>
    </p>
   </div>
   <div class='ocr_carea' id='block_1_100' title="bbox 329 5268 1912 5342">
    <p class='ocr_par' dir='ltr' id='par_1_100' title="bbox 329 5268 1912 5342">
     <span class='ocr_line' id='line_1_100' title="bbox 329 5268 1912 5342; baseline 0.003 -23"><span class='ocrx_word' id='word_1_720' title='bbox 329 5268 412 5338; x_wconf 84' lang='grc' dir='ltr'>τῷ</span> <span class='ocrx_word' id='word_1_721' title='bbox 461 5274 736 5338; x_wconf 88' lang='grc' dir='ltr'>μονογενεῖ</span> <span class='ocrx_word' id='word_1_722' title='bbox 775 5270 894 5342; x_wconf 74' lang='grc' dir='ltr'><strong>θεῷ</strong></span> <span class='ocrx_word' id='word_1_723' title='bbox 941 5273 1088 5342; x_wconf 75' lang='grc' dir='ltr'><strong>παρξι⁵</strong></span> <span class='ocrx_word' id='word_1_724' title='bbox 1117 5272 1224 5324; x_wconf 82' lang='grc' dir='ltr'>τῶν</span> <span class='ocrx_word' id='word_1_725' title='bbox 1268 5271 1705 5324; x_wconf 80' lang='grc' dir='ltr'>πεπιστευκότων</span> <span class='ocrx_word' id='word_1_726' title='bbox 1745 5288 1912 5342; x_wconf 83' lang='grc' dir='ltr'>προσ-</span> 
     </span>
    </p>
   </div>
   <div class='ocr_carea' id='block_1_101' title="bbox 332 5359 1907 5434">
    <p class='ocr_par' dir='ltr' id='par_1_101' title="bbox 332 5359 1907 5434">
     <span class='ocr_line' id='line_1_101' title="bbox 332 5359 1907 5434; baseline 0.003 -23"><span class='ocrx_word' id='word_1_727' title='bbox 332 5359 585 5430; x_wconf 79' lang='grc' dir='ltr'>κύνησιν,</span> <span class='ocrx_word' id='word_1_728' title='bbox 638 5363 922 5434; x_wconf 86' lang='grc' dir='ltr'>ἀντεροῦσι</span> <span class='ocrx_word' id='word_1_729' title='bbox 974 5367 1093 5426; x_wconf 86' lang='grc' dir='ltr'>ταῖς</span> <span class='ocrx_word' id='word_1_730' title='bbox 1143 5363 1312 5426; x_wconf 88' lang='grc' dir='ltr'>θείαις</span> <span class='ocrx_word' id='word_1_731' title='bbox 1360 5366 1576 5433; x_wconf 84' lang='grc' dir='ltr'>τιμαῖς,</span> <span class='ocrx_word' id='word_1_732' title='bbox 1640 5364 1734 5417; x_wconf 77' lang='grc' dir='ltr'>καὶ</span> <span class='ocrx_word' id='word_1_733' title='bbox 1793 5363 1907 5415; x_wconf 88' lang='grc' dir='ltr'>πεί-</span> 
     </span>
    </p>
   </div>
   <div class='ocr_carea' id='block_1_102' title="bbox 333 5450 1906 5526">
    <p class='ocr_par' dir='ltr' id='par_1_102' title="bbox 333 5450 1906 5526">
     <span class='ocr_line' id='line_1_102' title="bbox 333 5450 1906 5526; baseline 0.003 -25"><span class='ocrx_word' id='word_1_734' title='bbox 333 5450 450 5503; x_wconf 88' lang='grc' dir='ltr'>θειν</span> <span class='ocrx_word' id='word_1_735' title='bbox 497 5453 885 5524; x_wconf 85' lang='grc' dir='ltr'>ἐπιχειροῦσιν,</span> <span class='ocrx_word' id='word_1_736' title='bbox 921 5455 997 5518; x_wconf 84' lang='grc' dir='ltr'>ὡς</span> <span class='ocrx_word' id='word_1_737' title='bbox 1039 5454 1188 5507; x_wconf 75' lang='grc' dir='ltr'>οὐδὲν</span> <span class='ocrx_word' id='word_1_738' title='bbox 1225 5454 1333 5507; x_wconf 84' lang='grc' dir='ltr'><strong>τῶν</strong></span> <span class='ocrx_word' id='word_1_739' title='bbox 1379 5455 1506 5526; x_wconf 73' lang='grc' dir='ltr'>περὶ</span> <span class='ocrx_word' id='word_1_740' title='bbox 1548 5453 1707 5508; x_wconf 75' lang='grc' dir='ltr'>αὑτοῦ</span> <span class='ocrx_word' id='word_1_741' title='bbox 1758 5453 1906 5522; x_wconf 87' lang='grc' dir='ltr'>λεγο-</span> 
     </span>
    </p>
   </div>
   <div class='ocr_carea' id='block_1_103' title="bbox 338 5545 1908 5622">
    <p class='ocr_par' dir='ltr' id='par_1_103' title="bbox 338 5545 1908 5622">
     <span class='ocr_line' id='line_1_103' title="bbox 338 5545 1908 5622; baseline 0.013 -28"><span class='ocrx_word' id='word_1_742' title='bbox 338 5545 518 5613; x_wconf 78' lang='grc' dir='ltr'>μένων</span> <span class='ocrx_word' id='word_1_743' title='bbox 549 5545 760 5616; x_wconf 75' lang='grc' dir='ltr'>ἀληθῶς</span> <span class='ocrx_word' id='word_1_744' title='bbox 791 5547 1024 5618; x_wconf 87' lang='grc' dir='ltr'>λέγεται.</span> <span class='ocrx_word' id='word_1_745' title='bbox 1052 5546 1186 5604; x_wconf 84' lang='grc' dir='ltr'>Οῦτε</span> <span class='ocrx_word' id='word_1_746' title='bbox 1217 5547 1324 5622; x_wconf 77' lang='grc' dir='ltr'><strong>γὰρ</strong></span> <span class='ocrx_word' id='word_1_747' title='bbox 1347 5547 1478 5612; x_wconf 74' lang='grc' dir='ltr'>Θεὸς</span> <span class='ocrx_word' id='word_1_748' title='bbox 1514 5548 1617 5602; x_wconf 71' lang='grc' dir='ltr'>κᾶν</span> <span class='ocrx_word' id='word_1_749' title='bbox 1644 5547 1908 5618; x_wconf 72' lang='grc' dir='ltr'>ὀνομάζη-</span> 
     </span>
    </p>
   </div>
   <div class='ocr_carea' id='block_1_104' title="bbox 415 5732 828 5806">
    <p class='ocr_par' dir='ltr' id='par_1_104' title="bbox 415 5732 828 5806">
     <span class='ocr_line' id='line_1_104' title="bbox 415 5732 828 5806; baseline -0.012 -12"><span class='ocrx_word' id='word_1_750' title='bbox 415 5737 438 5771; x_wconf 87' lang='grc'><strong><em>⁸</em></strong></span> <span class='ocrx_word' id='word_1_751' title='bbox 468 5732 626 5794; x_wconf 70' lang='grc' dir='ltr'>Χοθη.</span> <span class='ocrx_word' id='word_1_752' title='bbox 663 5749 716 5806; x_wconf 62' lang='grc' dir='ltr'><strong>τ,</strong></span> <span class='ocrx_word' id='word_1_753' title='bbox 742 5732 828 5789; x_wconf 78' lang='grc'><strong>37.</strong></span> 
     </span>
    </p>
   </div>
   <div class='ocr_carea' id='block_1_105' title="bbox 2013 4627 3580 4696">
    <p class='ocr_par' dir='ltr' id='par_1_105' title="bbox 2013 4627 3580 4696">
     <span class='ocr_line' id='line_1_105' title="bbox 2013 4627 3580 4696; baseline -0.009 -7"><span class='ocrx_word' id='word_1_754' title='bbox 2013 4636 2083 4689; x_wconf 88' lang='lat' dir='ltr'><strong>sit</strong></span> <span class='ocrx_word' id='word_1_755' title='bbox 2135 4632 2332 4695; x_wconf 87' lang='lat' dir='ltr'><strong>deﬁxa,</strong></span> <span class='ocrx_word' id='word_1_756' title='bbox 2388 4639 2442 4685; x_wconf 92' lang='lat' dir='ltr'><strong>et</strong></span> <span class='ocrx_word' id='word_1_757' title='bbox 2496 4631 2669 4685; x_wconf 89' lang='lat' dir='ltr'><strong>honos</strong></span> <span class='ocrx_word' id='word_1_758' title='bbox 2732 4629 2911 4684; x_wconf 92' lang='lat' dir='ltr'><strong>omnis</strong></span> <span class='ocrx_word' id='word_1_759' title='bbox 2967 4637 3020 4682; x_wconf 85' lang='lat' dir='ltr'><strong>et</strong></span> <span class='ocrx_word' id='word_1_760' title='bbox 3074 4627 3254 4681; x_wconf 91' lang='lat' dir='ltr'><strong>cultus</strong></span> <span class='ocrx_word' id='word_1_761' title='bbox 3307 4635 3360 4681; x_wconf 93' lang='lat' dir='ltr'><strong>et</strong></span> <span class='ocrx_word' id='word_1_762' title='bbox 3409 4629 3580 4696; x_wconf 64' lang='lat' dir='ltr'><strong>gloria</strong></span> 
     </span>
    </p>
   </div>
   <div class='ocr_carea' id='block_1_106' title="bbox 2015 4718 3584 4794">
    <p class='ocr_par' dir='ltr' id='par_1_106' title="bbox 2015 4718 3584 4794">
     <span class='ocr_line' id='line_1_106' title="bbox 2015 4718 3584 4794; baseline -0.006 -17"><span class='ocrx_word' id='word_1_763' title='bbox 2015 4726 2293 4794; x_wconf 79' lang='lat' dir='ltr'><strong>ttnigenito</strong></span> <span class='ocrx_word' id='word_1_764' title='bbox 2338 4723 2449 4780; x_wconf 89' lang='lat' dir='ltr'><strong>Deo</strong></span> <span class='ocrx_word' id='word_1_765' title='bbox 2502 4734 2560 4778; x_wconf 93' lang='lat' dir='ltr'><strong>ut</strong></span> <span class='ocrx_word' id='word_1_766' title='bbox 2615 4724 2738 4778; x_wconf 72' lang='lat' dir='ltr'><strong>vita:</strong></span> <span class='ocrx_word' id='word_1_767' title='bbox 2773 4722 3005 4793; x_wconf 88' lang='lat' dir='ltr'><strong>principi</strong></span> <span class='ocrx_word' id='word_1_768' title='bbox 3062 4721 3133 4776; x_wconf 92' lang='lat' dir='ltr'><strong>sit</strong></span> <span class='ocrx_word' id='word_1_769' title='bbox 3181 4719 3439 4789; x_wconf 87' lang='lat' dir='ltr'><strong>reposita,</strong></span> <span class='ocrx_word' id='word_1_770' title='bbox 3493 4718 3584 4784; x_wconf 89' lang='lat' dir='ltr'><strong>qui</strong></span> 
     </span>
    </p>
   </div>
   <div class='ocr_carea' id='block_1_107' title="bbox 2014 4806 3589 4886">
    <p class='ocr_par' dir='ltr' id='par_1_107' title="bbox 2014 4806 3589 4886">
     <span class='ocr_line' id='line_1_107' title="bbox 2014 4806 3589 4886; baseline -0.01 -14"><span class='ocrx_word' id='word_1_771' title='bbox 2014 4818 2188 4872; x_wconf 84' lang='lat' dir='ltr'><strong>Patris</strong></span> <span class='ocrx_word' id='word_1_772' title='bbox 2221 4831 2386 4886; x_wconf 85' lang='lat' dir='ltr'><strong>opera</strong></span> <span class='ocrx_word' id='word_1_773' title='bbox 2409 4824 2687 4886; x_wconf 86' lang='lat' dir='ltr'><strong>operatur,</strong></span> <span class='ocrx_word' id='word_1_774' title='bbox 2721 4815 2864 4868; x_wconf 88' lang='lat' dir='ltr'><strong>sicut</strong></span> <span class='ocrx_word' id='word_1_775' title='bbox 2893 4812 3009 4882; x_wconf 89' lang='lat' dir='ltr'><strong>ipse</strong></span> <span class='ocrx_word' id='word_1_776' title='bbox 3036 4809 3300 4865; x_wconf 90' lang='lat' dir='ltr'><strong>Dominus</strong></span> <span class='ocrx_word' id='word_1_777' title='bbox 3329 4808 3383 4862; x_wconf 92' lang='lat' dir='ltr'><strong>in</strong></span> <span class='ocrx_word' id='word_1_778' title='bbox 3412 4806 3589 4860; x_wconf 83' lang='lat' dir='ltr'><strong>Evan-</strong></span> 
     </span>
    </p>
   </div>
   <div class='ocr_carea' id='block_1_108' title="bbox 2010 4897 3586 4980">
    <p class='ocr_par' dir='ltr' id='par_1_108' title="bbox 2010 4897 3586 4980">
     <span class='ocr_line' id='line_1_108' title="bbox 2010 4897 3586 4980; baseline -0.01 -15"><span class='ocrx_word' id='word_1_779' title='bbox 2010 4910 2151 4980; x_wconf 84' lang='lat' dir='ltr'><strong>gelio</strong></span> <span class='ocrx_word' id='word_1_780' title='bbox 2196 4908 2396 4973; x_wconf 83' lang='lat' dir='ltr'><strong>dicit‘,</strong></span> <span class='ocrx_word' id='word_1_781' title='bbox 2441 4906 2644 4977; x_wconf 87' lang='lat' dir='ltr'><strong>quique</strong></span> <span class='ocrx_word' id='word_1_782' title='bbox 2691 4904 2838 4959; x_wconf 89' lang='lat' dir='ltr'><strong>nulla</strong></span> <span class='ocrx_word' id='word_1_783' title='bbox 2884 4903 3180 4960; x_wconf 89' lang='lat' dir='ltr'><strong>secundum</strong></span> <span class='ocrx_word' id='word_1_784' title='bbox 3237 4913 3451 4956; x_wconf 89' lang='lat' dir='ltr'><strong>omnem</strong></span> <span class='ocrx_word' id='word_1_785' title='bbox 3508 4897 3586 4952; x_wconf 91' lang='lat' dir='ltr'><strong>rei</strong></span> 
     </span>
    </p>
   </div>
   <div class='ocr_carea' id='block_1_109' title="bbox 2017 4988 3583 5067">
    <p class='ocr_par' dir='ltr' id='par_1_109' title="bbox 2017 4988 3583 5067">
     <span class='ocr_line' id='line_1_109' title="bbox 2017 4988 3583 5067; baseline -0.008 -11"><span class='ocrx_word' id='word_1_786' title='bbox 2017 5002 2172 5056; x_wconf 75' lang='lat' dir='ltr'><strong>bona:</strong></span> <span class='ocrx_word' id='word_1_787' title='bbox 2230 4999 2480 5055; x_wconf 93' lang='lat' dir='ltr'><strong>notitiam</strong></span> <span class='ocrx_word' id='word_1_788' title='bbox 2528 4995 2917 5067; x_wconf 87' lang='lat' dir='ltr'><strong>exsuperantia</strong></span> <span class='ocrx_word' id='word_1_789' title='bbox 2979 4993 3206 5050; x_wconf 87' lang='lat' dir='ltr'><strong>inferior</strong></span> <span class='ocrx_word' id='word_1_790' title='bbox 3255 5001 3339 5046; x_wconf 84' lang='lat' dir='ltr'><strong>est</strong></span> <span class='ocrx_word' id='word_1_791' title='bbox 3400 4988 3583 5052; x_wconf 85' lang='lat' dir='ltr'><strong>Patre,</strong></span> 
     </span>
    </p>
   </div>
   <div class='ocr_carea' id='block_1_110' title="bbox 2012 5081 3584 5149">
    <p class='ocr_par' dir='ltr' id='par_1_110' title="bbox 2012 5081 3584 5149">
     <span class='ocr_line' id='line_1_110' title="bbox 2012 5081 3584 5149; baseline -0.009 -1"><span class='ocrx_word' id='word_1_792' title='bbox 2012 5093 2200 5149; x_wconf 86' lang='lat' dir='ltr'><strong>nescio</strong></span> <span class='ocrx_word' id='word_1_793' title='bbox 2228 5091 2372 5146; x_wconf 91' lang='lat' dir='ltr'><strong>unde</strong></span> <span class='ocrx_word' id='word_1_794' title='bbox 2397 5090 2653 5144; x_wconf 87' lang='lat' dir='ltr'><strong>commoti</strong></span> <span class='ocrx_word' id='word_1_795' title='bbox 2702 5087 2902 5143; x_wconf 90' lang='lat' dir='ltr'><strong>infesto</strong></span> <span class='ocrx_word' id='word_1_796' title='bbox 2933 5086 3059 5140; x_wconf 90' lang='lat' dir='ltr'><strong>odio</strong></span> <span class='ocrx_word' id='word_1_797' title='bbox 3092 5093 3145 5139; x_wconf 90' lang='lat' dir='ltr'><strong>et</strong></span> <span class='ocrx_word' id='word_1_798' title='bbox 3177 5082 3378 5138; x_wconf 85' lang='lat' dir='ltr'><strong>invidia</strong></span> <span class='ocrx_word' id='word_1_799' title='bbox 3411 5081 3584 5136; x_wconf 89' lang='lat' dir='ltr'><strong>Itono-</strong></span> 
     </span>
    </p>
   </div>
   <div class='ocr_carea' id='block_1_111' title="bbox 2012 5168 3581 5250">
    <p class='ocr_par' dir='ltr' id='par_1_111' title="bbox 2012 5168 3581 5250">
     <span class='ocr_line' id='line_1_111' title="bbox 2012 5168 3581 5250; baseline -0.011 -12"><span class='ocrx_word' id='word_1_800' title='bbox 2012 5186 2088 5238; x_wconf 91' lang='lat' dir='ltr'><strong>ris</strong></span> <span class='ocrx_word' id='word_1_801' title='bbox 2129 5181 2344 5236; x_wconf 90' lang='lat' dir='ltr'><strong>Domini</strong></span> <span class='ocrx_word' id='word_1_802' title='bbox 2378 5190 2636 5250; x_wconf 90' lang='lat' dir='ltr'><strong>tanquam</strong></span> <span class='ocrx_word' id='word_1_803' title='bbox 2671 5177 2932 5231; x_wconf 90' lang='lat' dir='ltr'><strong>damnum</strong></span> <span class='ocrx_word' id='word_1_804' title='bbox 2967 5185 3020 5229; x_wconf 93' lang='lat' dir='ltr'><strong>et</strong></span> <span class='ocrx_word' id='word_1_805' title='bbox 3062 5172 3447 5227; x_wconf 87' lang='lat' dir='ltr'><strong>detrimentum</strong></span> <span class='ocrx_word' id='word_1_806' title='bbox 3480 5168 3581 5224; x_wconf 88' lang='lat' dir='ltr'><strong>sibi</strong></span> 
     </span>
    </p>
   </div>
   <div class='ocr_carea' id='block_1_112' title="bbox 2013 5256 3584 5340">
    <p class='ocr_par' dir='ltr' id='par_1_112' title="bbox 2013 5256 3584 5340">
     <span class='ocr_line' id='line_1_112' title="bbox 2013 5256 3584 5340; baseline -0.008 -16"><span class='ocrx_word' id='word_1_807' title='bbox 2013 5271 2147 5340; x_wconf 90' lang='lat' dir='ltr'><strong>ipsis</strong></span> <span class='ocrx_word' id='word_1_808' title='bbox 2179 5269 2510 5338; x_wconf 89' lang='lat' dir='ltr'><strong>judicantes,</strong></span> <span class='ocrx_word' id='word_1_809' title='bbox 2545 5281 2662 5322; x_wconf 91' lang='lat' dir='ltr'><strong>eam</strong></span> <span class='ocrx_word' id='word_1_810' title='bbox 2686 5280 2808 5336; x_wconf 76' lang='lat' dir='ltr'><strong>qua:</strong></span> <span class='ocrx_word' id='word_1_811' title='bbox 2849 5264 3136 5319; x_wconf 80' lang='lat' dir='ltr'><strong>exhibetur</strong></span> <span class='ocrx_word' id='word_1_812' title='bbox 3161 5259 3442 5330; x_wconf 88' lang='lat' dir='ltr'><strong>unigenito</strong></span> <span class='ocrx_word' id='word_1_813' title='bbox 3473 5256 3584 5313; x_wconf 82' lang='lat' dir='ltr'><strong>Deo</strong></span> 
     </span>
    </p>
   </div>
   <div class='ocr_carea' id='block_1_113' title="bbox 2014 5350 3584 5429">
    <p class='ocr_par' dir='ltr' id='par_1_113' title="bbox 2014 5350 3584 5429">
     <span class='ocr_line' id='line_1_113' title="bbox 2014 5350 3584 5429; baseline -0.006 -14"><span class='ocrx_word' id='word_1_814' title='bbox 2014 5361 2083 5415; x_wconf 89' lang='lat' dir='ltr'><strong>ab</strong></span> <span class='ocrx_word' id='word_1_815' title='bbox 2115 5359 2200 5415; x_wconf 91' lang='lat' dir='ltr'><strong>his</strong></span> <span class='ocrx_word' id='word_1_816' title='bbox 2231 5359 2324 5429; x_wconf 89' lang='lat' dir='ltr'><strong>qui</strong></span> <span class='ocrx_word' id='word_1_817' title='bbox 2349 5355 2700 5412; x_wconf 82' lang='lat' dir='ltr'><strong>crediderunt</strong></span> <span class='ocrx_word' id='word_1_818' title='bbox 2747 5355 3144 5417; x_wconf 88' lang='lat' dir='ltr'><strong>adorationem,</strong></span> <span class='ocrx_word' id='word_1_819' title='bbox 3204 5351 3324 5422; x_wconf 88' lang='lat' dir='ltr'><strong>ejus</strong></span> <span class='ocrx_word' id='word_1_820' title='bbox 3382 5350 3584 5405; x_wconf 88' lang='lat' dir='ltr'><strong>divinis</strong></span> 
     </span>
    </p>
   </div>
   <div class='ocr_carea' id='block_1_114' title="bbox 2015 5444 3584 5516">
    <p class='ocr_par' dir='ltr' id='par_1_114' title="bbox 2015 5444 3584 5516">
     <span class='ocr_line' id='line_1_114' title="bbox 2015 5444 3584 5516; baseline -0.006 -11"><span class='ocrx_word' id='word_1_821' title='bbox 2015 5450 2315 5505; x_wconf 88' lang='lat' dir='ltr'><strong>honoribus</strong></span> <span class='ocrx_word' id='word_1_822' title='bbox 2358 5448 2760 5511; x_wconf 88' lang='lat' dir='ltr'><strong>contradicunt,</strong></span> <span class='ocrx_word' id='word_1_823' title='bbox 2814 5454 2869 5500; x_wconf 93' lang='lat' dir='ltr'><strong>et</strong></span> <span class='ocrx_word' id='word_1_824' title='bbox 2915 5444 3245 5516; x_wconf 81' lang='lat' dir='ltr'><strong>persuadere</strong></span> <span class='ocrx_word' id='word_1_825' title='bbox 3313 5448 3584 5497; x_wconf 87' lang='lat' dir='ltr'><strong>conantur</strong></span> 
     </span>
    </p>
   </div>
   <div class='ocr_carea' id='block_1_115' title="bbox 2014 5529 3580 5614">
    <p class='ocr_par' dir='ltr' id='par_1_115' title="bbox 2014 5529 3580 5614">
     <span class='ocr_line' id='line_1_115' title="bbox 2014 5529 3580 5614; baseline -0.003 -21"><span class='ocrx_word' id='word_1_826' title='bbox 2014 5542 2160 5614; x_wconf 86' lang='lat' dir='ltr'><strong>quod</strong></span> <span class='ocrx_word' id='word_1_827' title='bbox 2196 5540 2328 5598; x_wconf 91' lang='lat' dir='ltr'><strong>nihil</strong></span> <span class='ocrx_word' id='word_1_828' title='bbox 2361 5553 2552 5597; x_wconf 84' lang='lat' dir='ltr'><strong>eorum</strong></span> <span class='ocrx_word' id='word_1_829' title='bbox 2592 5551 2713 5609; x_wconf 76' lang='lat' dir='ltr'><strong>qua:</strong></span> <span class='ocrx_word' id='word_1_830' title='bbox 2738 5537 2804 5594; x_wconf 88' lang='lat' dir='ltr'><strong>de</strong></span> <span class='ocrx_word' id='word_1_831' title='bbox 2835 5535 2956 5608; x_wconf 91' lang='lat' dir='ltr'><strong>ipso</strong></span> <span class='ocrx_word' id='word_1_832' title='bbox 3000 5535 3282 5604; x_wconf 89' lang='lat' dir='ltr'><strong>dicuntur,</strong></span> <span class='ocrx_word' id='word_1_833' title='bbox 3315 5548 3442 5590; x_wconf 87' lang='lat' dir='ltr'><strong>vere</strong></span> <span class='ocrx_word' id='word_1_834' title='bbox 3493 5529 3580 5588; x_wconf 82' lang='lat' dir='ltr'><strong>di-</strong></span> 
     </span>
    </p>
   </div>
  </div>
