4002 6218
304 258 412 315 929

1404 260 1687 318 CONTRA
1730 259 2120 327 EUNOMlUM,
2164 261 2292 315 LIB.
2337 260 2452 315 ΧΠ.

3448 203 3554 316 sise

301 395 411 434 τινι
457 376 634 449 μέλιτι
678 377 1162 449 καταχρώσαντες,
1219 382 1437 436 ἐπειδὰν
1490 382 1722 452 ὲγχέωσι
1778 383 1874 453 τὴν

1979 383 2172 452 dogma
2229 386 2589 447 mortiferum,
2618 383 2765 437 velut
2817 381 2977 438 melle
3030 382 3270 454 quodam
3328 385 3551 456 illitum,

296 470 521 540 ἀπάτην
539 471 604 540 τῇ
631 470 775 541 ψυχῇ
796 471 890 524 τοῦ
911 471 1218 537 ἀκούοντος,
1242 473 1340 544 τὴν
1371 476 1499 545 περὶ
1524 474 1617 528 τοῦ
1643 475 1718 546 μὴ
1743 472 1882 529 εἶναι

298 559 433 614 Θεὸν
469 559 722 630 ἀληθινὸν
768 561 860 614 τὸν
891 563 1173 633 Μονογενῆ
1220 564 1351 618 Θεὸν
1378 580 1390 592 ’
1437 565 1507 617 τὰ
1532 567 1667 619 ἄλλα
1706 567 1883 621 πάντα

300 649 476 720 τούτῳ
519 651 616 703 καὶ
661 651 974 717 σιωπῶντες
1023 655 1576 727 συγκατειργάσαντο.
1627 658 1718 728 Τῷ
1773 658 1883 730 γὰρ

302 740 591 810 πεισθῆναι
618 741 692 813 μὴ
719 742 934 813 ἀληθῶς
957 741 1095 799 εἶναι
1127 747 1254 800 Θεὸν
1281 748 1629 801 ἐπακολουθεῖ
1655 750 1715 803 τὸ
1746 752 1880 820 μηδὲ

303 831 431 885 ἄλλο
473 848 528 884 τι
562 833 672 885 τῶν
723 832 1039 905 θεοπρεπῶς
1090 839 1215 908 περὶ
1265 837 1427 891 αὑτοῦ
1470 839 1773 909 Λεγομένων
1821 842 1880 892 ἐν

301 923 529 996 ἀληθείᾳ
569 924 841 993 λέγεσθαι.
892 928 952 979 ΕΞ
987 928 1096 998 γὰρ
1139 929 1263 982 οὔτε
1302 931 1457 996 Υἱὸς,
1499 931 1621 985 οὔτε
1653 934 1784 996 Θεὸς
1821 932 1881 997 ἐξ

300 1016 597 1086 ἀληθείας,
638 1017 753 1070 ἀλλ’
803 1019 868 1070 ὲκ
927 1021 1314 1089 καταχρήσεως
1346 1020 1550 1075 τούτων
1596 1022 1876 1093 ἑκάτερον,

302 1109 518 1170 πάντως
564 1108 646 1160 ὅτι
694 1108 787 1161 καὶ
827 1109 898 1162 τὰ
934 1111 1095 1164 λοιπὰ
1134 1112 1244 1167 τῶν
1282 1113 1579 1184 ὀνομάτων,
1612 1109 1694 1177 οἷς
1728 1116 1879 1184 παρά

303 1199 398 1269 τῆς
436 1198 590 1262 θείας
625 1199 846 1270 Γραφῆς
893 1200 1243 1271 ὀνομάζεται,
1272 1206 1370 1275 τῆς
1397 1205 1657 1276 ἀληθείας
1701 1206 1875 1277 κεχώ-

303 1306 504 1359 ρισται.
538 1290 614 1343 Οὐ
644 1290 751 1360 γὰρ
780 1290 842 1362 δὴ
875 1291 934 1344 τὸ
978 1292 1074 1363 μὲν
1115 1294 1329 1364 ἀληθῶς
1370 1298 1454 1348 ἐπ’
1505 1297 1669 1349 αὑτοῦ
1707 1299 1876 1370 ῥηθή-

301 1397 473 1443 σεται,
507 1380 568 1432 τὸ
594 1381 650 1433 δὲ
690 1382 982 1453 ἁμοιρήσει
1014 1384 1113 1453 τῆς
1139 1384 1413 1455 ἀληθείας.
1467 1388 1627 1440 ’Λλλά
1660 1390 1877 1453 παντως

299 1472 546 1542 ἀλλήλοις
595 1472 947 1544 ἀκολουθήσει
988 1475 1184 1528 πάντα·
1224 1477 1362 1529 ὥστε
1414 1479 1463 1530 εί
1511 1479 1610 1549 μὲν
1663 1480 1875 1549 άληθῶς

298 1566 384 1634 εἵη
436 1562 589 1625 Θεὸς,
645 1563 740 1616 καὶ
782 1565 995 1635 κριτὴν,
1053 1567 1146 1619 καὶ
1196 1567 1453 1635 βασιλέα,
1497 1571 1592 1622 καὶ
1640 1570 1707 1623 τὰ
1754 1570 1873 1625 καθ’

298 1655 528 1707 ἕκαστον
575 1654 682 1707 τῶν
733 1654 1037 1724 λεγομένων
1062 1653 1201 1709 εἶναι.
1232 1658 1307 1721 ὠς
1357 1659 1592 1727 λέγεται.
1640 1661 1702 1714 Εἰ
1741 1661 1799 1714 δὲ
1838 1665 1871 1735 ἡ

1984 488 2107 529 cum
2137 477 2191 530 in
2212 477 2485 532 audientis
2514 477 2757 530 animum
2793 476 2861 529 ad
2894 476 3189 533 fallendum
3224 480 3553 563 infpderint,

1983 580 2178 635 nempe
2220 566 2565 638 Unigenitum
2609 566 2777 622 Deum
2812 583 2920 622 non
2970 583 3094 625 esse
3116 585 3304 627 verum
3338 575 3507 633 Deum
3537 597 3551 633 :

1983 673 2079 726 per
2103 659 2205 713 hoc
2224 660 2332 713 alia
2354 659 2538 714 omnia
2567 659 2714 715 taciti
2731 660 3051 716 conﬁciunt.
3087 661 3222 716 Nam
3243 679 3368 720 cum
3386 670 3555 723 semel

1983 749 2230 817 persuasi
2267 749 2488 811 fuerint,
2519 764 2628 803 non
2657 765 2787 803 vere
2822 749 2986 805 Deum
3037 766 3180 816 esse,
3214 753 3342 809 hinc
3362 770 3555 812 conse-

1981 838 2189 909 quilur,
2226 855 2402 908 neque
2428 840 2573 893 aliud
2629 839 2927 909 quidquam
2959 855 3146 895 eorum
3174 858 3298 911 quae
3338 844 3405 900 de
3436 848 3557 916 ipso

1982 922 2092 984 Deo
2121 930 2319 986 decore
2333 931 2615 993 dicuntur,
2647 932 2699 984 in
2724 935 2957 985 veritate
2982 932 3111 988 diei.
3138 932 3194 988 Si
3214 935 3359 988 enim
3378 952 3555 1007 neque

1979 1020 2171 1084 Filius,
2197 1039 2371 1093 neque
2404 1024 2548 1079 Deus
2571 1039 2636 1079 ex
2665 1024 2915 1087 veritate,
2948 1025 3042 1079 sed
3075 1039 3139 1080 ex
3161 1026 3333 1081 abusu
3361 1029 3552 1084 horum

1980 1123 2290 1183 utrumque,
2315 1115 2536 1168 omnino
2571 1114 2777 1184 reliqua
2814 1116 3054 1179 nomina,
3084 1118 3286 1186 quibus
3314 1133 3344 1170 a
3368 1117 3553 1171 divina

1981 1202 2269 1273 Scriptura
2296 1205 2629 1265 nominatur,
2666 1218 2694 1255 a
2727 1204 2953 1258 veritate
2975 1215 3224 1272 separata
3258 1214 3407 1261 sunt.
3435 1205 3553 1261 Non

1976 1312 2108 1352 sane
2135 1297 2263 1352 illud
2296 1297 2511 1367 quidem
2568 1297 2623 1350 in
2669 1312 2734 1351 eo
2764 1312 2889 1351 vere
2927 1298 3170 1361 dicetur,
3225 1299 3328 1353 hoc
3372 1310 3553 1353 autem

1978 1390 2205 1444 veritate
2234 1389 2461 1452 carebit,
2492 1389 2586 1442 sed
2612 1388 2771 1458 plane
2786 1390 2967 1442 omnia
2989 1404 3110 1443 sese
3126 1399 3551 1459 consequentur.

1976 1476 2159 1543 Quare
2190 1480 2334 1531 Deus
2368 1478 2412 1531 si
2446 1477 2536 1529 hic
2560 1492 2685 1530 vere
2722 1474 3249 1543 fuerit,ctjudicem,
3269 1486 3322 1530 et
3349 1493 3552 1545 regem,

1974 1577 2029 1621 et
2082 1582 2203 1636 quae
2246 1566 2314 1621 de
2357 1568 2476 1635 ipso
2532 1566 2747 1635 singula
2783 1566 3061 1629 dicuntur,
3094 1565 3236 1620 sicut
3275 1565 3553 1628 dicuntur,

1976 1672 2100 1711 esse
2149 1657 2520 1712 necessarium
2563 1665 2667 1711 est.
2700 1654 2855 1721 Quod
2908 1657 2954 1709 si
2995 1656 3169 1710 deitas
3199 1655 3337 1711 falso
3380 1657 3449 1711 de
3491 1672 3557 1711 eo

296 1745 489 1814 θεότης
524 1743 796 1813 ψεύδοιτο,
830 1746 964 1816 μηδὲ
996 1746 1123 1800 ἄλλο
1160 1764 1211 1801 τι
1256 1749 1361 1801 τῶν
1393 1750 1521 1819 περὶ
1551 1752 1714 1804 αὐτοῦ
1748 1724 1874 1824 ἁληί

1981 1748 2362 1809 aﬁirmaretur,
2400 1762 2576 1817 neque
2621 1748 2769 1801 aliud
2796 1748 3093 1816 quidquam
3120 1763 3310 1802 eorum
3343 1765 3462 1819 qua:
3488 1750 3554 1802 de

297 1836 467 1889 θεύει.
497 1835 831 1890 Πεισθένθτων
849 1837 1024 1891 τοίνυν
1046 1838 1153 1892 τῶν
1176 1841 1542 1910 ἠπατημένων
1566 1844 1644 1913 τῷ
1670 1844 1878 1913 ψευδώ-

296 1945 467 1999 νυμον
514 1928 605 1980 ὲπὶ
646 1928 740 1981 τοῦ
781 1929 1120 1997 Μονογενοῦς
1160 1928 1299 1985 εἶναι
1340 1932 1439 2003 τὴν
1491 1936 1589 2004 τῆς
1628 1935 1879 2008 θεότητος

297 2019 511 2087 κλῆσινσ
536 2019 599 2070 τὸ
624 2018 757 2089 μηδὲ
784 2019 1086 2089 λατρεύειν,
1120 2022 1254 2092 μηδὲ
1283 2024 1555 2087 σέϐεσθαι,
1588 2027 1721 2098 μηδὲ
1744 2028 1879 2092 ὅλως

296 2110 396 2180 τὴν
438 2110 558 2182 Θεῷ
585 2112 1035 2183 χρεωστουμένην
1078 2113 1372 2184 ἀπονέμειν
1413 2116 1601 2188 τιμὴν,
1642 2133 1880 2185 συγκατ-

297 2200 646 2255 εσκεύασται.
680 2203 799 2256 Ἷνα
838 2202 1016 2256 τοίνυν
1045 2205 1273 2275 ἐνεργὴς
1298 2206 1478 2270 αὐτοῖς
1518 2209 1551 2278 ἡ
1603 2208 1745 2262 κατὰ
1783 2210 1875 2263 τοῦ

298 2294 551 2364 Σωτῆρος
587 2295 926 2365 ἐπιχείρησις
970 2294 1235 2367 γένηται,
1278 2297 1482 2368 ταύτην
1520 2299 1741 2372 εὕροντο
1775 2301 1875 2372 τῆς

186 2384 191 2401 ⁵
299 2382 649 2454 βλασφημίας
680 2382 780 2455 τὴν
813 2383 1034 2454 μέθοδον
1046 2403 1065 2415 ’ν
1087 2386 1517 2456 Συμδουλεύουσι
1548 2390 1622 2462 μὴ
1646 2390 1756 2444 δεῖν
1778 2393 1877 2463 τὴν

298 2473 358 2524 ὲν
398 2475 512 2535 τοῖς
541 2472 721 2536 ἄλλοις
757 2473 981 2544 ὀνόμασι
1007 2476 1288 2530 κοινωνίαν
1324 2478 1660 2542 ἐπισκοπεῖν,
1706 2481 1772 2534 δι’
1801 2476 1876 2536 ὧν

295 2561 357 2613 τὸ
383 2562 649 2631 ὁμότιμον
669 2566 769 2634 τῆς
797 2563 955 2629 ἀξίας
973 2566 1067 2618 τοῦ
1097 2566 1226 2619 Υἱοῦ
1254 2568 1387 2638 πρὸς
1416 2570 1506 2622 τὸν
1528 2572 1743 2643 Πατέρα
1764 2573 1876 2627 δια·

298 2654 638 2724 σημαίνεται,
657 2655 772 2709 ἀλλ’
799 2658 862 2709 ἐκ
890 2657 988 2727 τῆς
1009 2657 1100 2710 τοῦ
1124 2659 1417 2729 ἀγεννήτου
1442 2662 1578 2732 πρὸς
1604 2663 1665 2716 τὸ
1689 2680 1878 2735 γεννη-

294 2744 388 2797 τὸν
429 2744 752 2809 ἀντιθέσεως
798 2746 860 2799 τὸ
894 2747 1343 2818 παρηλλαγμένον
1374 2751 1473 2821 τῆς
1510 2752 1723 2821 φύσεως
1752 2755 1876 2808 συλ-

295 2834 621 2903 λογίζεσθαι·
647 2836 805 2890 τοῦτο
828 2837 935 2909 γάρ
960 2836 1097 2892 εἶναι
1121 2839 1219 2911 τὴν
1244 2840 1394 2894 θείαν
1418 2843 1745 2917 φύσιν,ὅπερ
1779 2864 1875 2917 ση-

298 2926 481 2994 μαίνει
522 2927 585 2980 τὸ
630 2926 729 2998 τῆς
766 2930 1094 2999 ἀγεννησίας
1115 2931 1306 3002 ὄνομα.
1340 2929 1476 2989 Εἶτα
1503 2937 1720 2990 πάντων
1765 2938 1872 2990 τῶν

293 3016 600 3088 ἀνθρώπων
628 3017 737 3072 τῶν
774 3036 838 3088 γε
878 3019 1003 3073 νοῦν
1031 3022 1260 3091 ἐχόντων
1293 3025 1573 3096 ἀμήχανον
1608 3026 1744 3082 εἶναι
1785 3029 1871 3082 λο-

294 3108 600 3181 γιζομένων
631 3111 859 3183 δυνάμει
879 3113 989 3167 τινὶ
1013 3116 1271 3185 ῥημάτων
1291 3116 1389 3187 τὴν
1411 3119 1686 3189 ἄφραστον
1711 3121 1870 3190 φύσιν

294 3199 710 3272 ἑξαγγελθῆναι,
751 3201 875 3256 οὔτε
901 3206 1001 3276 τῆς
1025 3205 1281 3273 γνώσεως
1303 3209 1337 3278 ἡ
1347 3208 1464 3278 μῶν
1496 3208 1752 3265 τοσοῦτον
1782 3213 1867 3266 ἑκ-

293 3291 634 3362 τεινομένης,
670 3291 746 3356 ὡς
781 3294 862 3357 είς
892 3293 962 3347 τὰ
1001 3295 1398 3366 ὑπερεπειιεινα
1428 3298 1538 3353 τῶν
1570 3316 1871 3370 γιγνωσκο-

295 3382 480 3454 μένων
520 3382 764 3452 φθάνειν,
803 3382 927 3439 οὔτε
954 3387 1053 3455 τῆς
1088 3386 1197 3440 τῶν
1221 3387 1393 3457 λόγων
1423 3389 1725 3461 ὑπηρεσίας
1755 3409 1871 3446 τοσ-

291 3476 468 3547 αύτην
506 3476 735 3547 δύναμιν
784 3480 843 3532 ἐν
887 3479 1017 3549 ἡμῖν
1059 3480 1507 3553 κεκληρωμένης,
1558 3483 1634 3548 ὡς
1678 3484 1870 3557 ἱκανὴν

290 3565 517 3622 εἶναιτὸ
543 3568 732 3638 νοηθὲν
768 3569 1095 3639 ἐξαγγεῖλαι,
1135 3573 1292 3644 είπερ
1327 3591 1381 3627 τι
1417 3575 1554 3638 ὅλως
1579 3576 1779 3647 ὑψηλόν
1809 3594 1869 3630 τε

291 3662 390 3716 καὶ
421 3660 568 3715 θεῖον
603 3662 696 3715 ἐπὶ
734 3661 858 3715 νοῦν
894 3662 1055 3717 ἔλθοι.
1094 3664 1262 3719 Πάλιν
1288 3666 1340 3718 οἱ
1371 3667 1523 3737 σοφοὶ
1545 3662 1691 3722 οὗτοι
1732 3669 1870 3723 πολ-

290 3752 392 3825 λὴν
415 3752 745 3825 ἀϐελτηρίαν
767 3755 860 3807 καὶ
889 3755 986 3825 τῆς
1015 3754 1238 3825 λογικῆς
1271 3759 1585 3829 ἐπιστήμης
1615 3760 1871 3832 ἀπειρίαν

292 3845 401 3898 τῶν
427 3844 640 3898 πολλῶν
662 3845 1185 3916 καταψηφιζόμενοι,
1210 3848 1364 3901 αὐτοί
1394 3865 1452 3900 τε
1474 3849 1671 3904 εἰδέναι
1693 3851 1873 3904 διαδε-

293 3931 576 3986 εαιοῦνται
610 3932 834 4004 ταύτην,
868 3934 961 3986 καὶ
993 3930 1074 3998 οἷς
1105 3935 1171 3988 ἂν
1205 3935 1428 4009 ἐθέλωσι
1471 3938 1732 3995 δύνασθαι
1772 3941 1871 4013 τὴν

293 4024 424 4096 περὶ
452 4022 659 4078 τούτων
684 4024 982 4096 ἐμποιῆσαι
1004 4026 1230 4095 γνῶσιν,
1251 4029 1345 4082 καὶ
1365 4030 1453 4084 διὰ
1473 4030 1631 4085 τοῦτο
1654 4032 1871 4102 λέγουσι

296 4114 466 4187 μηδὲν
486 4113 672 4186 ἓτερον
688 4110 946 4188 εἶναιτὴν
974 4116 1124 4171 θείαν
1139 4117 1322 4185 φύσιν,
1357 4120 1497 4191 πλὴν
1519 4120 1618 4193 τὴν
1639 4124 1872 4194 ἀγεννη-

294 4206 421 4261 σίαν
440 4206 630 4277 αὐτήν·
651 4207 744 4260 καὶ
765 4205 970 4278 ταύτην
996 4208 1338 4282 κυριωτάτην
1353 4210 1448 4263 καλ⁸
1474 4212 1759 4285 ἀνωτάτην
1781 4214 1874 4268 καὶ

290 4298 557 4355 ἀνωτάτω
577 4301 1091 4372 προσαγορεύοντες,
1110 4300 1254 4355 ἅπαν
1267 4301 1328 4355 τὸ
1353 4302 1636 4372 μεγαλεῖον
1651 4306 1747 4375 τῆς
1760 4304 1874 4359 θεό-

1980 1838 2098 1907 ipso
2141 1840 2420 1901 dicuntur,
2473 1854 2600 1894 vere
2638 1840 3036 1893 enuntiaretur.
3071 1838 3359 1893 Persuasis
3393 1840 3557 1909 igitur

1981 1929 2092 1985 illis
2118 1932 2213 1999 qui
2253 1930 2464 2001 decepti
2514 1929 2758 1994 fuerunt,
2786 1940 2839 1982 et
2870 1931 2924 1983 in
2956 1928 3198 1984 fraudem
3231 1930 3460 1993 inducti,
3500 1932 3553 1984 in

1982 2020 2272 2090 Unigenito
2294 2021 2514 2076 deitatis
2539 2021 2951 2091 appellationem
2976 2020 3377 2075 falsinominem
3407 2036 3551 2082 esse.

1979 2114 2241 2168 continuo
2270 2128 2444 2181 neque
2477 2128 2600 2167 eum
2634 2112 2920 2167 colendum
2954 2127 3096 2176 esse,
3120 2119 3174 2164 et
3205 2111 3292 2180 pie
3324 2111 3555 2165 adoran-

1978 2204 2130 2267 dum,
2160 2220 2335 2275 neque
2366 2205 2415 2260 ei
2453 2204 2695 2260 debitum
2750 2203 2858 2259 Deo
2894 2204 3156 2258 honorem
3203 2202 3552 2258 tribuendum

1977 2308 2120 2358 esse,
2151 2295 2315 2350 simul
2349 2303 2730 2364 praestructum
2755 2303 2839 2349 est
2866 2313 2880 2348 :
2914 2303 2974 2347 ut
3005 2294 3169 2363 igitur
3198 2293 3385 2347 edit-ax
3409 2306 3555 2348 esset

1978 2394 2169 2441 contra
2198 2388 2531 2442 Salvatorem
2559 2395 2786 2441 conatus
2814 2394 2869 2441 et
2903 2386 3200 2456 aggressio,
3241 2386 3381 2440 hanc
3412 2387 3553 2438 viain

1975 2484 2031 2533 et
2067 2478 2332 2531 rationem
2363 2478 2740 2546 excogitarunt
2761 2519 2771 2529 .
2795 2474 2912 2529 Non
2945 2483 3200 2545 oportere
3235 2476 3552 2539 consulunt,

1977 2584 2097 2639 quae
2127 2580 2209 2625 est
2248 2572 2299 2623 in
2339 2569 2653 2623 nominibus
2693 2568 3136 2622 communionem
3171 2568 3553 2629 considerare,

1976 2662 2176 2731 quibus
2201 2678 2296 2731 par
2328 2663 2503 2714 honor
2548 2660 2830 2730 dignitatis
2864 2658 2984 2714 Filii
3024 2675 3148 2713 cum
3189 2658 3349 2714 Patre
3380 2660 3552 2730 signi-

1980 2755 2202 2819 ﬁcatur;
2232 2753 2327 2808 sed
2349 2770 2414 2806 ex
2446 2752 2667 2822 ingeniti
2699 2767 2823 2805 cum
2857 2751 3042 2821 genito
3061 2752 3421 2821 oppositione,
3454 2767 3553 2805 na-

1975 2852 2111 2900 turae
2141 2844 2502 2900 diﬁ'erentiam
2523 2853 2576 2898 et
2605 2843 2903 2899 discrimen
2942 2843 3364 2899 ratiocinatione
3398 2843 3553 2896 colli-

1974 2948 2139 3002 gere:
2166 2933 2267 2986 hoc
2287 2934 2429 2986 enim
2463 2947 2585 2987 esse
2607 2934 2845 2987 divinam
2878 2940 3129 2986 naturam
3170 2933 3318 3001 quod
3350 2947 3550 2987 nomen

1931 3071 1944 3091 ,
1979 3023 2299 3093 ἀγεννησίας
2353 3021 2647 3091 signiﬁcat.
2683 3020 2885 3076 Deinde
2917 3036 3042 3075 cum
3082 3036 3273 3079 omnes
3307 3022 3551 3076 homines

1978 3122 2158 3170 mente
2197 3114 2407 3184 praediti
2461 3113 2576 3167 ﬁeri
2632 3129 2739 3167 non
2783 3128 2943 3183 posse
2966 3114 3302 3178 existiment,
3328 3122 3388 3168 ut
3440 3114 3550 3167 ulla

1970 3206 2263 3261 verborum
2318 3214 2590 3276 potestate
2650 3205 2938 3262 incifabilis
2967 3217 3162 3260 natura
3213 3208 3548 3269 enuntietur,

1971 3311 2096 3352 cum
2122 3297 2282 3351 etiam
2300 3311 2475 3366 neque
2497 3305 2686 3352 nostra
2714 3298 2955 3368 cognitio
2976 3298 3550 3360 tantuniertendatur,

1972 3397 2031 3442 ut
2059 3388 2127 3443 ad
2170 3389 2260 3443 illa
2294 3403 2413 3458 quin
2442 3396 2706 3458 superant
2737 3390 2922 3443 omnia
2973 3404 3097 3459 quae
3123 3402 3549 3461 cognoscuntur,

1971 3480 2255 3550 pervenire
2282 3482 2476 3550 possit,
2499 3496 2675 3551 neque
2697 3497 3015 3537 sermonum
3039 3483 3402 3538 ministerium
3429 3492 3549 3537 tan-

1971 3579 2082 3626 tam
2115 3572 2171 3625 in
2197 3572 2356 3626 nobis
2392 3581 2713 3642 potestatem
2750 3574 3003 3628 sortitum
3042 3584 3146 3637 est.
3171 3581 3231 3628 ut
3269 3574 3404 3629 satis
3430 3589 3551 3630 esse

1970 3672 2132 3731 queat
2154 3663 2221 3716 ad
2252 3656 2304 3716 id
2321 3663 2464 3733 quod
2483 3673 2662 3719 mente
2677 3665 2983 3735 concipitur
3002 3665 3360 3730 eﬁ‘erendum,
3382 3666 3554 3735 siqui-

1970 3753 2093 3807 dem
2145 3754 2365 3821 penitus
2422 3754 2683 3824 quiddam
2748 3756 3026 3810 excelsnm
3081 3763 3134 3808 ct
3195 3756 3438 3810 divinum
3494 3757 3549 3810 in

1972 3849 2206 3897 mentem
2238 3842 2462 3898 venerit.
2489 3842 2702 3898 Rursus
2726 3842 2816 3897 isti
2861 3843 3135 3911 sapientes
3168 3858 3374 3912 magna:
3401 3846 3550 3900 iner-

1971 3933 2062 3988 tia:
2090 3941 2143 3988 et
2165 3933 2567 4003 disceptatricis
2588 3935 2832 3990 scientiae
2857 3935 3141 4004 imperitiae
3168 3936 3367 3990 multos
3389 3951 3555 3991 accu-

1973 4030 2181 4087 santes,
2231 4022 2336 4092 ipsi
2368 4038 2428 4077 se
2459 4023 2600 4078 hanc
2655 4024 2798 4079 scire
2842 4026 3196 4085 conﬁrmant,
3261 4032 3316 4077 et
3348 4024 3549 4093 quibus

1972 4114 2141 4168 velint
2183 4114 2498 4183 proﬁtentur
2524 4130 2582 4169 se
2599 4129 2759 4183 posse
2782 4114 2849 4167 de
2887 4113 2974 4168 bis
3009 4115 3374 4183 cognitionem
3402 4116 3550 4170 inse—

1972 4221 2113 4263 rere.
2142 4206 2320 4277 Atque
2355 4207 2562 4260 idcirco
2581 4206 2769 4260 dicunt
2802 4207 2934 4260 nihil
2967 4207 3115 4261 aliud
3148 4223 3271 4263 esse
3303 4207 3547 4262 divinam

1974 4305 2225 4352 naturam
2262 4313 2426 4367 quam
2459 4297 2631 4367 ipsam
2667 4297 3016 4369 ἀγεννησίαν,
3061 4308 3115 4353 et
3156 4300 3296 4354 hanc
3349 4300 3555 4370 princi-

290 4408 461 4464 τητος
490 4394 560 4463 τῇ
580 4394 729 4463 φωνῇ
757 4390 929 4464 ταύτῃ
958 4392 1455 4461 ὲγκατακλείουσιν·
1486 4394 1562 4457 ὡς
1593 4396 1658 4450 ὲκ
1681 4396 1871 4451 τούτου

1976 4388 2307 4458 palissimam
2325 4396 2379 4443 et
2411 4403 2741 4458 supremam,
2768 4392 2889 4445 etin
2914 4406 3130 4446 summo
3151 4391 3322 4461 gradu
3356 4391 3552 4461 prandi-

292 4483 825 4550 κατασκευάζεσθαιο
857 4485 906 4537 εξ
928 4486 961 4556 ἡ
985 4485 1275 4555 ἀγεννησία
1311 4486 1372 4539 τὸ
1396 4485 1732 4557 κυριώτατον
1773 4490 1872 4561 τῆς

289 4577 483 4641 οὐσίας
517 4577 654 4640 ἐστὶ,
690 4574 883 4630 καὶτὰ
906 4576 1068 4631 λοιπά
1107 4578 1216 4632 τῶν
1258 4578 1575 4651 θεοπρεπῶν
1594 4582 1873 4651 ὀνομάτων

289 4666 467 4740 ταύτῃ
494 4669 845 4739 συνήρτηται,
873 4668 907 4738 ἠ
934 4667 1146 4740 θεότης,
1171 4671 1204 4740 ἡ
1238 4668 1482 4740 δύναμις,
1520 4672 1553 4742 ή
1575 4671 1870 4745 ἀφθαρσία,

288 4760 391 4812 καὶ
428 4759 497 4813 τά
532 4758 669 4814 ἄλλα
705 4760 899 4814 πάντα.
939 4758 1004 4814 Ei
1030 4756 1123 4815 οὖν
1149 4762 1321 4816 ταῦτα
1350 4763 1442 4815 καὶ
1475 4763 1545 4816 τὰ
1582 4763 1805 4817 τοιαῦτα
1838 4768 1870 4833 ἠ

290 4852 594 4924 ἀγεννησία
629 4854 776 4916 ἐστὶ,
813 4853 1032 4917 πάντως
1070 4856 1118 4908 ει
1152 4855 1312 4908 τοῦτο
1349 4855 1424 4926 μὴ
1464 4855 1714 4925 λέγεται,
1753 4857 1875 4910 οὐδὲ

291 4946 483 4999 ἐκεῖνα
508 4947 675 5000 ἐστίν.
706 4947 797 5009 Ὦς
831 4945 941 5019 γὰρ
965 4947 1023 5001 τὸ
1051 4947 1287 5015 λογικὸν,
1313 4949 1406 5001 καὶ
1438 4947 1500 5001 τὸ
1532 4948 1872 5017 γελαστικὸν,

291 5037 473 5093 καὶτὸ
494 5039 804 5110 ἐπιστήμης
826 5038 1095 5102 δεκτικὸν,
1114 5039 1246 5093 ίδιον
1268 5038 1363 5092 τοῦ
1394 5038 1680 5110 ἀνθρώπου
1704 5040 1871 5093 ἐστίν’

292 5131 345 5183 εί
387 5128 448 5182 δέ
489 5145 543 5183 τι
575 5131 650 5204 μή
689 5132 837 5184 ἐστιν
879 5129 1195 5202 ἄνθρωπος,
1237 5130 1357 5183 οὐδὲ
1391 5132 1449 5183 ὲν
1479 5133 1590 5194 τοῖς
1627 5129 1876 5202 ίόιὼμασι

293 5224 518 5283 πάντως
550 5224 708 5278 ἔσται
738 5225 841 5295 τῆς
880 5225 1096 5295 φύσεως
1116 5265 1131 5290 ,
1166 5222 1338 5288 οὕτως
1377 5223 1536 5296 εἴπερ
1580 5226 1875 5298 ἀγεννησία

293 5315 446 5371 ἔστὶν
472 5312 506 5385 ἡ
535 5316 765 5388 ἀληθινὴ
794 5316 1018 5388 θεότης.
1051 5309 1097 5384 ᾧ
1131 5316 1193 5371 τὸ
1214 5318 1386 5387 ὅνομα
1412 5315 1570 5369 τοῦτο
1594 5317 1668 5387 μὴ
1708 5318 1876 5389 πρόσ-

293 5416 467 5469 εστιν,
492 5404 613 5458 οὐδὲ
640 5403 763 5458 ἄλλο
784 5423 836 5459 τι
866 5406 976 5459 τῶν
998 5403 1095 5477 τὴν
1119 5403 1347 5475 θεότητα
1368 5404 1876 5477 χαρακτηριζόντων

292 5495 472 5568 υὸτῳ
512 5496 729 5561 πάντως
772 5497 1217 5569 ὲφευρεθήσεται.
1266 5498 1375 5565 Τῆς
1425 5492 1519 5552 οὖν
1553 5497 1877 5569 ἀγεννησίας

295 5585 428 5660 περὶ
453 5587 546 5641 τὸν
573 5586 702 5642 Υίδν
726 5587 801 5659 μὴ
824 5587 1144 5659 λεγομένης,
1166 5587 1227 5641 1b
1252 5587 1388 5660 μηδὲ
1407 5588 1476 5642 τὰ
1511 5588 1673 5643 λοιπά
1698 5590 1876 5643 πάντα

297 5680 405 5735 τῶν
432 5679 655 5753 ὕψηλῶν
675 5696 737 5735 τε
767 5680 860 5737 καὶ
898 5679 1218 5753 θεοπρεπῶν
1253 5680 1553 5752 ὀνομάτων,
1585 5680 1672 5735 ἐπ’
1708 5680 1871 5735 αὑτοῦ

1974 4487 2183 4544 cantes,
2224 4479 2489 4549 quidquid
2550 4481 2894 4550 inagnilicum
2948 4490 3033 4536 est
3083 4489 3138 4537 et
3182 4483 3440 4536 eximium
3487 4483 3554 4536 de

1973 4569 2173 4625 deitate
2196 4570 2299 4626 hac
2348 4585 2479 4626 voce
2512 4572 2834 4628 includunt:
2863 4574 2935 4626 ita
2971 4582 3031 4626 ut
3062 4588 3125 4628 ex
3164 4574 3266 4628 hoc
3296 4574 3555 4628 conﬁcia-

1974 4670 2101 4719 tur:
2131 4663 2177 4719 si
2204 4664 2500 4735 ἀγεννησία
2528 4674 2629 4725 est,
2657 4666 2707 4719 id
2741 4664 2886 4735 quod
2921 4666 3441 4735 principalissiimim
3469 4675 3553 4718 est

1973 4755 2243 4817 essential.
2270 4765 2325 4811 et
2350 4756 2556 4825 reliqua
2582 4758 2765 4810 omnia
2788 4774 2908 4827 qua:
2938 4756 3046 4812 Deo
3072 4760 3426 4818 conveniunt,
3452 4757 3553 4810 hac

1976 4848 2363 4917 comprehensa
2401 4857 2532 4903 sunt
2581 4858 2636 4905 et
2677 4865 2913 4913 annexa,
2941 4850 3138 4916 dcitas,
3170 4858 3432 4920 potestas,
3466 4848 3553 4901 in-

1977 4942 2432 5011 corruptibilitas,
2464 4950 2517 4997 et
2546 4942 2653 4996 alia
2680 4942 2883 4995 omnia.
2920 4938 2976 4995 Si
3012 4942 3176 5010 igitur
3220 4941 3331 4996 lucc
3358 4950 3411 4995 et
3447 4940 3550 4993 hn-

1972 5031 2214 5102 jusmodi
2239 5038 2322 5087 est
2351 5032 2666 5103 ἀγεννησία,
2692 5033 2917 5086 omnino
2968 5033 3014 5087 si
3044 5032 3146 5087 hoc
3177 5048 3285 5086 non
3329 5030 3549 5092 dicitur,

1978 5140 2154 5195 neque
2199 5134 2330 5181 sunt
2355 5125 2445 5179 illa
2476 5144 2490 5179 :
2523 5135 2579 5178 ut
2605 5126 2751 5180 enim
2801 5125 3064 5178 rationale
3115 5133 3169 5179 et
3221 5122 3449 5187 risibilc,
3496 5133 3551 5179 et

1976 5217 2217 5273 scientia:
2238 5231 2408 5287 capax
2447 5219 2724 5287 proprium
2765 5225 2851 5272 est
2877 5217 3113 5270 hominis
3148 5233 3162 5270 :
3195 5215 3339 5286 quod
3364 5216 3408 5269 si
3437 5230 3554 5269 am-

1976 5309 2118 5377 plius
2141 5323 2316 5378 neque
2352 5317 2438 5364 est
2468 5309 2651 5372 homo,
2707 5324 2881 5377 neque
2912 5309 2964 5362 in
3002 5308 3554 5377 proprietatibusna-

1977 5410 2113 5457 turre
2128 5400 2424 5456 eritzhaud
2458 5416 2622 5457 secus
2653 5402 2697 5455 si
2744 5401 3039 5469 ὰγεννησία
3068 5410 3154 5455 est
3188 5414 3310 5455 vera
3351 5399 3549 5461 duitas.

1975 5494 2064 5550 cui
2091 5494 2193 5549 hoc
2209 5509 2403 5548 nomen
2431 5508 2540 5549 non
2568 5494 2849 5565 competit,
2877 5510 3049 5563 neque
3082 5493 3225 5548 aliud
3256 5492 3551 5564 quidquam

1975 5603 2162 5642 eorum
2188 5603 2309 5657 que
2338 5588 2588 5642 deitatem
2617 5589 2950 5657 exprimunt,
2997 5586 3050 5640 in
3085 5586 3188 5641 hoc
3217 5585 3443 5639 omnino
3470 5583 3552 5636 in-

1980 5681 2243 5737 venietur.
2270 5680 2325 5735 Si
2379 5696 2509 5752 ergo
2550 5680 2845 5751 ἁγεννησία
2878 5680 2943 5736 de
2992 5678 3127 5736 Filio
3186 5695 3294 5734 non
3333 5674 3549 5739 dicitur,
