4002 6218
543 223 644 282 951

1786 229 1845 287 S.
1881 228 2208 287 GREGOBI!
2243 230 2536 289 NYSSENI
3609 256 3688 311 93!

543 358 720 415 neque
759 344 971 417 reliqua
1025 345 1243 401 excelsa
1269 355 1321 401 et
1350 345 1462 402 Deo
1495 346 1691 404 decora
1728 350 1949 404 nomina
1975 352 2028 405 in
2059 367 2113 405 eo

2226 359 2429 429 κυρίως
2452 356 2707 426 λέγεσθαι
2749 358 3182 430 κατεσκευάσθηο
3217 360 3358 416 τοῦτο
3385 358 3465 420 οὖν
3495 363 3686 444 εἶναιτὴν

545 437 764 528 proprie
798 435 908 495 dici
951 445 1336 508 prastructum
1374 447 1479 502 est;
1511 440 1615 496 hoc
1648 441 1814 512 igitur
1835 458 1958 498 esse
1983 445 2122 499 divi-

543 545 738 584 norum
791 531 1178 603 mysteriorum
1229 535 1774 604 comprehensionem
1833 537 2121 603 definiunt,

544 636 740 693 nempe
767 621 888 677 Filii
929 624 1188 680 deitatem
1214 627 1420 698 sperni,
1450 629 1628 699 palam
1672 627 1786 683 fere
1835 637 1890 683 et
1911 629 1965 682 in
1999 645 2126 698 pro-

545 715 732 782 patulo
769 716 1142 773 exclamantes
1175 718 1324 772 omni
1363 719 1611 778 auditum
1657 720 1943 788 praebenti,
1978 719 2124 789 quod

537 805 802 865 Liccttibi
822 809 1124 863 secundum
1156 810 1523 879 cognitionem
1573 812 1816 881 perfecto
1842 827 1985 878 esse,
2013 827 2123 867 non

543 899 784 950 credenti
841 899 1132 969 Uuigenito
1174 901 1301 965 Deo,
1331 903 1477 973 quod
1513 903 1630 972 ipse
1677 918 1803 958 vere
1839 911 1923 958 est
1956 904 2120 969 Deus,

545 1002 719 1055 neque
745 986 941 1043 Filium
968 990 1171 1046 honore
1193 992 1442 1048 atiicienti
1473 1001 1527 1048 et
1555 994 1775 1058 colenti,
1799 995 1942 1050 sicut
1965 993 2123 1049 Pater

544 1080 844 1133 honoratur
905 1089 960 1136 et
1007 1085 1236 1149 colitur,
1288 1100 1394 1140 non
1427 1084 1623 1140 Filium
1671 1086 1766 1142 sed
1812 1096 2121 1142 creaturam
2174 1148 2176 1150 τ

541 1179 736 1223 natura
763 1172 1092 1228 existimanti
1120 1193 1133 1241 ;
1164 1191 1270 1229 non
1305 1175 1612 1242 Dominum,
1642 1193 1750 1231 non
1785 1177 2000 1239 herum,
2026 1177 2121 1232 sed

514 1277 759 1317 servum
787 1273 841 1318 et
869 1264 1194 1332 subjectum.
1225 1266 1303 1320 Ad
1334 1266 1436 1321 hoc
1463 1268 1609 1322 enim
1639 1277 1855 1337 spectat
1905 1267 2120 1323 consilii

539 1368 728 1406 eorum
753 1354 895 1419 finis,
921 1357 1137 1410 tametsi
1169 1358 1350 1412 verbis
1375 1359 1500 1413 aliis
1520 1358 1857 1429 blasphemia
1879 1359 2123 1429 contegi-

538 1451 650 1500 tur.

607 1535 901 1607 Propterea
937 1539 1085 1592 varie
1136 1539 1402 1610 inpriore
1455 1539 1752 1609 scriptione
1809 1541 2121 1611 tripudians

539 1634 878 1701 argutiarum
929 1632 1184 1686 versutiis
1214 1640 1268 1686 et
1299 1632 1451 1685 varia
1517 1633 1819 1703 ingenitum
1853 1644 1971 1689 arte
2011 1641 2122 1686 tra-

2228 446 2528 518 κατάληψιν
2563 445 2670 498 τῶν
2711 445 2870 498 θείων
2898 446 3208 518 μυστηρίων
3235 448 3492 519 ὁρίζονται,
3522 455 3572 508 τὸ
3599 458 3693 511 d0:-

2227 538 2432 592 τεῑσθαι
2457 537 2548 590 τοῦ
2579 536 2710 590 Υίοῦ
2737 537 2836 608 τὴν
2865 537 3094 608 θεύτητα
3116 577 3132 602 ,
3163 543 3364 608 μονονοὺ
3398 547 3599 615 φανερῶς
3622 549 3694 619 ἐμ.

2227 627 2459 690 ϐοῶντες
2487 626 2650 680 παντὶ
2680 626 2758 697 τῷ
2783 627 2881 699 τὴν
2907 627 3074 697 ἀκοὴν
3099 628 3355 698 ύπέχοντι,
3383 632 3454 684 ὅτι
3473 629 3547 684 Σοὶ
3564 636 3695 702 ἔξεστι

2225 719 2413 790 τελείῳ
2441 719 2580 773 κατὰ
2603 718 2699 788 τὴν
2728 717 2928 786 γνῶσιν
2957 715 3092 772 εῖναι
3111 759 3125 783 ,
3162 720 3231 789 μὴ
3261 721 3525 775 πιστεύοντι
3548 725 3609 794 τῷ
3625 726 3696 779 llo-

2225 815 2432 882 νογενεῖ
2457 810 2594 881 θεῷ,
2625 813 2708 865 ὅτι
2739 811 2856 865 ἐστὶ
2881 812 3011 875 Θεὸς
3040 811 3246 882 ἀληθῶς
3267 828 3279 842 ·
3315 811 3382 884 μὴ
3410 816 3596 885 τιμῶντι
3632 819 3697 871 τὸν

2226 905 2372 972 Υίδν,
2396 904 2575 968 καθὼς
2595 907 2817 976 τιμᾶται
2842 906 2870 956 ὁ
2893 904 3101 976 Πατὴρ,
3140 906 3212 976 μὴ
3243 904 3376 970 Υἱὸν,
3407 906 3518 959 ἀλλὰ
3548 909 3700 980 κτίσμα

2225 997 2366 1051 κατά
2397 998 2495 1067 τὴν
2532 997 2692 1067 φύσιν
2716 994 2854 1050 εἶναι
2891 997 3182 1066 νομίζοντι·
3241 998 3309 1068 μὴ
3336 998 3530 1069 Κύριον,
3559 1001 3617 1070 μὴ
3637 1001 3699 1054 διο

2226 1089 2453 1159 σπότην,
2487 1089 2622 1144 ἀλλά
2645 1087 2827 1142 δοῦλον
2852 1089 2944 1142 καὶ
2971 1089 3298 1159 ὑποχείριον.
3332 1089 3458 1159 Πρὸς
3477 1089 3604 1163 τοῦτο
3626 1091 3701 1162 γὰρ

2227 1177 2410 1248 βλέπει
2441 1179 2500 1232 τὸ
2523 1179 2693 1249 πέρας
2714 1181 2812 1249 τῆς
2843 1177 3170 1249 συμϐουλῆς,
3199 1177 3297 1231 κᾶν
3328 1177 3506 1249 ἑτέροις
3526 1180 3702 1251 ῥήμασιν

2225 1273 2257 1343 ἡ
2293 1271 2605 1342 βλασφημία
2631 1288 2698 1323 πε
2707 1269 3128 1342 ρικαλύπτηται.

2292 1536 2392 1591 Διά
2413 1536 2583 1590 ταῦτα
2615 1535 2874 1600 ποικίλως
2909 1536 3049 1589 κατά
3095 1536 3193 1606 τὴν
3235 1537 3478 1608 προτέραν
3509 1541 3707 1610 λογογραυ

2224 1632 2350 1698 φίαν
2401 1628 2810 1700 ὲμπυρριχίζων
2838 1631 2902 1699 τῇ
2933 1627 3042 1681 τῶν
3071 1631 3408 1698 σοφισμάτων
3435 1634 3620 1701 στροφῇ,
3646 1633 3712 1684 καὶ

538 1698 717 1788 ctans,
741 1725 1092 1792 deceptorum
1117 1725 1342 1792 surripit
1365 1698 1802 1793 intelligentiam,
1832 1726 1887 1779 in
1920 1726 2113 1795 quibus

2219 1698 2492 1793 διαφόρως
2538 1698 2866 1792 τε-χνολογῶν
2911 1720 2971 1773 τὸ
3013 1721 3326 1789 ἀγέννητον,
3363 1698 3609 1776 ἐκκλέπτει
3642 1723 3712 1794 τὴν

537 1814 670 1866 dicit
697 1830 710 1867 :
744 1813 920 1877 Quare
951 1813 998 1865 si
1027 1829 1188 1882 neque
1223 1829 1287 1865 ex
1331 1815 1786 1880 commentatione,
1813 1831 1974 1884 neque
2005 1817 2118 1884 pri-

537 1904 764 1967 vatione,
799 1917 959 1972 neque
997 1903 1049 1954 in
1069 1913 1249 1971 parte;
1279 1914 1356 1955 est
1389 1904 1528 1956 enim
1567 1906 1737 1972 partis
1759 1920 1976 1968 exsors;
2012 1907 2118 1960 sive

535 1998 856 2059 individuus,
891 2013 1052 2067 neque
1082 1999 1135 2049 in
1166 1998 1277 2066 ipso
1302 2009 1380 2051 est
1431 1997 1676 2060 alterum,
1709 2015 1846 2052 unus
1896 2001 2034 2053 enim
2067 2010 2119 2054 et

535 2089 680 2144 solus
703 2090 956 2158 ingenitus
980 2103 998 2142 :
1027 2089 1135 2156 ipse
1156 2090 1316 2159 igitur
1339 2090 1568 2159 ingenita
1589 2092 1686 2144 erit
1705 2092 1952 2144 essentia.
1979 2092 2115 2146 Cum

535 2183 698 2251 igitur
729 2181 922 2234 doctor
974 2189 1161 2234 noster
1219 2182 1588 2250 perspexisset
1654 2181 1914 2235 damnum
1970 2183 2116 2251 quod

533 2290 599 2328 ex
629 2275 955 2327 necessitate
994 2275 1350 2343 consequitur
1386 2282 1438 2328 et
1474 2273 1708 2344 maligne
1747 2277 2025 2331 succussis
2054 2292 2118 2332 ac

535 2365 778 2434 decisptis
807 2365 1062 2431 infertur,
1095 2366 1243 2434 quod
1276 2366 1451 2435 ipsius
1479 2374 1558 2420 est
1594 2369 1648 2420 in
1670 2366 1961 2421 Dominum
1986 2384 2117 2422 con-

533 2455 789 2511 fessionis
824 2456 1211 2525 transgressio,
1257 2471 1450 2526 nempe
1505 2457 1756 2511 assensio
1792 2457 1954 2526 hujus
1991 2474 2118 2528 pro-

535 2547 821 2618 positionis
884 2549 1062 2618 ipsum
1116 2563 1379 2603 non‘esse
1432 2564 1558 2603 vere
1617 2547 1810 2613 Deum,
1868 2551 1933 2604 ad
1967 2551 2111 2620 quod

531 2639 826 2702 Verborum
885 2639 1079 2692 horum
1144 2640 1460 2693 consecutio
1497 2648 1824 2710 contorquet
1882 2641 2114 2711 dogma;

532 2739 815 2800 propterea
857 2729 961 2782 hoc
1017 2727 1237 2797 quidem
1275 2737 1332 2781 ut
1370 2738 1576 2797 partem
1630 2746 1737 2783 non
1773 2732 1824 2784 in
1869 2731 1978 2786 Deo
2008 2731 2114 2786 dici

529 2822 628 2892 τήν
686 2819 1020 2890 άγεννησίαν
1083 2833 1191 2872 non
1249 2820 1612 2884 contradicit,
1674 2823 2015 2892 simplexque
2064 2831 2118 2877 et

530 2911 856 2984 quantitatis
916 2909 1420 2979 magnitudinisque
1453 2926 1655 2980 expers
1685 2923 1739 2967 et
1774 2915 2115 2982 incomposi—

2217 1815 2456 1868 διάνοιαν
2477 1814 2584 1866 τῶν
2616 1813 2990 1885 ὲξαπατήτων,
3032 1815 3089 1866 ὲν
3134 1811 3217 1877 οἷς
3257 1830 3427 1885 φησιν·
3464 1815 3652 1869 Οὐκοῦν
3678 1819 3716 1868 εί

2213 1905 2367 1974 μήτε
2393 1906 2518 1957 κατ’
2548 1904 2838 1968 ἐπίνοιαν,
2856 1902 3008 1972 μήτε
3032 1905 3184 1957 κατὰ
3216 1904 3500 1973 στέρησιν,
3524 1907 3644 1973 μήτε
3666 1907 3716 1958 ὲν

2219 1996 2411 2066 μέρειο
2442 1995 2666 2066 ἀμερὴς
2683 1994 2812 2065 γάρ’
2840 1995 2993 2064 μήτε
3016 1996 3085 2048 ἐν
3106 1995 3268 2060 αὐτῷ
3287 1997 3443 2049 ἐστιν
3461 1991 3718 2064 super,qu

2216 2092 2328 2160 γὰρ
2371 2089 2469 2142 καί
2517 2089 2698 2158 μόνος
2752 2086 3095 2156 ἁγέννητος”
3137 2088 3321 2152 αὐτὸς
3366 2086 3437 2140 ἂν
3459 2088 3538 2153 εἵη
3583 2088 3719 2140 οὐσία

2217 2184 2567 2256 ἀγέννητος.
2611 2180 2847 2234 Συνιδὼν
2889 2181 3069 2234 τοίνυν
3102 2181 3130 2233 ὁ
3161 2180 3464 2243 διδάσκαλος
3489 2179 3617 2251 ήμῶν
3649 2181 3719 2250 τὴν

2217 2279 2280 2331 ἐκ
2333 2277 2433 2345 τῆς
2486 2276 2728 2345 ἀνάγκης
2776 2273 3130 2344 ἐγγινομένην
3181 2276 3292 2337 τοῖς
3338 2273 3720 2343 παρακρουσθείσι

2218 2368 2447 2440 ζημίαν,
2481 2367 2563 2420 ὅτι
2599 2366 2771 2434 αὐτῆς
2800 2367 2913 2417 ἐστι
2941 2367 3037 2435 τῆς
3064 2366 3145 2428 εἰς
3171 2364 3265 2417 τὸν
3297 2362 3722 2436 Κύριονὸμολογίας

2218 2460 2531 2532 παράϐασις
2560 2459 2593 2528 ή
2629 2458 2757 2530 περὶ
2793 2456 2886 2509 τοῦ
2923 2457 2996 2527 μὴ
3041 2452 3186 2509 εἶναι
3228 2457 3384 2510 αὑτὸν
3419 2456 3603 2524 ἀληθῶς
3628 2454 3726 2506 Θεὸν

2219 2549 2636 2618 συγκατάθεσις·
2663 2549 2740 2610 είς
2765 2547 2902 2618 ὅπερ
2927 2547 2959 2616 ἡ
2991 2546 3099 2598 τῶν
3130 2547 3390 2617 ῥημάτων
3419 2545 3599 2598 τούτων
3627 2544 3725 2595 (mo

2216 2641 2402 2695 λουθία
2433 2639 2802 2710 καταστρέφει
2836 2639 2895 2691 τὸ
2922 2637 3116 2707 δόγμα.
3151 2639 3258 2691 Διά
3299 2637 3450 2691 τοῦτο
3479 2637 3531 2690 τ’)
3558 2636 3637 2706 μὲν
3673 2635 3730 2698 ὡς

2222 2734 2383 2804 μέρος
2414 2733 2487 2804 μὴ
2522 2731 2867 2799 ἐπιλέγεσθαι
2913 2730 2992 2799 τῷ
3029 2729 3146 2801 Θεῷ
3184 2731 3284 2802 τὴν
3330 2729 3620 2799 ἀγεννησίαν
3656 2727 3731 2778 οὑκ

2217 2825 2521 2894 ἀντιλέγει,
2564 2823 2768 2878 ἀπλοῦν
2807 2840 2865 2876 τε
2902 2823 2994 2876 καὶ
3035 2822 3246 2876 ἄποσον
3280 2823 3370 2876 καὶ
3405 2821 3639 2893 ἀμέγεθες
3664 2819 3734 2871 καὶ

2220 2917 2516 2972 ἀσύνθετον
2547 2917 2642 2970 καὶ
2681 2915 2841 2979 αὐτὸς
2874 2915 3254 2986 συνομολογῶν
3281 2912 3414 2969 εἶναι
3444 2913 3497 2968 τὸ
3517 2914 3659 2974 Θεῖον,
3689 2909 3734 2963 τὸ

530 3014 646 3062 tum
699 3005 861 3059 etiam
895 3003 1011 3072 ipse
1048 3001 1212 3055 Deum
1237 3001 1529 3068 confitens,
1558 3003 1662 3058 hoc
1700 3013 1878 3059 autem
1944 3021 2113 3074 neque

2222 3010 2279 3063 δὲ
2303 3010 2424 3063 κατ’
2464 3008 2707 3062 ἐπίνοιαν
2743 3009 2816 3080 μὴ
2859 3008 2968 3062 δεῖν
3003 3009 3090 3061 ἐπ’
3137 3008 3307 3062 αὐτοῦ
3351 3007 3444 3080 τὴν
3481 3004 3738 3075 ἐπωνυμίαν

531 3097 837 3155 secundum
873 3093 1393 3148 commentationem
1445 3105 1699 3164 oportere
1728 3096 1783 3150 in
1821 3097 1938 3166 ipso
1973 3097 2114 3152 hanc

529 3187 1063 3258 coguomlnationem
1085 3183 1216 3248 dici,
1242 3194 1296 3238 et
1324 3186 1658 3240 contradicit
1681 3193 1737 3241 et
1753 3190 2116 3242 demonstrat:

525 3275 725 3350 quibus
802 3292 914 3332 non
973 3277 1282 3330 immanens
1349 3293 1526 3347 neque
1591 3279 1952 3348 acquiescens
2011 3280 2113 3336 iste

528 3371 890 3440 scriptitator,
942 3383 1138 3423 rursus
1188 3369 1348 3424 nobis
1386 3362 1550 3424 suam
1569 3371 1894 3440 sapientiam
1937 3372 1991 3426 in
2023 3387 2112 3428 se»

525 3463 708 3522 cundo
734 3477 987 3518 sermone
1009 3476 1073 3515 ex
1115 3460 1350 3514 adverso
1386 3461 1603 3530 objicit,
1634 3462 1720 3518 his
1749 3478 1870 3532 quae
1899 3461 1968 3518 de
2004 3463 2117 3534 opi-

527 3560 713 3622 nioue,
760 3555 812 3610 id
862 3561 969 3616 est,
1002 3553 1469 3609 commentatione
1512 3554 1659 3610 dicta
1701 3554 1922 3610 fuerunt
1955 3571 2114 3627 repu-

659 3665 668 3697 I
711 3685 723 3698 .

525 3662 703 3792 “se:
730 3743 944 3803 tempus
970 3741 1337 3802 opportunum
1393 3733 1554 3788 fuerit
1613 3733 1905 3804 reliquum,
1966 3734 2113 3805 quod

527 3829 592 3884 ad
680 3828 781 3881 hoc
852 3826 1085 3896 pertinet
1155 3827 1510 3881 astruclionis
1583 3826 1720 3896 ipsis
1793 3826 1850 3880 in
1908 3843 2113 3883 memo-

525 3923 661 3977 riam
690 3933 967 3980 revocare,
1005 3925 1217 3972 tantum
1253 3917 1357 3972 hoc
1389 3917 1564 3974 solmn
1621 3918 1922 3974 subdentes
1954 3921 2106 3975 :Non

523 4021 608 4068 est
633 4013 686 4065 in
718 4012 955 4064 humana
1008 4017 1205 4061 natura
1246 4006 1502 4071 facultas,
1534 4008 1600 4062 ad
1637 4017 1887 4062 exactam
1915 4009 2107 4078 cogni-

526 4106 725 4160 tionem
787 4101 1039 4157 essentia:
1073 4100 1164 4156 Dei
1219 4119 1231 4155 :
1271 4100 1501 4156 fortasse
1531 4108 1716 4156 autem
1748 4101 1852 4154 hoc
1882 4100 1938 4154 in
1991 4101 2107 4156 sola

523 4199 762 4254 humana
794 4196 1031 4266 potentia
1057 4195 1325 4248 afﬁrmare
1351 4209 1542 4263 parum
1573 4201 1688 4260 est;
1723 4207 1912 4247 verum
1943 4193 2104 4247 etiam

523 4293 900 4360 incorpoream
958 4296 1208 4341 naturam
1262 4286 1574 4342 inferiorem
1627 4287 1672 4343 si
1729 4285 1854 4356 quis
1885 4285 2102 4351 dixerit,

2222 3100 2472 3169 λέγεσθαι
2515 3099 2743 3170 ταύτην,
2795 3101 2890 3154 καὶ
2935 3099 3210 3169 ἀντιλέγει
3263 3101 3353 3154 καὶ
3398 3099 3733 3153 ἀποδείκνυσιν

2213 3186 2295 3254 οἷς
2319 3190 2420 3243 οὐκ
2449 3191 2702 3260 ἐμμένων
2733 3192 2761 3243 ὁ
2800 3191 3162 3262 λογογράφος,
3200 3193 3359 3247 πάλιν
3386 3193 3512 3263 ἡμῖν
3532 3190 3616 3259 τὴν
3640 3185 3738 3256 παρ’

2215 3280 2408 3334 ἑαυτοῦ
2459 3282 2652 3352 σοφίαν
2692 3281 3138 3351 ἀντικαθίστησιν
3198 3284 3256 3335 ἐν
3283 3281 3358 3352 τῷ
3409 3278 3620 3349 δευτέρῳ
3656 3274 3738 3326 τῶν

2213 3372 2404 3443 λόγων,
2440 3375 2553 3437 τοῖς
2603 3373 2729 3444 περὶ
2772 3374 2871 3444 τῆς
2919 3372 3166 3437 ἐπινοίας
3217 3374 3455 3445 ῥηθεῖσιν
3499 3364 3740 3440 ἀντιμαχόα

2217 3479 2397 3533 μενος.

2282 3722 2485 3794 Καιρὸς
2511 3721 2554 3775 δ’
2582 3722 2647 3776 ἂν
2673 3724 2756 3792 εἴη
2788 3723 2972 3777 λοιπὸν
3013 3725 3107 3777 καὶ
3141 3726 3331 3791 αὐτοῖς
3373 3725 3645 3799 μνησθῆναι
3666 3721 3740 3792 τῆς

2210 3818 2290 3880 είς
2325 3814 2482 3869 τοῦτο
2522 3816 2888 3886 κατασκευῆς,
2931 3818 3185 3872 τοσοῦτον
3239 3821 3561 3881 ὑπειπόντας
3592 3816 3738 3887 μόνον’

2208 3906 2322 3962 Οὐκ
2349 3907 2494 3962 ἔστιν
2541 3911 2598 3962 ὲν
2640 3909 2952 3980 ἀνθρωπίνῃ
2999 3911 3159 3980 φύσει
3203 3912 3433 3982 δύναμις
3474 3913 3548 3974 είς
3582 3903 3740 3980 ἀκριϐῆ
3825 3936 3836 3960 ι

2208 4000 2532 4070 κατανόησιν
2564 3999 2698 4052 Θεοῦ
2741 4000 2962 4063 οὐσίας·
2990 4002 3130 4072 τάχα
3173 4003 3234 4058 δὲ
3283 4004 3476 4076 μικρόν
3523 4004 3648 4055 ἐστιν
3671 3995 3742 4049 ἐπὶ

2210 4096 2377 4167 μόνης
2403 4094 2783 4166 ἀποφήνασθαι
2811 4095 2969 4149 τοῦτο
2992 4097 3093 4166 τῆς
3115 4098 3466 4170 ἀνθρωπίνης
3484 4093 3740 4162 δυνάμεως⁶

2205 4186 2341 4241 ἀλλὰ
2376 4186 2470 4240 καί⁵
2501 4187 2602 4256 τὴν
2627 4185 2918 4257 ἀσώματον
2972 4187 3151 4241 κτίσιν
3199 4188 3458 4243 ἐλάττονά
3479 4204 3556 4250 τις
3595 4181 3744 4244 simi":

2204 4278 2404 4351 ῆῶστε
2435 4278 2682 4350 χωρῆσαι
2711 4279 2805 4333 καὶ
2840 4277 3156 4347 περιλαϐεῖν
3191 4282 3259 4351 τῇ
3301 4276 3494 4348 γνώσει
3519 4271 3747 4346 cur},de-

523 4359 694 4451 qoam
715 4385 775 4432 ut
807 4379 982 4450 possit
1009 4392 1210 4448 capere
1236 4385 1289 4432 et
1323 4377 1612 4446 complecti
1639 4377 1952 4449 cognitione
1981 4376 2103 4431 iuli-

2210 4390 2328 4427 στον
2363 4370 2542 4441 φύσιν,
2580 4373 2640 4424 ού
2685 4371 2780 4425 τοῦ
2824 4371 3024 4434 πάντος
3071 4372 3475 4444 ἁμαρτήσεται,
3511 4363 3608 4422 οἷον
3636 4359 3749 4414 ἔστιν

524 4473 694 4526 nitam
747 4480 1021 4533 naturam,
1057 4485 1236 4539 neque
1267 4469 1494 4524 omnino
1531 4470 1831 4534 aberrabit,
1875 4475 1933 4524 ut
1975 4469 2103 4524 licet

523 4564 786 4634 exemplis
809 4562 1178 4618 familiaribus
1209 4561 1393 4614 animo
1427 4561 1734 4632 percipere.
1783 4559 1940 4627 Quod
1975 4575 2099 4615 cum

523 4655 690 4710 multa
718 4655 828 4710 sint
854 4654 1017 4710 etiam
1058 4650 1363 4708 dilferentia
1417 4667 1538 4720 quas
1563 4667 1660 4722 per
1688 4667 1906 4708 carnem
1933 4653 2100 4706 vitam

524 4747 726 4802 sortita
782 4753 914 4801 sunt
942 4744 1224 4811 animalia,
1278 4743 1526 4814 quaedam
1558 4742 1776 4813 quidem
1833 4743 2102 4808 volatilia,

523 4840 770 4909 quasdam
829 4853 959 4892 vero
1012 4837 1319 4901 terrestria,
1355 4835 1612 4906 quodque
1669 4835 1846 4891 nubes
1877 4846 2100 4906 superat

526 4931 737 4985 alarum
766 4927 989 4988 virtute,
1019 4933 1074 4980 et
1101 4926 1244 4996 quod
1273 4927 1426 4982 cavis
1461 4925 1683 4991 insidet,
1717 4933 1773 4980 et
1804 4924 1861 4978 in
1902 4926 2103 4980 latibu-

526 5023 594 5075 lis
618 5021 794 5073 latitat
831 5036 846 5074 ε
890 5017 936 5073 si
978 5017 1198 5086 quidem
1251 5017 1396 5070 inter
1447 5032 1506 5071 se
1553 5023 1967 5086 comparentur,
1996 5031 2102 5072 non

527 5127 721 5184 parum
757 5111 961 5164 distare
987 5107 1264 5164 videbitur
1286 5108 1492 5162 aerium
1526 5124 1553 5160 a
1585 5107 1852 5163 terrestri.
1886 5107 1944 5161 Si
1975 5123 2106 5162 vero

527 5219 651 5258 cum
678 5202 974 5265 sideribus,
1006 5207 1062 5255 et
1093 5216 1199 5254 non
1227 5209 1446 5254 errante
1474 5198 1605 5254 orbe
1634 5199 1726 5252 fiat
1746 5197 2102 5266 comparatio,

527 5295 664 5350 nihil
701 5296 880 5350 minus
906 5309 936 5347 a
967 5292 1109 5347 cwlo
1135 5291 1435 5346 discretum
1468 5305 1590 5346 esse
1621 5289 1767 5360 quod
1800 5289 1854 5342 in
1881 5287 2103 5343 sublimi

527 5403 624 5457 per
649 5387 884 5440 volatqu
919 5384 1112 5451 fertur,
1155 5384 1223 5438 ab
1262 5382 1592 5438 animalibus
1631 5381 1983 5437 terrestribus
2016 5397 2107 5450 pu-

527 5479 753 5530 tabitur.
790 5475 884 5530 Sic
914 5477 1231 5545 angelorum
1261 5481 1505 5545 potestas
1534 5487 1658 5527 eum
1687 5480 1872 5527 nostra
1907 5471 2106 5526 collata

528 5565 702 5620 multo
742 5567 864 5634 plus
927 5565 1240 5633 praecellere
1270 5563 1508 5628 videtur,
1549 5561 1699 5634 quod
1742 5562 1895 5616 nullo
1941 5575 2104 5616 sensu

529 5656 891 5716 iuterturbata
948 5657 1088 5710 nuda
1129 5657 1462 5733 etwrevelata
1515 5654 1816 5725 cognitrice
1838 5661 2106 5727 potestate

2205 4465 2298 4520 ἐπὶ
2353 4463 2463 4517 τῶν
2510 4463 2632 4517 καθ’
2659 4465 2806 4533 ἡμᾶς
2853 4463 3271 4534 ὑποδειγμάτων
3325 4463 3621 4532 ὑπονοῆσαι.
3653 4454 3748 4506 Ὅτι

2204 4553 2413 4608 πολλῶν
2434 4554 2602 4608 ὄντων
2636 4554 2730 4607 καὶ⁵
2755 4553 3025 4625 διαφόρων
3045 4553 3154 4607 τῶν
3179 4553 3273 4607 διὰ
3306 4552 3506 4624 σαρκὸς
3529 4548 3616 4620 τὴν
3636 4541 3751 4611 ζωὴν

2205 4645 2517 4717 εἰληχότων,
2548 4644 2656 4698 τῶν
2693 4645 2792 4714 μὲν
2827 4644 3062 4716 πτηνῶν,
3087 4646 3198 4700 τῶν
3225 4646 3286 4699 δὲ
3320 4643 3597 4716 χερσαίων,
3627 4634 3679 4690 τό
3704 4646 3751 4684 τι

2171 4737 2506 4809 ’ὑπερνεφὲς
2558 4738 2616 4790 ἓν
2665 4740 2731 4809 τῇ
2780 4733 2888 4792 τῶν
2935 4737 3151 4810 πτερῶν
3201 4738 3437 4808 δυνάμει
3486 4732 3752 4803 γενόμενονν

2206 4830 2299 4883 καὶ
2327 4829 2387 4882 τὸ
2419 4831 2528 4892 τοῖς
2564 4828 2762 4892 κοίλοις
2803 4828 3196 4900 καθιδρυμένον
3237 4830 3336 4883 καὶ
3373 4822 3680 4898 ἐμφωλεῦον.
3705 4815 3753 4870 ΕΙ

2209 4919 2307 4989 μὲν
2350 4919 2486 4990 πρὸς
2526 4917 2729 4988 ἄλληλα
2767 4917 3035 4986 κρίνοιντο
3057 4959 3072 4984 ,
3106 4918 3206 4972 οὐκ
3239 4919 3424 4989 ὀλίγον
3454 4915 3518 4970 ἀν
3558 4907 3756 4982 ἀφεστά-

2205 5026 2292 5062 ναι
2325 5009 2450 5080 δόξῃ
2489 5007 2582 5062 τοῦ
2615 5008 2866 5080 χερσαίου
2914 5009 2973 5062 τὸ
3015 5009 3296 5081 ἐναέριονυ
3347 5012 3395 5062 εί
3445 5009 3499 5062 δὲ
3549 5005 3668 5076 πρὸς
3705 4996 3755 5050 τὶ

2205 5101 2398 5170 ἄστρα,
2449 5101 2542 5154 καὶ
2597 5099 2695 5170 τὴν
2748 5099 2959 5172 ἀπλανῆ
3011 5105 3248 5174 σφαῖραν
3293 5104 3328 5174 ή
3376 5100 3642 5171 σύγκρισις
3671 5089 3752 5157 εἴη,

2206 5192 2357 5244 οὐδὲν
2385 5191 2603 5244 ἔλαττον
2645 5191 2973 5261 κεχωρίσθαι
3015 5191 3108 5244 τοῦ
3157 5191 3394 5263 οὐρανοῦ
3439 5191 3498 5243 τὸ
3533 5197 3739 5259 μετεωρο

2207 5281 2408 5346 ποροῦν
2459 5281 2548 5334 διὰ
2609 5283 2858 5352 πτήσεως
2917 5283 3022 5337 τῶν
3075 5286 3199 5354 περὶ
3256 5285 3368 5354 γῆν
3417 5279 3758 5353 νομισθήσεται

2208 5371 2381 5437 ζώων.
2416 5372 2602 5437 Οὕτως
2636 5370 2731 5427 καῖ
2765 5378 2797 5445 ὴ
2847 5377 2955 5429 τῶν
3003 5376 3251 5444 ἀγγέλων
3297 5375 3547 5444 δύναμις,
3586 5367 3656 5439 τῷ
3682 5365 3758 5436 μὲν

2205 5463 2460 5534 ἡμετέρῳ
2510 5466 2942 5537 συγκρινομένη,
3010 5465 3269 5538 πάμπολυ
3325 5465 3574 5537 προέχειν
3618 5455 3758 5518 δοκεῖ,

2206 5556 2286 5608 ὅτι
2336 5555 2592 5626 οὐδεμιᾶς
2644 5558 2944 5629 αἰσθήσεως
2979 5556 3322 5630 ἐνοχλούσης,
3364 5557 3543 5628 γυμνῇ
3588 5567 3642 5603 τε
3684 5547 3761 5602 καὶ
3859 5554 3874 5564 ‘

2209 5649 2656 5723 ἀπαρακαλύπτῳ
2708 5654 2773 5724 τῇ
2822 5655 3092 5725 γνωστικῇ
3141 5650 3370 5722 δυνάμει
3425 5649 3532 5703 τῶν
3575 5638 3761 5719 MN?”
