4002 6218
291 296 401 353 933

1425 291 1704 350 CONTRA
1733 291 2126 365 EUNOMIUM,
2162 296 2288 356 LIB.
2333 299 2448 355 XII.

3451 312 3555 371 93d

288 417 638 491 ἐπορέγεται.
671 414 735 469 Et
757 413 814 468 δὲ
838 413 976 485 πρὸς
999 412 1060 467 τὸ
1095 413 1381 485 μεγαλεῖον
1411 416 1504 469 τοῦ
1531 416 1700 480 ὅντως
1726 415 1840 468 όντο

1943 454 1949 475 ι
1984 432 2106 486 qua:
2137 430 2267 476 sunt
2313 422 2529 478 excelsa
2562 431 2615 478 et
2647 433 2859 480 summa
2904 425 3132 498 expetit.
3161 428 3318 495 Quod
3345 432 3393 487 si
3425 449 3552 490 cum

287 508 385 563 καὶ
408 508 444 579 ἡ
478 505 702 560 ἐκείνων
743 503 1045 574 κατάληψις
1086 503 1408 569 ἐξετάζοιτο,
1446 507 1585 576 τάχα
1612 505 1641 557 ὁ
1672 506 1874 577 τολμή-

289 617 390 662 σας
420 600 591 652 εἰπεῖν
620 596 695 667 μὴ
741 597 929 668 πόρρω
963 597 1062 667 τῆς
1106 596 1378 667 ἡμετέρας
1416 596 1750 669 βραχύτητος
1772 599 1873 669 ,καί

285 691 386 761 τὴν
414 688 637 743 ἐκείνων
667 687 897 759 δύναμιν
930 688 1226 756 ἀφεστάναι
1253 691 1350 760 τῆς
1405 688 1553 752 θείας
1606 693 1872 763 κατανοή-

288 799 447 846 σεως,
487 782 586 835 ούκ
625 779 730 844 ἔξω
767 778 861 832 τοῦ
909 778 1114 842 εἰκότος
1165 779 1547 851 ἀποτολμήσει.
1575 782 1715 836 Πολὺ
1761 786 1870 854 γὰρ

284 875 349 927 τὸ
378 874 542 944 μέσον
588 872 682 925 καὶ
728 869 1080 940 ἀδιεξίτητον,
1131 864 1176 939 ᾧ
1208 870 1342 940 πρὸς
1385 872 1483 943 τὴν
1522 875 1743 946 κτιστὴν
1775 878 1868 930 ού-

288 965 410 1016 σίαν
446 963 480 1032 ή
512 960 763 1022 ἀκτιστος
796 958 957 1028 φύσις
982 958 1425 1029 διατετείχισται·
1456 959 1594 1032 αὓτη
1625 962 1869 1034 πεπερά-

282 1072 473 1116 τωται,
496 1053 680 1122 ἐκείνη
696 1051 867 1121 πέρας
897 1050 996 1103 ούκ
1025 1049 1156 1119 ἔχει’
1188 1049 1326 1120 αὕτη
1347 1054 1457 1115 τοῖς
1481 1051 1625 1115 ἰδίοις
1651 1054 1868 1124 μέτροις

281 1145 429 1199 κατά
462 1145 522 1197 τὸ
555 1142 757 1214 ἀρέσαν
797 1144 862 1212 τῇ
898 1141 1058 1211 σοφίᾳ
1095 1141 1188 1194 τοῦ
1233 1142 1590 1208 πεποιηκότος
1636 1144 1865 1215 ἐμπερι-

282 1238 570 1306 είληπταιο
601 1235 700 1304 τῆς
735 1233 791 1286 δὲ
828 1233 1023 1304 μέτρον
1056 1234 1088 1304 η
1120 1233 1363 1304 ἀπειρία.
1390 1232 1537 1304 Αὕτη
1570 1234 1865 1306 διάστημα-

276 1330 410 1398 cui}
458 1338 560 1379 τινι
609 1324 912 1397 παρατάσει
963 1324 1506 1394 συμπαρεκτείνεται,
1559 1326 1651 1377 καὶ
1689 1327 1863 1396 χρόνῳ

279 1418 379 1471 καὶ
403 1417 549 1486 τόπῳ
572 1413 1017 1485 περιειργομένησ
1043 1412 1223 1481 ἐκείνη
1251 1414 1646 1485 ὑπερεκπῖπτει
1680 1418 1863 1470 πᾶσαν

274 1508 639 1579 διαστήματος
671 1504 909 1559 ἔννοιαν·
950 1503 1191 1576 καθόπερ
1236 1505 1299 1558 ἄν
1346 1523 1428 1569 τις
1472 1506 1732 1579 ἐπιϐάλλῃ
1771 1507 1861 1562 τὸν

274 1600 423 1665 νοῦν,
455 1598 573 1652 κατ’
610 1599 784 1651 ἐκεῖνο
814 1595 911 1667 τὴν
941 1595 1469 1668 πολυπραγμοσύνην
1496 1597 1857 1668 ἐκφεύγουσα.

285 1691 378 1745 Ἕν
425 1689 597 1763 ταύτῃ
643 1692 708 1759 τῇ
749 1686 860 1759 ζωῇ
907 1688 1001 1740 καὶ
1029 1688 1201 1759 ἀρχὴν
1230 1690 1363 1751 ’τοῖς
1412 1683 1530 1742 οὖσι
1577 1689 1669 1743 καί
1708 1690 1860 1754 τέλος

1980 511 2266 581 majestate
2296 515 2418 583 ejus
2440 516 2533 585 qui
2589 532 2716 571 vere
2744 526 2848 580 est,
2880 518 3098 573 illorum
3137 522 3555 600 comprehensio

1978 604 2340 671 examinetur,
2401 605 2634 661 fortasse
2676 607 2769 676 qui
2809 622 2978 664 ausus
3032 610 3192 665 fuerit
3226 611 3409 668 dicere
3438 627 3553 670 non

1979 695 2137 765 longe
2192 711 2221 749 a
2280 706 2467 752 nostra
2528 698 2793 767 brevitate
2848 699 3067 755 illorum
3123 704 3234 757 vim
3283 718 3314 757 a
3363 704 3549 761 divina

1976 788 2287 856 cognitione
2348 788 2577 853 distare,
2640 806 2750 844 non
2783 791 2989 861 absque
3023 794 3289 862 probabili
3336 797 3549 854 ratione

1975 879 2214 935 audeb't.
2247 877 2472 933 Multum
2504 880 2647 935 enim
2680 882 2824 951 quod
2856 882 3232 938 intermedium
3262 892 3347 940 est
3371 893 3425 940 et
3453 887 3551 941 im-

1975 963 2242 1032 pervium,
2283 979 2394 1034 quo
2417 964 2484 1019 ad
2511 975 2751 1020 creatam
2784 961 3033 1038 naturam
3075 968 3317 1024 increata
3349 978 3548 1027 natura

1975 1055 2300 1124 praemunita
2332 1063 2418 1112 est
2465 1064 2520 1112 et
2553 1058 2825 1111 obvallata
2853 1076 2867 1112 :
2900 1059 3017 1128 ipsa
3051 1059 3200 1114 ﬁnita
3231 1070 3315 1115 est
3340 1071 3394 1117 et
3435 1073 3548 1118 ter-

1972 1144 2201 1209 minata,
2254 1147 2346 1200 illa
2381 1163 2511 1203 vero
2540 1150 2831 1203 terminum
2875 1155 2982 1204 no'n
3017 1151 3177 1206 habet
3215 1169 3231 1218 ;
3271 1153 3405 1223 hace
3432 1157 3549 1211 suis

1972 1237 2265 1303 mensuris,
2300 1240 2442 1294 sicut
2503 1239 2623 1309 ejus
2655 1242 2746 1309 qui
2788 1241 2914 1297 fet-it
2976 1244 3256 1313 sapientia:
3316 1246 3546 1315 placuit,

1970 1326 2453 1398 cireumpreliensa
2472 1339 2577 1396 est,
2618 1332 2767 1387 illius
2822 1348 2953 1405 vero
2982 1350 3235 1389 mensura
3302 1338 3544 1392 inﬁnitus

1970 1416 2123 1486 ipsa;
2152 1420 2266 1475 haec
2315 1421 2650 1477 intervallari
2678 1423 2912 1492 quadam
2962 1426 3287 1481 extensione
3320 1439 3541 1496 proten-

1968 1507 2136 1573 ditur,
2159 1519 2510 1582 temporeque
2530 1525 2582 1569 et
2607 1516 2728 1569 loco
2748 1516 3009 1578 coercita,
3030 1517 3120 1570 illa
3141 1534 3357 1571 omnem
3381 1521 3544 1575 inter-

1966 1601 2091 1655 valli
2114 1602 2389 1658 notionem
2415 1613 2652 1674 superat.
2690 1605 2771 1659 Ad
2791 1607 2937 1677 quod
2962 1608 3086 1676 quis
3110 1620 3338 1663 mentem
3364 1611 3541 1666 inuni-

1967 1694 2120 1757 serit,
2153 1695 2451 1750 secundum
2476 1697 2608 1751 illud
2636 1698 3006 1753 curiositatem
3025 1697 3289 1768 effugiens
3317 1719 3331 1755 :
3356 1700 3404 1754 ’n
3438 1703 3538 1757 hac

288 1780 438 1835 ἔστιν
470 1780 753 1848 ἐπινοῆσαι
773 1795 787 1808 ο
839 1780 871 1849 ἡ
917 1779 972 1831 δὲ
1006 1778 1145 1850 ὑπὲρ
1176 1779 1267 1851 τὴν
1311 1779 1485 1833 κτίσιν
1513 1783 1840 1853 μακαριότης

1954 1784 2065 1839 vita
2108 1794 2161 1841 et
2211 1789 2539 1857 principium
2598 1805 2787 1843 eorum
2817 1807 2937 1860 qua:
2960 1798 3106 1853 sunt,
3136 1800 3188 1844 et
3232 1793 3388 1847 iiuem
3416 1795 3540 1848 licet

268 1871 398 1926 οὗτε
441 1870 614 1943 ἀρχὴν
659 1868 782 1923 οὗτε
827 1869 976 1933 τέλος
1035 1871 1331 1940 προσίεται,
1367 1872 1477 1924 ἀλλ’
1508 1873 1649 1944 ὑπὲρ
1691 1874 1749 1926 τὸ
1794 1875 1850 1927 ἐν

267 1964 519 2037 ἑκατέρῳ
554 1963 949 2035 σημαινόμενον
978 1961 1218 2030 πέφυκεν
1243 1963 1327 2016 ἀεὶ
1353 1963 1613 2028 ὡσαύτως
1631 1964 1847 2034 ἔχουσα,

266 2057 367 2110 καὶ
400 2057 481 2124 ἐφ’
514 2055 710 2123 ἑαυτῆς
741 2052 1025 2123 βεϐηκυῖα,
1058 2054 1119 2106 ού
1150 2054 1587 2125 διαστηματικῶς
1618 2055 1680 2108 ἐκ
1707 2074 1850 2121 τινος

262 2147 353 2210 είς
390 2163 443 2199 τι
480 2148 548 2217 τῇ
592 2145 703 2215 ζωῇ
732 2142 1060 2197 διοδεύουσα.
1107 2141 1241 2196 Οὔτε
1276 2142 1384 2213 γὰρ
1418 2144 1673 2216 μετουσίᾳ
1707 2142 1852 2215 ζωῆς

263 2237 465 2310 ἑτέρας
510 2238 569 2290 ἐν
614 2234 693 2306 τῷ
736 2234 834 2306 ζῇν
866 2235 1090 2303 γίνεται,
1126 2234 1201 2297 ὡς
1243 2236 1531 2289 ἀκόλουθον
1575 2234 1712 2291 εἶναι
1758 2238 1850 2293 καὶ

262 2330 443 2398 πέρας
466 2326 560 2380 καὶ
580 2326 755 2397 ἀρχὴν
787 2326 1077 2396 μετουσίας
1099 2326 1350 2379 νοεῖσθαι.
1396 2327 1533 2380 Ἀλλ’
1558 2329 1686 2383 αὐτὸ
1714 2328 1849 2399 ὅπερ

258 2419 408 2481 ἐστὶ,
447 2417 559 2489 ζωή
600 2421 747 2473 ἐστιν
781 2419 837 2471 ἐν
875 2417 1024 2488 αύτῷ
1071 2417 1456 2489 ἐνεργουμένη,
1498 2417 1618 2471 οὕτε
1652 2419 1848 2489 μείζων

255 2509 391 2564 οὔτε
420 2510 653 2563 ἐλάττων
684 2510 751 2562 ἐκ
777 2508 1094 2579 προσθήκης
1132 2508 1163 2579 ἢ
1196 2508 1531 2578 ὑφαιρέσεως
1566 2511 1842 2581 γινομένη.

270 2600 341 2655 Ἥ
371 2601 470 2671 μὲν
498 2601 604 2671 γάρ
630 2602 709 2665 είς
741 2602 800 2654 τὸ
851 2599 1033 2671 μεῖζον
1077 2598 1394 2669 ἐπαύξησις,
1432 2602 1488 2653 ἐν
1523 2601 1598 2671 τῷ
1636 2602 1847 2672 ἀπείρῳ

250 2692 452 2763 χώραν
470 2693 571 2746 οὐκ
591 2691 722 2763 ἔχει.
752 2691 863 2759 Τῆς
887 2690 941 2743 δὲ
969 2688 1109 2743 κατά
1132 2692 1228 2759 τὴν
1253 2690 1545 2744 ἐλάττωσιν
1583 2691 1841 2754 ἐπινοίας,

245 2784 327 2838 τὸ
361 2783 505 2837 κατὰ
549 2782 710 2852 φύσιν
761 2779 968 2843 ἀπαθὲς
1015 2778 1382 2833 ἀνεπίδεκτον.
1409 2782 1616 2847 Ὥσπερ
1659 2780 1713 2835 δὲ
1752 2780 1845 2833 τὸν

246 2873 491 2945 οὐρανὸν
516 2873 769 2946 δρῶντες,
801 2873 894 2925 καὶ
934 2871 1132 2939 τρόπον
1173 2872 1292 2925 τινὰ
1323 2872 1408 2925 διὰ
1440 2871 1547 2923 τῶν
1576 2871 1843 2941 όρατικῶν

241 2965 631 3037 αἰσθητηρίων
658 2964 753 3017 τοῦ
780 2962 920 3017 κατά
955 2962 1015 3015 τὸ
1046 2961 1175 3030 ὕψος
1209 2963 1568 3032 ἐφαπτόμενοι
1593 2962 1839 3025 κάλλους,

238 3053 403 3111 εἶναι
435 3056 533 3125 μὲν
561 3055 619 3108 τὸ
648 3055 968 3124 φαινόμενον
1010 3053 1109 3106 οὐκ
1154 3052 1589 3123 ἀμφιϐάλλομεν·
1619 3054 1683 3106 τὸ
1706 3054 1761 3108 δὲ
1789 3055 1841 3107 τί

240 3152 410 3205 ἑστιν
435 3148 799 3219 ἐρωτηθέντες
834 3145 1217 3218 δωρμηνεῦσαι
1256 3144 1332 3216 τῷ
1376 3145 1517 3216 λόγῳ
1554 3146 1650 3217 τὴν
1680 3145 1839 3214 φύσιν

237 3243 360 3296 οὐκ
386 3240 583 3311 ἔχομεν
602 3258 616 3270 ·
647 3239 994 3310 θαυμάζομεν
1022 3238 1077 3291 δέ
1112 3238 1268 3309 μόνον
1296 3237 1394 3309 τὴν
1423 3237 1706 3306 ἐγκύκλιον
1743 3237 1836 3292 τοῦ

236 3333 462 3395 παντὸς
512 3330 746 3400 ὁρῶντες
791 3329 1116 3399 περιφορὰν,
1152 3330 1244 3382 καί
1291 3328 1398 3382 τῶν
1433 3328 1715 3394 πλανήτων
1741 3330 1836 3400 τὴν

236 3425 578 3495 ἐναρμόνιον
619 3423 711 3476 ἐπὶ
742 3421 805 3474 τὸ
844 3420 1081 3492 ἔμπαλιν
1117 3412 1349 3491 κίνησιν,
1391 3420 1585 3474 κύκλον
1619 3420 1677 3473 τέ
1717 3437 1837 3474 τινα

194 3550 201 3556 -
235 3517 339 3572 τὸν
366 3516 659 3584 λεγόμενον
686 3513 977 3584 ζωοφόρον,
1004 3512 1145 3566 κατὰ
1167 3512 1227 3565 τὸ
1247 3510 1397 3577 λοξδν
1423 3512 1834 3583 ἐγκεχαραγμέ-

236 3623 337 3661 νον
367 3604 451 3675 τῷ
482 3603 650 3674 πόλῳ,
702 3596 746 3672 ᾧ
781 3602 880 3673 τὴν
922 3602 1132 3673 κίνησιν
1177 3601 1284 3654 τῶν
1332 3600 1473 3654 κατὰ
1506 3601 1567 3652 τὸ
1598 3601 1834 3654 ἐναντίον

237 3693 579 3764 εἰλουμένων
632 3691 1039 3763 παρατηροῦσιν
1091 3690 1141 3743 oi
1187 3688 1358 3743 ταῦτα
1397 3689 1574 3757 σοφοί’
1618 3691 1832 3760 emori;-

235 3803 358 3858 ρων
392 3801 454 3838 τε
481 3783 739 3855 διαφοράς
768 3782 907 3837 κατά
948 3799 1009 3835 τε
1054 3782 1123 3835 τὰ
1166 3781 1367 3851 μεγέθη
1397 3782 1488 3833 καὶ
1517 3781 1613 3844 τὰς
1649 3782 1831 3848 αύγῶν

236 3876 544 3946 ἰδιότητας,
578 3873 826 3937 ἐπιτολάς
851 3889 911 3927 τε
937 3872 1029 3926 καί
1059 3870 1235 3935 δύσεις
1263 3870 1399 3923 κατὰ
1422 3870 1518 3940 τὴν
1546 3869 1830 3938 ἐγκύκλιον

231 3967 337 4022 τοῦ
372 3967 532 4029 ἔτους
558 3965 800 4038 περίοδον
837 3965 929 4018 ἐπὶ
977 3963 1086 4017 τῶν
1120 3961 1297 4016 αὐτῶν
1337 3962 1421 4015 ἀεὶ
1449 3960 1652 4031 καιρῶν
1686 3978 1830 4029 γινοο

232 4060 417 4128 μένας
441 4056 829 4128 ἀπαραϐάτωςο
854 4055 1099 4119 συνόδους
1122 4071 1181 4107 τε
1206 4053 1314 4108 τῶν
1330 4052 1712 4123 πλανωμένων,
1735 4054 1830 4107 καὶ

229 4148 560 4220 ὕποδρομάς
608 4146 714 4201 τῶν
759 4145 1212 4218 ὑποδεδηκότων,
1264 4145 1356 4199 καὶ
1402 4143 1671 4213 ἐκλείψεις
1721 4143 1828 4196 τῶν

225 4239 679 4312 ὑπερκειμένων,
723 4239 814 4293 καὶ
843 4238 944 4309 γῆς
983 4236 1358 4299 ἀποαιάσεις,
1407 4235 1501 4289 καὶ
1548 4236 1828 4289 ἀποκατα-

225 4332 464 4392 στάσεις
487 4329 594 4382 τῶν
623 4329 1003 4394 ἐκλειπόντων,
1033 4327 1132 4398 τήν
1165 4344 1222 4381 τε
1250 4325 1499 4395 πολυειδῆ
1532 4328 1630 4397 τῆς
1664 4324 1822 4397 σελή-

1868 3113 1909 3169 C

1956 1875 2278 1947 intelligere:
2315 1878 2428 1932 hinc
2463 1895 2627 1949 supra
2671 1888 2978 1934 creaturam
3032 1881 3330 1945 beatitudo,
3357 1900 3535 1950 neque

1953 1967 2299 2036 principium,
2349 1985 2526 2038 neque
2562 1969 2721 2023 linem
2780 1972 3005 2040 appetit,
3038 1973 3134 2026 ενα
3175 1989 3337 2041 supra
3366 1975 3416 2027 id
3450 1983 3536 2029 est

1952 2055 2095 2127 quod
2132 2057 2183 2109 in
2226 2062 2457 2126 utroque
2498 2058 2856 2127 signiﬁcatur,
2881 2074 3098 2128 semper
3148 2062 3337 2112 eodem
3373 2062 3534 2113 modo

1953 2162 2072 2203 sese
2102 2147 2328 2211 habens,
2357 2157 2412 2202 et
2436 2148 2485 2201 in
2515 2150 2693 2218 seipsa
2720 2148 2986 2219 ingressa,
3022 2167 3129 2204 non
3158 2168 3252 2220 per
3277 2154 3535 2206 interval-

1952 2239 2063 2292 lum
2095 2254 2157 2292 ex
2190 2238 2374 2309 aliquo
2403 2238 2471 2293 ad
2519 2239 2721 2308 aliquid
2757 2242 2809 2294 in
2858 2243 2966 2295 vita
2996 2243 3101 2297 iter
3135 2244 3337 2296 faciens
3371 2262 3384 2299 :
3423 2261 3532 2298 non

1950 2330 2093 2384 enim
2125 2331 2249 2385 vita:
2279 2332 2502 2385 alterius
2532 2333 2946 2402 participatione
2987 2336 3212 2391 vivendo
3267 2338 3526 2406 gignitur,

1951 2424 2022 2477 ita
2062 2432 2120 2477 ut
2171 2439 2512 2494 consequens
2542 2424 2636 2489 sit,
2685 2436 2738 2478 et
2776 2427 3091 2487 terminum,
3125 2436 3178 2482 et
3205 2429 3528 2497 prinvipiutn

1950 2498 2380 2583 participationis
2414 2522 2590 2569 mente
2614 2523 2667 2568 et
2699 2516 3055 2583 intelligentia
3082 2521 3388 2586 complecti.
3421 2520 3527 2575 Sed

1947 2605 2123 2674 ipsum
2175 2606 2318 2675 quod
2362 2613 2466 2668 est,
2500 2608 2608 2660 vita
2634 2614 2717 2660 est
2745 2608 2798 2660 in
2839 2607 2957 2677 ipso
2988 2623 3244 2677 operans,
3279 2627 3401 2679 qua:
3430 2628 3528 2665 ne-

1946 2711 2053 2765 que
2087 2696 2261 2763 major
2337 2712 2512 2764 neque
2569 2698 2748 2750 minor
2782 2712 2845 2751 ex
2890 2700 3205 2755 accessione
3270 2705 3351 2757 vel
3398 2706 3528 2757 sult—

1947 2787 2239 2840 straclione
2278 2786 2355 2840 fit.
2388 2785 2522 2839 Nam
2552 2786 2695 2857 quod
2729 2787 2781 2839 in
2824 2788 3001 2855 mrjus
3027 2790 3082 2840 lit
3112 2790 3524 2856 incrementum,

1946 2876 1998 2929 in
2024 2876 2237 2929 inlinito
2271 2875 2449 2930 locum
2480 2893 2587 2929 nou
2630 2878 2812 2931 habet.
2864 2876 3016 2944 Quod
3048 2882 3190 2934 enim
3224 2884 3523 2937 secundum

1946 2974 2194 3019 naturam
2226 2967 2525 3035 impatibile
2569 2976 2675 3032 est,
2707 2969 2946 3022 notionis
2974 2985 3092 3039 qua:
3134 2970 3191 3023 fit
3224 2973 3522 3027 secundum

1944 3056 2373 3121 decremeutum,
2406 3073 2512 3111 non
2536 3068 2619 3114 est
2639 3073 2830 3129 capax.
2850 3059 3313 3126 Quemadmodum
3341 3074 3523 3119 autem

1944 3147 2144 3201 cmlum
2175 3149 2469 3211 intuentes,
2510 3156 2565 3202 et
2612 3150 3013 3218 quodammodo
3045 3166 3139 3220 per
3194 3153 3391 3206 visoria
3436 3155 3523 3208 in-

1942 3244 2240 3291 strumenta
2259 3239 2719 3307 pulchritudinem
2742 3255 2863 3310 qua:
2891 3240 2943 3293 in
2963 3241 3181 3295 sublimi
3216 3250 3322 3306 est,
3356 3244 3524 3299 attin-

1938 3333 2146 3395 gentes,
2175 3340 2297 3381 esse
2316 3326 2533 3396 quidem
2592 3328 2737 3398 quod
2770 3336 2993 3399 apparet
3018 3345 3126 3383 non
3149 3312 3513 3400 atnbigimus,

1937 3417 2066 3486 quid
2114 3424 2293 3471 autem
2350 3419 2420 3473 sit
2454 3418 2770 3490 interrogati
2824 3418 3053 3475 delinire
3112 3422 3362 3477 oratione
3403 3437 3513 3477 non

1935 3524 2264 3579 possumus;
2300 3510 2394 3566 sed
2434 3511 2610 3565 solum
2639 3512 2961 3567 circularem
2994 3513 3256 3568 ambitum
3281 3514 3519 3570 universi

1935 3603 2374 3673 contemplantes
2417 3601 2775 3659 admiramur.
2799 3602 2977 3671 Atque
3006 3602 3347 3672 planetarum
3389 3619 3520 3658 con-

1934 3691 2155 3746 cordem
2179 3700 2233 3748 et
2262 3693 2588 3746 concinnum
2624 3703 2829 3746 motum
2868 3692 2921 3746 in
2936 3695 3267 3748 contrariqu
3302 3696 3519 3749 :circu-

1934 3783 2155 3855 lumque
2184 3784 2495 3853 quemdam,
2548 3784 2641 3854 qui
2677 3783 2946 3840 Zodiacus
3000 3785 3222 3850 dicitur,
3274 3787 3327 3841 in
3379 3788 3519 3842 obli-

1932 3890 2098 3944 quum
2149 3876 2271 3946 polo
2306 3875 2658 3945 insculptum,
2687 3875 2742 3929 in
2798 3890 2907 3946 quo
2955 3870 3251 3930 motionem
3283 3892 3499 3942 eorum,

1931 3982 2051 4037 qua:
2076 3966 2130 4022 in
2164 3966 2497 4022 contrarium
2531 3967 2844 4029 volvuntur,
2876 3965 3167 4021 observant
3204 3967 3392 4021 harum
3423 3984 3513 4023 re-

1930 4071 2050 4111 rum
2085 4055 2232 4111 docti
2265 4065 2319 4110 et
2346 4056 2633 4126 sapientes.
2665 4054 3235 4111 Luminariutnawem
3258 4057 3512 4113 dilieren-

1928 4147 2033 4202 tias
2056 4147 2354 4202 secundum
2371 4146 2772 4216 magnitudines
2784 4155 2838 4200 et
2865 4147 3102 4216 ipsorum
3129 4151 3506 4219 proprietates,

1926 4246 2189 4308 ortusque
2228 4246 2283 4294 et
2338 4253 2590 4300 occasus,
2655 4236 2957 4292 secundum
2999 4239 3321 4296 circularem
3378 4245 3507 4300 anni

1926 4330 2215 4384 circuitum
2243 4329 2299 4383 in
2355 4329 2546 4384 iisdem
2575 4344 2792 4399 semper
2812 4331 3151 4399 temporibus
3187 4332 3359 4389 factas
3388 4335 3508 4391 sine

217 4435 332 4489 νης
368 4417 675 4483 ἀλλοίωσιν,
707 4418 799 4471 καὶ
827 4416 919 4470 τοῦ
954 4415 1102 4488 ἡλίου
1129 4415 1226 4487 τὴν
1268 4415 1362 4468 ἐπὶ
1396 4414 1490 4468 τοῦ
1519 4414 1684 4485 μέσου
1713 4415 1819 4468 τῶν

1943 4438 2112 4479 :rrore
2149 4421 2260 4477 ullo
2289 4430 2346 4477 et
2372 4421 2710 4503 evagatione,
2774 4424 3062 4493 coitusque
3117 4426 3413 4479 errantium
3453 4438 3508 4484 et

217 4509 419 4563 πόλων
480 4506 711 4580 κίνησιν,
761 4506 837 4581 ὡς
882 4505 1163 4571 ἀνάπλεως
1208 4503 1285 4559 ὢν
1340 4503 1433 4558 τοῦ
1463 4504 1593 4559 ἰδίου
1642 4505 1819 4574 φωτὸς

1943 4514 2220 4569 urbeursus
2241 4514 2673 4579 subeuntium,et
2691 4512 2940 4570 defectus
2960 4516 3500 4585 superemineotium,

213 4599 325 4656 καὶ
351 4599 482 4663 ταῖς
512 4599 725 4652 ἀκτῖσιν
752 4600 811 4651 ἐν
834 4596 1019 4669 κύκλῳ
1057 4597 1423 4669 καταστεφὴς,
1450 4597 1626 4651 πάντα
1662 4614 1721 4650 τε
1750 4600 1814 4669 τῇ

211 4691 544 4764 φωτιστικὶι
582 4689 809 4761 δυνάμει
850 4688 1367 4761 περιπτυσσόμενος,
1415 4687 1559 4741 ἐστιν
1598 4689 1688 4742 ὅτε
1723 4689 1816 4741 καὶ

207 4782 398 4845 αὐτὸς
451 4780 690 4835 ἐκλείπει
734 4779 829 4835 τοῦ
879 4780 1162 4851 σεληναίου
1207 4778 1477 4850 σώματος,
1520 4779 1596 4843 ὥς
1629 4796 1812 4848 φασιν,

204 4871 708 4946 ιωπῳσθοῦντος.
745 4870 850 4925 Καὶ
895 4870 969 4935 ὡς
1012 4870 1153 4925 κατά
1189 4870 1251 4924 τὸ
1293 4870 1535 4942 βούλημα
1570 4870 1666 4924 τοῦ
1697 4871 1814 4925 δια-

199 4969 495 5034 τᾶξαντος
523 4966 609 5020 ἀεὶ
632 4964 723 5020 τὸν
758 4965 888 5018 ίδιον
928 4963 1125 5035 δρόμον
1172 4963 1368 5029 ἀνύων,
1395 4963 1814 5036 περιπορεύεται

196 5060 310 5114 διὰ
338 5058 444 5128 τῆς
469 5056 805 5126 τεταγμένης
831 5055 1057 5125 προόδου
1086 5053 1181 5108 καὶ
1204 5053 1541 5118 ύποδάσεως,
1572 5053 1668 5116 τὰς
1693 5054 1816 5107 τέσ-

200 5167 401 5220 σαρας
438 5147 535 5201 τού
564 5148 713 5211 ετους
738 5145 886 5217 ὥρας
918 5148 976 5199 ἐν
1005 5146 1225 5208 ἑαυταῖς
1253 5145 1590 5201 ἀνειλίσσων.
1627 5143 1812 5199 Ταῦτα

190 5242 484 5314 ὁρῶντες,
520 5234 659 5293 εἶναι
690 5238 789 5311 μὲν
832 5236 902 5292 τὰ
943 5236 1241 5308 φαινόμενα
1267 5235 1334 5290 δι’
1361 5230 1436 5291 ὧν
1465 5235 1681 5308 ὁρῶμεν
1712 5238 1813 5291 ούκ

190 5330 667 5403 ἀμφιϐάλλομεν
724 5330 911 5384 ούσίαν
955 5329 1013 5383 δέ
1055 5328 1227 5398 λόγων
1277 5329 1508 5384 ἑκάστου
1559 5326 1810 5383 τοσοῦτον

187 5426 328 5482 «Iw
363 5425 538 5478 ὄντων
564 5422 837 5494 ἀπέχομεν
886 5421 1242 5491 κατανοῆσαι,
1290 5424 1412 5477 ὅσον
1462 5424 1510 5477 εἰ
1544 5423 1676 5494 μηδέ
1710 5424 1808 5495 τὴν

182 5515 494 5593 ἀρχὴντῇ
520 5513 770 5585 αἰσθήσει
793 5513 857 5567 τὸ
891 5515 1056 5583 φανὲν
1092 5513 1481 5586 ἐγνωρίσαμεν.
1515 5515 1670 5570 Οὕτω
1713 5515 1808 5569 καὶ

179 5622 304 5670 τὸν
335 5609 572 5682 ποιητὴν
612 5606 707 5663 τοῦ
739 5606 966 5677 κόσμου,
1008 5606 1090 5659 ὅτι
1123 5604 1219 5676 μὲν
1261 5605 1407 5661 ἐστιν
1443 5607 1683 5679 οἴδαμεν,
1714 5605 1806 5661 τὸν

179 5707 253 5764 Β
290 5702 409 5771 τῆς
433 5698 618 5766 οὐσίας
638 5699 795 5770 λόγον
818 5698 1031 5766 ἀγνοεῖν
1055 5696 1155 5753 οὐκ
1187 5697 1516 5774 ἀρνούμεθα.

1918 4615 1974 4660 et
1997 4615 2155 4660 terra:
2175 4605 2620 4661 obumbrationes
2651 4612 2701 4661 et
2725 4607 3089 4662 revolutiones
3108 4606 3501 4677 deﬁcientium,

1920 4691 2415 4762 multiformemque
2444 4692 2584 4747 luna:
2608 4696 2986 4760 mutationem,
3019 4696 3258 4766 solisque
3292 4697 3345 4751 iu
3383 4716 3498 4755 me-

1919 4783 2010 4837 dio
2094 4782 2341 4851 polorum
2412 4790 2642 4846 motum,
2731 4792 2789 4838 ut
2868 4787 3084 4856 propria
3149 4789 3269 4842 luce
3302 4789 3498 4858 plenus

1916 4881 2022 4939 est,
2103 4876 2328 4942 suisque
2378 4875 2547 4928 radiis
2632 4874 2685 4927 in
2747 4877 2954 4932 circulo
3022 4890 3320 4935 coronatus
3379 4897 3495 4935 om-

1914 4966 2006 5019 nia
2065 4980 2164 5021 sua
2213 4967 2518 5022 illustrame
2560 4974 2823 5036 potestate
2880 4972 3268 5041 complectens,
3324 4973 3493 5027 iuttr-

1915 5053 2045 5110 dum
2086 5057 2249 5110 etiam
2292 5056 2407 5126 ipse
2451 5054 2651 5121 deﬁcit,
2711 5058 2884 5111 lunari
2932 5074 3185 5128 corpore,
3224 5071 3277 5115 ut
3303 5063 3488 5127 aiunt,

1914 5155 2241 5203 occursante
2290 5155 2344 5202 et
2376 5146 2751 5203 obumbrante.
2798 5148 2977 5219 Atque
3010 5161 3066 5205 ut
3091 5167 3187 5222 pro
3221 5155 3493 5212 voluntate

1913 5236 2218 5291 ordinantis
2244 5250 2460 5305 semper
2507 5250 2666 5289 suum
2707 5254 2926 5294 cursum
2952 5242 3268 5304 conficiens,
3294 5244 3491 5299 circuit

1911 5338 1965 5384 et
1987 5327 2300 5383 obambulat
2351 5343 2446 5396 per
2492 5328 2593 5383 sibi
2645 5331 3003 5385 constitutmn
3057 5350 3405 5404 progressum
3436 5345 3490 5391 et

1911 5419 2220 5474 ordinatum
2252 5416 2452 5480 loirum,
2488 5426 2722 5489 quatuor
2756 5421 2882 5473 anni
2914 5420 3123 5477 diversa
3155 5432 3397 5497 tempore
3430 5427 3486 5481 in

1912 5510 2107 5581 seipsis
2132 5508 2485 5567 convolvens.
2519 5509 2631 5562 base
2662 5512 3020 5579 suspicientes
3047 5530 3167 5584 quze
3196 5527 3484 5587 apparent,

1909 5617 2032 5657 esse
2056 5600 2274 5671 quidem
2310 5614 2405 5670 per
2442 5614 2505 5653 ea
2532 5616 2652 5671 quae
2678 5602 2950 5659 cernimus
2999 5621 3104 5662 non
3150 5606 3483 5676 dubitamus,

1911 5693 2005 5750 sed
2037 5692 2308 5747 rationum
2350 5692 2640 5746 essentiam
2678 5693 2945 5768 cujusque
2969 5712 3157 5755 eorum
3186 5713 3307 5774 qua
3331 5707 3486 5773 sunt,
