4002 6218
536 274 643 332 955

1774 264 1832 322 S.
1862 264 2193 322 UREGORII
2227 260 2521 323 NYSSENI

3688 266 3786 322 936

536 398 748 446 tantum
798 387 953 444 abest
1002 395 1063 443 ut
1113 385 1504 457 intelligamus,
1564 393 1827 454 quantum
1901 388 1945 442 si
1996 404 2171 458 ncque
2205 391 2530 460 principium
2581 404 2747 443 sensu
2814 387 2957 458 quod
3000 395 3250 458 apparuit
3302 400 3784 457 cognovissemus:

537 486 619 540 sic
640 491 697 539 et
724 482 910 537 mundi
938 482 1204 537 factorem
1230 479 1374 551 quod
1392 488 1540 535 certe
1560 483 1630 534 sit
1654 481 1926 546 novimus,
1949 493 2204 538 essentne
2244 493 2422 538 autem
2481 484 2747 537 rationem
2819 485 2933 537 sive
3001 484 3367 537 deﬁnitionem
3417 496 3519 534 nos
3584 479 3788 550 ignora-

538 588 598 627 re
628 586 735 625 11011
769 584 1055 640 negamus.

601 663 704 731 Qui
740 671 919 718 autem
959 665 1071 718 haec
1126 677 1186 718 se
1232 662 1375 717 scire
1421 661 1651 732 jac-tant,
1707 665 1859 737 prius
1909 665 1977 721 de
2014 666 2099 720 his

2279 666 2342 718 Οἱ
2399 662 2453 715 δὲ
2512 660 2799 728 γινώσκειν
2852 657 3023 711 ταῦτα
3081 657 3489 727 κομπάζοντες.
3539 661 3789 733 πρότερον

531 773 653 831 qua:
686 755 965 811 inferioris
998 767 1127 811 sunt
1156 763 1365 808 natura
1410 756 1617 819 dicant,
1659 756 1790 825 quid
1827 772 1953 813 esse
2003 773 2105 827 pu-

534 860 649 907 tent
675 849 896 903 cmleste
925 847 1166 917 corpus?
1196 861 1445 916 quasnam
1488 848 1560 901 sit
1589 864 1711 920 qua:
1740 849 1903 903 orbes
1933 849 2107 903 defert

534 960 633 1015 per
675 945 996 996 universum
1053 938 1343 994 machina?
1388 938 1442 992 in
1494 955 1602 1007 quo
1652 942 1943 996 motionem
1992 940 2106 996 ﬁeri

534 1033 863 1106 opinentur?
883 1030 1028 1102 quod
1057 1031 1201 1085 enim
1224 1030 1348 1099 quis
1373 1029 1727 1101 intelligentia
1749 1033 2103 1101 reputaverit,

538 1140 763 1194 prorsus
802 1123 857 1176 in
891 1120 1114 1175 dubium
1160 1127 1217 1174 et
1248 1119 1540 1181 incertum,
1596 1127 1759 1190 atque
1795 1120 2105 1190 incompre-

535 1214 807 1270 hensibile
832 1210 974 1266 ratio
998 1210 1299 1280 procedens
1320 1210 1566 1276 desinet;
1600 1210 1715 1266 sive
1732 1211 1877 1266 enim
1906 1226 2107 1283 corpus

534 1306 781 1361 similiter
811 1303 1102 1374 ﬁguratum
1135 1300 1284 1355 dicat
1310 1302 1435 1372 quis
1487 1301 1541 1356 in
1577 1301 1748 1357 forma
1796 1302 2106 1374 circumap-

534 1406 705 1452 Iatum
739 1396 993 1450 lationem
1027 1393 1336 1457 continere,
1365 1393 1447 1447 sic
1472 1409 1691 1464 semper
1726 1409 1952 1450 cursum
1979 1393 2107 1448 ﬂec-

532 1499 671 1551 tens,
721 1485 994 1541 consimili
1055 1484 1218 1538 modo
1274 1484 1483 1539 circum
1533 1486 1775 1556 scipsum
1827 1486 2102 1549 convolvi,

533 1581 855 1635 necessitate
889 1577 1303 1646 complectentis
1342 1576 1409 1630 ad
1448 1586 1655 1633 rectum
1689 1594 1910 1635 sursum
1975 1579 2106 1633 ferri

530 1670 1174 1740 cohibitumzquomodo
1224 1670 1391 1734 dicet,
1443 1672 1558 1725 hare
1610 1687 1844 1742 corpora
1895 1687 2109 1742 perma-

533 1764 705 1819 nere?
745 1778 845 1817 cur
885 1777 992 1816 non
1024 1761 1188 1832 longa
1243 1770 1298 1815 ct
1342 1763 1601 1817 continua
1634 1763 1927 1819 detritione
1966 1764 2109 1818 inter

531 1873 592 1913 se
640 1854 1034 1912 absumuntur?
1093 1854 1380 1919 Quomodo
1429 1856 1592 1909 etiam
1650 1855 1884 1910 etlicitur
1926 1864 2107 1909 motos

529 1948 760 2003 duorum
797 1959 1083 2014 corporum
1118 1944 1282 1999 simul
1326 1954 1583 1999 natorum
1616 1944 1683 1999 ad
1732 1945 1963 2000 formam
1999 1946 2103 2001 sibi

2214 754 2476 825 περὶτῶν
2518 751 2921 823 ἐπιϐεϐηκότων
2961 751 3291 803 εἰπάτωσαν·
3338 750 3403 802 Τί
3445 752 3506 803 τὸ
3551 755 3789 822 οὐράνιον

2211 850 2412 901 οἴονται
2458 846 2655 916 σῶμας
2694 844 2814 897 τίνα
2849 843 2948 913 τὴν
2989 842 3430 913 κυκλοφοροῦσαν
3461 843 3552 896 διὰ
3603 848 3790 910 παντὸς

2216 935 2483 1008 μηχανὴν,
2510 936 2568 987 ὲν
2600 932 2706 985 τίνι
2743 932 2801 985 δὲ
2827 932 2926 1002 τὴν
2960 932 3173 1001 κίνησιν
3215 931 3458 999 γίνεσθαι
3486 948 3502 996 ;
3529 933 3671 1003 ὅπερ
3693 934 3792 1005 γὰρ

2213 1027 2277 1081 ἀν
2300 1044 2384 1089 τις
2411 1027 2479 1096 τῇ
2504 1023 2709 1093 διανοίᾳ
2738 1022 3040 1091 λογίσηται,
3069 1021 3284 1086 πάντως
3315 1026 3394 1087 είς
3430 1024 3492 1077 τὸ
3520 1026 3793 1095 ἀμήχανόν

2211 1134 2271 1169 τε
2313 1115 2407 1170 καὶ
2438 1114 2819 1183 ἀκατάληπτον
2857 1114 2885 1165 ὁ
2929 1112 3186 1183 λογισμὸς
3231 1112 3434 1185 προῖὼν
3481 1115 3789 1186 καταλήξει.

2212 1210 2335 1263 Εἴτε
2360 1208 2467 1279 γὰρ
2489 1207 2575 1261 Et:
2586 1224 2675 1277 ρον
2698 1204 3225 1277 ὀμοιοσχημάτιστον
3268 1206 3425 1277 σῶμα
3469 1208 3688 1275 λέγοιτὸ
3718 1226 3791 1271 τις

2212 1304 2271 1356 ὲν
2293 1300 2445 1368 τύπῳ
2474 1298 2946 1370 περιηρμοσμένον
2988 1301 3335 1369 περικρατεῖν
3368 1300 3470 1369 τὴν
3501 1300 3699 1369 φορὰν,
3727 1300 3791 1364 ὡς

2212 1394 2299 1448 ἀεὶ¹
2324 1392 2416 1446 τὸν
2433 1393 2630 1463 δρόμον
2651 1392 3037 1463 καμπτόμενον
3062 1391 3431 1462 ὁμοιοτρόπως
3453 1394 3586 1463 περὶ
3607 1393 3792 1445 ἑαυτὸν

2212 1485 2628 1549 ἀνειλίσσεσθαι,
2660 1488 2726 1556 τῇ
2760 1482 2974 1555 ἀνάγκη
3007 1484 3097 1537 τοῦ
3136 1483 3480 1553 περιέχοντος
3516 1483 3794 1554 ὲξενεχθῆο

2212 1596 2300 1633 ναι
2331 1579 2468 1651 πρὸς
2514 1577 2575 1632 τὸ
2625 1578 2753 1631 εὐθὺ
2806 1575 3178 1645 κωλυόμενονο
3212 1575 3328 1643 πῶς
3368 1577 3482 1647 ὲρεί
3521 1574 3792 1645 διαμένειν

2212 1670 2385 1725 ταῦτα
2431 1671 2498 1724 τά
2554 1671 2799 1742 σώματα,
2846 1668 2934 1722 διά
2984 1669 3081 1738 τῆς
3135 1668 3411 1739 διηνεκοίς
3456 1668 3698 1739 τρίψεως
3743 1670 3793 1719 ὲν

2211 1761 2464 1833 ἀλλήλοις
2497 1760 2559 1813 οὐ
2589 1758 2987 1828 δαπανώμενα;
3020 1757 3146 1821 Πῶς
3185 1756 3242 1810 δὲ
3283 1758 3377 1811 καὶ
3422 1758 3733 1827 ἐνεργεῖται
3764 1761 3792 1828 ἡ

2214 1852 2445 1921 κίνησις,
2474 1850 2565 1904 δύο
2604 1852 2870 1920 σωμάτων
2910 1848 3163 1920 ὁμοφυῶν
3190 1848 3324 1919 πρὸς
3349 1846 3519 1901 τύπον
3546 1849 3795 1920 ἀλλήλοις

2214 1941 2710 2015 ὲναρμοττομένων,
2746 1942 2872 1994 ὅταν
2911 1941 2969 1993 τὸ
3012 1938 3196 2010 ἕτερον
3233 1939 3486 2008 ἀκίνητον
3523 1939 3684 2008 μένῃ.
3716 1939 3792 2008 Τῇ

531 2041 761 2095 invicem
786 2037 1233 2106 congruentium,
1261 2052 1384 2089 cum
1421 2037 1651 2089 alterum
1678 2036 1956 2091 immobile
1986 2052 2104 2089 ma-

2210 2033 2315 2105 γὰρ
2345 2033 2602 2103 ἀκινησίᾳ
2631 2031 2723 2086 τοῦ
2770 2030 3258 2102 περιδεδραγμένου
3286 2029 3347 2082 τὸ
3370 2028 3519 2092 ἐντὸς
3543 2028 3795 2097 διασφιγ-

532 2141 698 2196 neat;
728 2127 1108 2182 immobilitate
1141 2127 1282 2180 enim
1319 2127 1753 2195 complectentis,
1789 2126 1932 2196 quod
1962 2128 2109 2183 intus

530 2221 944 2290 constringitur.
1007 2233 1236 2285 prorsus
1289 2218 1355 2270 ad
1395 2232 1551 2271 suum
1589 2225 1769 2271 actum
1806 2218 2108 2273 invalidum

528 2313 654 2365 erit.
695 2310 834 2375 Quid
893 2319 976 2363 est
1019 2310 1165 2379 quod
1214 2309 1548 2363 continentis
1579 2310 1726 2366 illius
1778 2310 2107 2365 soliditatem

533 2402 714 2455 ﬁrmat
746 2402 818 2455 ita
861 2407 920 2453 ut
953 2401 1340 2453 inconcussum
1390 2409 1729 2469 permaneat,
1782 2416 1812 2456 a
1862 2417 2109 2457 conuexo

532 2502 685 2545 mOIu
714 2507 821 2545 non
858 2490 1157 2561 agitatum?
1182 2489 1338 2555 Quod
1362 2490 1408 2546 si
1438 2492 1602 2547 etiam
1632 2493 1781 2547 illius
1803 2494 2107 2548 secundum

530 2581 840 2640 intellectus
891 2582 1165 2634 curiosam
1230 2580 1629 2651 indagationem
1686 2582 1843 2638 sedes
1915 2585 2099 2655 aliqua

530 2689 655 2730 esse
682 2673 1049 2736 existimetur,
1085 2685 1206 2741 qum
1238 2679 1527 2726 conservet
1559 2672 1611 2726 in
1674 2675 1848 2728 solido
1878 2683 2105 2734 statum,

533 2764 723 2837 procul
750 2761 919 2818 dubio
941 2778 1005 2817 ex
1031 2764 1420 2817 consecutioue
1441 2764 1743 2833 procedens
1768 2768 1923 2832 ratio,
1942 2766 2105 2820 etiam

535 2855 687 2910 illius
732 2852 931 2908 baseos
1004 2850 1164 2906 basin
1217 2852 1433 2908 curiose
1497 2853 1770 2921 inquiret,
1825 2855 2107 2926 hucusque

533 2946 716 3006 aliam,
747 2952 801 2999 et
832 2945 910 2997 sic
938 2941 1203 3012 deinceps
1250 2942 1431 2996 aliam.
1464 2942 1641 3014 Atque
1671 2945 1744 2999 ita
1776 2962 1874 3015 per
1906 2949 2105 3002 similia

534 3029 820 3101 inquisitio
853 3027 1210 3099 progrediens
1250 3028 1303 3083 in
1354 3028 1630 3085 inﬁnitum
1668 3034 1930 3103 prodibit,
1963 3043 2017 3089 et
2051 3036 2106 3091 in

532 3122 762 3179 dubiiIm
839 3129 1004 3191 atque
1050 3120 1429 3177 inextricabile
1470 3121 1707 3185 desinet.
1771 3125 1875 3182 hoc
1915 3127 2107 3181 ultimo

532 3227 762 3282 corpore
830 3211 897 3265 ad
987 3212 1232 3269 universi
1294 3213 1742 3270 constitutionem
1805 3217 2105 3283 substrato,

533 3301 755 3373 aliquod
791 3301 941 3370 quod
973 3303 1045 3357 sit
1076 3304 1306 3358 ulterius
1354 3319 1572 3373 semper
1618 3306 1970 3378 investigatis.
2030 3309 2105 3363 lla

2210 2128 2437 2198 γόμενον
2457 2127 2779 2196 ἀδυνατήσει
2808 2124 3022 2186 πάντως
3050 2122 3184 2192 πρὸς
3211 2120 3311 2193 τὴν
3332 2121 3464 2174 ίδίαν
3488 2120 3789 2191 ἐνέργειαν.

2211 2219 2277 2272 Τί
2309 2218 2366 2272 δὲ
2406 2220 2500 2272 καὶ
2550 2217 2610 2271 τὸ
2658 2215 2880 2288 ὲδράζον
2928 2214 3021 2268 τοῦ
3074 2211 3416 2283 περιέχοντος
3452 2211 3672 2264 ἐκείνου
3699 2211 3796 2283 τὴν

2213 2309 2517 2380 παγιότητα
2536 2326 2549 2339 ·
2599 2306 2738 2360 ὥστε
2780 2306 3051 2376 διαμένειν
3099 2305 3348 2358 ἄσειστον
3375 2303 3477 2357 ὑπὸ
3509 2303 3605 2356 τοῦ
3634 2304 3796 2374 ἐνηρ-

2214 2401 2483 2472 μοσμένον
2512 2402 2777 2469 κινήσεως
2809 2398 2883 2470 μὴ
2906 2396 3323 2467 τινασσόμενονς
3350 2396 3413 2449 Et
3439 2394 3497 2449 δὲ
3535 2396 3795 2448 κάκείνου

2210 2490 2351 2546 κατά
2397 2490 2497 2561 τὴν
2548 2486 3073 2560 πολυπραγμοσύνην
3123 2486 3223 2557 τῆς
3263 2486 3502 2549 διανοίας
3529 2482 3678 2538 εἷναί
3712 2502 3797 2550 τις

2208 2584 2337 2654 ἕδρα
2375 2581 2724 2652 ὑπολειφθείη
2771 2583 2805 2652 ἠ
2864 2578 3201 2650 συντηροῦσα
3245 2580 3302 2632 ὲν
3344 2578 3423 2649 τῷ
3467 2577 3655 2649 παγίῳ
3692 2578 3799 2650 τὴν

2210 2675 2417 2739 στάσιν,
2445 2672 2662 2735 πάντως
2704 2668 2905 2744 προῖὼν
2947 2671 3085 2724 κατά
3126 2668 3186 2723 τδ
3226 2660 3515 2723 ἀκόλουθον
3551 2671 3581 2722 ὁ
3608 2669 3798 2737 λόγος,

2207 2763 2467 2834 κάκείνης
2510 2761 3026 2834 πολυπραγμονήσει
3074 2759 3230 2831 βάσιν
3271 2761 3371 2831 τῆς
3423 2760 3652 2830 βάσεως,
3696 2762 3802 2814 καὶ

2205 2855 2407 2928 ταύτης
2432 2856 2622 2927 ἀλλην,
2649 2856 2743 2909 καὶ
2779 2855 2877 2925 τῆς
2910 2853 3104 2924 ἐφεξῆς
3136 2851 3344 2925 ἑτέραν.
3377 2854 3486 2906 Kal
3531 2851 3678 2906 οὕτω
3703 2854 3803 2908 διὰ

2205 2944 2315 2998 τῶν
2363 2945 2563 3015 ὁμοίων
2601 2946 2635 3015 ἡ
2672 2942 2914 3009 ἐξέτασις
2966 2940 3227 3004 ἀνιοῦσα,
3273 2940 3408 3011 πρὸς
3447 2939 3512 2995 τὸ
3560 2942 3802 3014 ἄπειρον

2206 3034 2576 3106 ἐνεχοήσεται,
2603 3034 2695 3088 καὶ
2735 3036 2816 3097 είς
2857 3033 3059 3105 ἄπορον
3090 3031 3400 3104 καταλήξει,
3430 3032 3524 3087 τοῦ
3558 3034 3701 3087 κατά
3741 3036 3803 3087 τὸ

2207 3124 2431 3195 ἔσχατον
2473 3127 2551 3189 είς
2593 3125 2690 3195 τὴν
2730 3122 2823 3179 τοῦ
2871 3123 3071 3189 παντὸς
3119 3123 3373 3177 σύστασιν
3416 3124 3803 3195 ὐποὸεόλημέο

2206 3234 2297 3270 νου
2332 3217 2603 3288 σώματος,
2638 3217 2699 3270 τὸ
2742 3218 2996 3270 ἐπέκεινα
3043 3214 3246 3269 τούτων
3289 3215 3452 3270 πάλιν
3500 3218 3802 3281 κατεξετά-

2209 3308 2395 3373 ζουσα,
2429 3306 2506 3372 ὡς
2542 3307 2789 3379 μηδαμοῦ
2823 3306 3014 3378 στῆναι
3055 3306 3145 3361 τὸν
3191 3306 3348 3374 λόγον
3376 3305 3471 3359 τοῦ
3517 3309 3604 3360 ἀεὶ
3631 3323 3797 3379 περια

534 3402 597 3447 ut
663 3407 933 3461 nusquam
975 3400 1124 3447 stare
1178 3393 1349 3464 possit
1405 3395 1547 3450 ratio
1605 3410 1822 3465 semper
1870 3400 2107 3470 comple-

2213 3399 2426 3469 ἐχοντος
2469 3398 2567 3470 τὴν
2603 3397 2892 3471 περιϐολὴν
2936 3396 3219 3469 ζητοῦντα.
3265 3397 3424 3451 Ἀλλά
3469 3398 3634 3451 τοῦτο
3675 3400 3795 3469 μὲν,

533 3485 735 3541 ctentis
762 3485 1106 3555 complexum
1136 3494 1191 3540 et
1220 3485 1483 3541 ambitum
1512 3487 1815 3559 inquirens.
1857 3488 1960 3545 Sed
1997 3492 2109 3547 haec

534 3574 753 3643 quidem
784 3573 859 3627 ita
892 3589 951 3629 se
998 3573 1198 3629 habere
1231 3576 1325 3630 alii
1372 3586 1594 3647 negant.
1635 3577 1879 3634 Vacuum
1929 3589 2109 3636 autem

538 3664 799 3736 quiddatu
834 3665 1135 3719 secundum
1166 3680 1365 3723 vanam
1399 3682 1612 3734 eorum,
1647 3671 1740 3740 qui
1776 3672 1831 3726 in
1864 3671 1950 3727 his
1978 3673 2112 3727 mul-

535 3766 651 3812 tum
701 3756 941 3813 studium
987 3763 1042 3811 et
1082 3771 1305 3826 operam
1358 3770 1683 3828 posuerunt,
1719 3761 2108 3831 suspicionem,

536 3849 848 3906 ctelestibus
908 3849 1089 3905 dorsis
1145 3858 1199 3905 et
1259 3853 1519 3908 convexis
1572 3854 1966 3911 circumfusum
2002 3863 2106 3911 est.

538 3943 717 4012 Atque
757 3941 812 3996 in
861 3938 964 3997 hoc
1016 3940 1209 3997 labens
1249 3942 1491 3998 universi
1533 3946 1743 4015 vertigo
1789 3947 1843 4000 in
1874 3948 2109 4017 seipsam

537 4032 857 4096 reﬂectitur,
889 4032 1098 4086 nullum
1131 4048 1197 4087 ex
1247 4032 1425 4088 solido
1469 4034 1653 4105 aliquo
1696 4037 1980 4093 inveniens
2022 4052 2110 4093 re-

538 4127 777 4199 pulsum,
818 4126 910 4195 qui
948 4125 1122 4195 possit
1147 4140 1215 4180 ex
1258 4126 1539 4181 contraria
1593 4127 1712 4183 basi
1774 4128 2027 4182 insistere
2056 4135 2111 4181 et

537 4218 779 4273 incidere
815 4215 1200 4287 procedentem
1251 4216 1309 4271 in
1360 4218 1549 4273 orbem
1603 4220 1921 4274 motionem.
1968 4218 2109 4285 Quid

538 4308 703 4379 igitur
758 4306 889 4361 illud
938 4319 1172 4361 vacuum
1214 4348 1231 4375 ,
1270 4308 1413 4379 quod
1446 4323 1623 4379 neque
1658 4324 1880 4380 corpus,
1930 4310 2107 4375 aiunt,

538 4411 713 4468 neque
733 4396 991 4451 notiolet
1020 4410 1306 4467 quousque
1348 4399 1503 4453 stat?
1544 4406 1598 4454 et
1627 4402 1758 4469 quid
1807 4400 1941 4455 illud
1988 4417 2111 4456 sus-

537 4489 708 4558 cipit?
753 4488 886 4554 Quae
916 4496 1097 4542 autem
1147 4487 1329 4553 solidi,
1377 4496 1432 4543 et
1485 4489 1770 4544 renitentis
1802 4505 1925 4546 cum
1961 4491 2109 4545 inani

537 4589 593 4635 ct
641 4595 749 4635 non
802 4579 1138 4635 subsistente
1175 4580 1477 4649 cognatio?
1533 4580 1674 4648 Quid
1710 4590 1812 4647 est,
1867 4583 2011 4653 quod
2040 4584 2112 4638 sit

537 4667 917 4724 intermedium
945 4667 1031 4722 his
1068 4682 1190 4737 qua:
1219 4674 1411 4721 natura
1443 4668 1720 4737 disjttucta
1754 4677 1884 4724 sunt
1914 4679 1968 4725 et
2000 4670 2108 4725 dif-

536 4759 759 4815 ferunt?
788 4758 1072 4824 Quomodo
1108 4774 1204 4829 per
1232 4773 1295 4814 ea
1329 4773 1452 4827 quae
1484 4765 1615 4813 sunt
1640 4759 1870 4814 diversae
1894 4766 2107 4816 natum

534 4861 684 4906 tanta
719 4850 958 4904 universi
993 4864 1307 4921 compages,
1352 4858 1406 4904 et
1432 4858 1556 4920 apta
1606 4852 1932 4921 compositio
1976 4867 2109 4907 con-

534 4941 818 4997 stituitur?
867 4939 1008 5006 Quid
1050 4951 1232 4994 autem
1296 4941 1498 4995 caelum
1557 4942 1735 5011 ipsum
1790 4958 1914 4997 esse
1975 4945 2105 5014 quis

531 5033 774 5090 dixerit?
811 5048 879 5087 an
924 5031 1057 5103 quid
1100 5033 1319 5088 mistutn
1360 5050 1427 5089 ex
1457 5035 1741 5091 elementis
1772 5051 1894 5106 qua:
1937 5040 1990 5092 in
2041 5053 2109 5093 eo

533 5127 906 5190 continentur,
947 5123 1028 5177 vel
1057 5139 1223 5179 unum
1259 5140 1324 5180 ex
1353 5126 1631 5187 omnibus.
1668 5128 1752 5182 vel
1780 5128 1926 5184 aliud
1950 5129 2106 5200 quid-

533 5218 658 5274 dam
697 5226 892 5289 przeter
918 5217 1077 5273 haec?
1105 5215 1248 5283 Quid
1296 5227 1479 5273 autem
1509 5234 1633 5275 esse
1680 5221 1870 5276 stellas
1918 5221 2109 5291 ipsas?

536 5306 692 5365 Unde
730 5310 864 5379 ipsis
912 5307 1269 5379 splendorem.
1312 5307 1573 5381 aﬂ‘ulgere
1610 5309 1848 5367 dixerit?
1892 5313 1958 5365 Et
2019 5310 2108 5366 hic

532 5400 790 5470 splendor
824 5400 952 5471 quid
990 5401 1113 5457 est?
1141 5398 1206 5455 Et
1234 5402 1509 5472 quomodo
1536 5403 1938 5457 constituitur?
1991 5402 2107 5456 Dii-

536 5490 777 5546 fcrentize
803 5500 983 5547 autem
1013 5493 1257 5563 ipsorum
1304 5493 1605 5548 secundum
1641 5493 2101 5564 pulchritudinem

2141 4721 2191 4780 D

2212 3488 2333 3560 οὐχί
2351 3508 2367 3523 υ
2398 3490 2552 3544 κενὸν
2566 3474 2637 3544 ’δέ
2666 3508 2720 3542 τι
2751 3489 2891 3543 κατά
2911 3489 3010 3562 τὴν
3039 3490 3274 3561 ματαίαν
3300 3491 3411 3545 τῶν
3430 3490 3606 3544 ταῦτα
3633 3509 3795 3561 m9:-

2209 3580 2583 3651 λοσοφηκότων
2640 3578 2894 3633 ὑπόνοιαν
2946 3581 3059 3642 τοῖς
3110 3578 3381 3651 ούρανίοις
3436 3582 3793 3651 περικέχυται

2208 3669 2430 3735 νώτοις*
2477 3673 2571 3725 καὶ
2614 3669 2787 3743 τούτῳ
2820 3670 3251 3725 ένολισῦαίνουσα
3283 3670 3379 3723 τοῦ
3413 3671 3616 3734 παντὸς
3652 3673 3685 3741 ή
3715 3672 3791 3725 δίο

2210 3780 2384 3832 νησις,
2416 3762 2552 3835 πρὸς
2582 3762 2777 3833 ἑαυτὴν
2808 3763 3152 3833 ἀναστρέφει,
3181 3761 3448 3833 μηδεμίαν
3473 3763 3536 3815 ὲκ
3568 3761 3785 3832 στερεοῦ

2210 3870 2352 3917 τινος
2376 3853 2694 3907 ἀντιτυπίαν
2726 3851 3069 3923 εὑρίσκουσα,
3100 3853 3198 3924 τὴν
3224 3853 3530 3924 δυναμένην
3557 3851 3619 3917 ἐξ
3640 3855 3785 3906 ἀντι-

2212 3944 2420 4008 ϐάσεως
2469 3944 2684 4015 στῆσαι,
2733 3944 2825 3997 καὶ
2869 3943 3135 4012 ἀνακόψαι
3193 3943 3484 4014 προϊοῦσαν
3512 3945 3569 3996 έν
3606 3942 3785 4011 κύκλιςι

2209 4032 2309 4102 τὴν
2336 4031 2567 4103 κίνησιν.
2596 4031 2660 4084 Τί
2688 4031 2866 4084 τοίνυν
2903 4032 3018 4083 ἐστὶ
3049 4031 3108 4084 τὸ
3140 4031 3298 4084 κενὸν
3340 4033 3514 4084 έκεῖνο
3537 4072 3553 4095 ,
3586 4031 3618 4084 ὅ
3654 4034 3783 4101 μήτε

2212 4123 2390 4193 σῶμα,
2426 4123 2578 4193 φασὶ,
2610 4123 2748 4195 μήτε
2779 4122 2990 4193 νόημα;
3043 4123 3147 4176 Kal
3182 4123 3340 4194 μέχρι
3370 4124 3514 4186 τίνος
3561 4125 3782 4192 latius-

2210 4232 2299 4267 vov
2324 4232 2338 4279 ;
2368 4215 2477 4268 Kal
2508 4214 2561 4267 τί
2591 4214 2655 4267 τὸ
2690 4213 3097 4284 διαδεχόμενον;
3130 4214 3225 4277 Τίς
3248 4214 3306 4267 δὲ
3342 4213 3435 4267 τοῦ
3470 4213 3666 4266 ναστοῦ
3690 4215 3785 4266 καὶ

2211 4304 2504 4357 ἀντιτύπου
2553 4306 2586 4376 ἡ
2623 4304 2759 4375 πρὸς
2791 4304 2852 4358 τὸ
2880 4304 3032 4357 κενὸν
3082 4308 3177 4358 καὶ
3208 4304 3572 4358 ἀνυπόστατον
3612 4307 3785 4357 ἐκεῖνο

2212 4393 2533 4461 συγγένειας
2566 4394 2632 4447 Τί
2663 4393 2723 4448 τὸ
2753 4395 3034 4466 μεσιτεῦον
3070 4397 3183 4460 τοῖς
3224 4395 3693 4466 παρηλλαγμένοις
3716 4397 3783 4465 τῇ

2211 4484 2406 4554 φύσεις
2438 4484 2561 4548 Πῶς
2604 4486 2662 4539 δὲ
2701 4487 2791 4540 διὰ
2836 4486 2945 4540 τῶν
2992 4487 3318 4557 έτεροφυιῶν
3363 4488 3395 4558 ὴ
3429 4486 3663 4556 τοσαύτη
3686 4486 3783 4538 τοῦ

2211 4576 2411 4638 παντὸς
2457 4576 2792 4648 εὐαρμοστία
2828 4577 3175 4642 συνίσταταις
3212 4576 3279 4629 Τί
3326 4576 3373 4630 δ’
3408 4577 3473 4631 ἄν
3512 4594 3596 4639 τις
3638 4579 3784 4629 staret

2209 4664 2301 4720 τὸν
2330 4666 2555 4737 οὐρανὸν
2595 4667 2757 4721 αὐτὸν
2795 4664 2972 4733 εἶναις
3026 4667 3203 4739 μίγμα
3240 4684 3292 4721 τι
3328 4668 3434 4722 τῶν
3463 4668 3783 4738 περιεχομέ-

2212 4772 2318 4810 νων
2348 4754 2644 4825 στοιχείων,
2698 4757 2730 4829 ﬂ
2772 4756 2830 4809 ἓν
2884 4758 2942 4823 ἐξ
2983 4757 3259 4821 ἁπάντων,
3302 4758 3334 4830 ἢ
3386 4759 3508 4813 ἄλλο
3556 4775 3606 4810 τι
3644 4759 3783 4827 περὶ

2209 4845 2381 4899 ταῦτα
2407 4864 2421 4913 ;
2454 4847 2517 4899 Τί
2544 4847 2600 4900 δὲ
2629 4849 2754 4911 τοὺς
2787 4848 3024 4920 ἀστέρας
3054 4849 3283 4915 αύτούς;
3312 4851 3479 4904 Πόθεν
3514 4849 3565 4902 δὲ
3596 4848 3781 4911 αὐτοῖς

2208 4937 2307 5009 τὴν
2332 4938 2503 5009 αὐγὴν
2539 4939 2918 5005 amttam;
2951 4941 3017 4993 Τί
3041 4938 3223 5006 οὖσαν,
3251 4944 3344 4997 xal.
3365 4944 3509 5006 ὅπως
3536 4956 3788 4994 συνιστιο

2213 5028 2379 5099 μένην
2402 5048 2415 5060 ·
2438 5028 2537 5099 τῆς
2561 5029 2617 5083 δὲ
2643 5029 2904 5101 διαφορᾶς
2924 5031 3102 5086 αὐτῶν
3132 5033 3269 5087 κατά
3296 5051 3353 5086 τε
3381 5034 3441 5087 τὸ
3467 5032 3642 5094 κάλλος
3671 5031 3776 5083 sui

2212 5120 2438 5191 μέγεθος
2474 5122 2628 5191 λόγος
2648 5127 2767 5191 τίς;
2799 5123 2936 5188 Τοὺς
2963 5124 3019 5178 δὲ
3063 5124 3213 5189 ἐντὸς
3253 5125 3394 5180 ἑπτὰ
3423 5126 3636 5186 κύκλους
3665 5123 3773 5191 ’τὴν

2207 5214 2462 5267 ἐναντίαν
2492 5213 2570 5285 τῷ
2603 5215 2761 5269 παντὶ
2800 5205 3014 5287 κίνηᾶιν
3047 5218 3495 5289 περιαγομένους,
3527 5216 3577 5270 τί
3615 5209 3771 5275 εἶναι,

2212 5304 2245 5376 ἢ
2313 5305 2419 5360 ὑπὸ
2470 5307 2630 5372 ποίας
2680 5308 2928 5381 ἀνάγκης
2976 5308 3332 5374 ἐλαύνεσθαις
3386 5310 3461 5363 Τὸ
3512 5309 3565 5361 δὲ
3617 5304 3774 5360 ἀῦὶον

2211 5396 2386 5451 ἐκεῖνο
2435 5400 2525 5452 καὶ
2574 5401 2809 5473 αἰθέριον
2834 5402 2965 5474 πῦρ,
2999 5402 3091 5455 καὶ
3115 5404 3142 5455 ὁ
3170 5402 3536 5473 ἐγκεχυμένος
3560 5399 3638 5453 διὰ
3669 5396 3773 5466 μέο

2212 5505 2303 5541 σου
2335 5489 2460 5560 ἀὴρ,
2488 5484 2600 5544 οἷόν
2625 5508 2673 5544 τι
2702 5492 3039 5563 διατείχισμα
3066 5491 3355 5562 γενόμενος
3379 5492 3478 5564 τῆς
3500 5490 3775 5561 Θερμαντιο

536 5590 591 5636 et
619 5583 1041 5651 magnitudinem
1080 5601 1329 5656 quaenam
1375 5585 1559 5641 ratio?
1597 5584 1890 5641 Interiores
1924 5595 2102 5641 autem

2210 5582 2309 5653 κῆς
2333 5597 2391 5635 τε
2419 5583 2511 5636 καὶ
2540 5584 2879 5656 ἀναλωτικῆς
2904 5586 3136 5655 φύσεως,
3182 5585 3321 5657 πρὸς
3358 5586 3457 5656 τὴν
3490 5582 3646 5655 ὑγρὰν
3673 5578 3773 5631 καὶ

536 5672 777 5729 circulos
797 5675 1136 5731 contrarium
1164 5677 1423 5734 universo
1444 5685 1648 5733 motum
1671 5677 2102 5751 circumagentes

2210 5673 2579 5743 εύανὰλωτονς
2624 5677 2731 5731 Καὶ
2780 5677 2928 5742 ὅπως
2965 5677 3102 5732 κατὰ
3143 5676 3202 5731 τὸ
3253 5677 3474 5747 ἔσχατον
3512 5677 3545 5746 ἡ
3587 5672 3649 5743 γῆ
3679 5667 3769 5737 τῷ
