4002 6218
260 322 367 381 957
1312 372 1319 379 .
1388 332 1665 389 comm
1694 300 2085 405 aumatium,
2127 336 2396 396 ωιτη.
2746 322 2759 337 ⁵
3417 340 3524 399 ass

261 437 428 493 παντὶ
475 438 861 515 ὑποϐέϐληται,
908 444 959 497 τί
1008 444 1065 499 τὸ
1103 447 1381 517 φυλάσσονη
1422 451 1480 504 ἐν
1519 452 1596 522 τῷ
1646 453 1846 527 βεϐαίῳ

1976 457 2083 528 μιίιι
2117 473 2262 522 esse,
2289 457 2373 512 vel
2406 454 2509 527 sub
2553 469 2716 527 quam
2752 457 3137 515 necessitatem
3189 457 3375 529 adigi?
3427 458 3523 513 llte

260 528 362 598 τὴν
390 528 616 620 prdem;
646 531 711 584 Τί
745 533 807 587 τὸ
839 535 1116 606 ὑπερεῖδον
1139 538 1306 609 αὐτῆς
1332 540 1432 611 τὴν
1465 542 1558 595 ἐπὶ
1594 543 1656 597 τὸ
1691 545 1843 600 κάτω

1985 556 2128 603 utem
2168 545 2548 602 immaterialis
2591 557 2644 601 et
2695 548 2955 603 aetherius
2994 550 3160 620 ignis,
3203 528 3367 620 atque
3435 549 3526 609 hic

268 618 474 690 φοράν;
501 621 566 674 Ei
588 621 760 677 ταῦτα
783 624 875 689 καὶ
900 626 966 680 τά
990 626 1217 682 τοιαῦτά
1258 647 1341 694 τις
1371 632 1520 703 ἡμᾶς
1552 633 1845 700 κατεξετά-

1976 638 2169 695 nfusus
2215 654 2313 709 per
2374 638 2613 694 medium
2686 655 2800 705 aer,
2850 641 2945 711 qui
3000 618 3148 697 velut
3194 618 3388 701 murus
3441 649 3527 697 est

270 708 371 773 ζοι,
404 711 514 783 ἄρα
544 712 627 776 τίς
645 714 799 770 ἔσται
822 716 1071 774 τοσοῦτον
1089 722 1423 794 ἀνεστηκὼς,
1456 723 1595 778 ὥστε
1617 725 1851 781 καθυπο-

271 801 496 871 σχέσθαι
515 802 625 857 τῶν
649 806 904 861 τοιούτων
923 809 1020 887 τὴν
1042 811 1241 880 γνῶσιν
1264 827 1278 877 ;
1307 813 1470 867 Οὐδὲν
1493 814 1601 887 γὰρ
1625 817 1705 878 εἰς
1725 817 1852 870 ἀπόυ

269 910 453 965 κρισιν
496 898 609 959 τοῖς
652 898 991 970 εὐγνώμοσιν
1119 903 1278 957 τοῦτο
1329 905 1589 973 λείπεται,
1613 909 1693 961 ὅτι
1723 911 1751 962 ό
1782 910 1852 963 τά

269 983 447 1037 πάντα
491 986 550 1037 ἐν
595 986 757 1059 σοφία
796 991 1047 1060 ποιήσας,
1084 992 1244 1061 μόνος
1284 992 1391 1047 οἶδε
1441 994 1533 1049 τὸν
1569 996 1724 1064 λόγον
1753 997 1851 1067 τῆς

268 1070 519 1137 κτίσεως.
559 1074 745 1145 Ἡμεῖς
773 1076 831 1131 δὲ
859 1080 1036 1133 πίστει
1075 1082 1300 1154 νοοῦμεν
1338 1086 1693 1157 κατηρτίσθαι
1726 1088 1852 1151 τοὺς

271 1161 475 1225 αἰῶνας
526 1165 728 1235 ρήματι
766 1166 935 1234 Θεοῦ,
982 1169 1163 1235 καθώς
1211 1190 1375 1245 φησιν
1428 1175 1457 1228 ὁ
1510 1174 1848 1241 Ἀπόστολος.

1950 731 2171 802 quidam
2206 730 2567 801 intersepiens
2596 739 2847 786 naturam
2876 733 3283 789 calefacientem
3312 742 3367 789 et
3391 748 3526 789 con-

1956 831 2261 875 sumentem
2310 821 2381 875 ab
2428 820 2650 875 humida
2703 828 2897 877 natura
2951 829 3008 877 et
3060 824 3393 892 censumptu
3448 821 3527 876 fa-

1957 910 2087 964 cili?
2128 910 2306 980 Atque
2352 910 2628 981 quomodo
2688 916 2834 965 terra
2882 910 2937 963 in
2974 921 3124 981 parte
3154 911 3262 965 ima
3306 910 3360 964 in
3402 909 3528 964 uni-

1957 1015 2118 1055 verso
2153 1002 2368 1055 ﬁrmata
2416 1010 2470 1056 et
2525 1000 2810 1070 subjecta?
2840 998 3104 1070 quidnam
3146 1006 3232 1055 est
3277 997 3425 1069 quod
3472 999 3529 1053 in

1956 1092 2116 1148 ﬁrmo
2146 1103 2349 1150 statum
2377 1095 2691 1151 custodiat?
2718 1094 2979 1164 quidnam
3012 1094 3212 1157 ﬁrmat,
3236 1100 3291 1148 et
3324 1091 3532 1149 stabilit

1957 1183 2080 1252 ejus
2115 1184 2183 1238 ad
2217 1185 2386 1239 imum
2418 1186 2723 1241 lationem?
2756 1185 2810 1238 Si
2863 1185 2976 1239 haec
3020 1193 3075 1239 et
3105 1184 3235 1238 talia
3269 1184 3395 1255 quis
3428 1197 3531 1237 nos

270 1252 607 1345 exquirendo
649 1254 963 1329 interroget,
1017 1273 1088 1314 an
1117 1262 1242 1331 quis
1290 1264 1392 1318 erit
1452 1264 1587 1320 adeo
1625 1268 1823 1323 mentis
1862 1269 2040 1332 impos
2070 1282 2123 1329 et
2153 1286 2309 1330 extra
2344 1292 2404 1333 se
2432 1277 2700 1345 deiectus,
2756 1283 2817 1330 ut
2850 1275 3041 1329 talium
3116 1252 3360 1345 polliceri
3429 1287 3532 1327 au-

274 1343 852 1438 deatgcognitionem?
896 1349 1042 1407 Nihil
1100 1353 1271 1425 wquis
1321 1364 1374 1410 et
1421 1357 1669 1413 candidis
1701 1361 1835 1417 viris
1875 1363 1943 1417 ad
2019 1381 2347 1438 responsum
2431 1343 2797 1437 relinquitur,
2855 1383 3019 1437 quam
3072 1343 3218 1437 quod
3282 1366 3375 1420 ille
3431 1365 3529 1435 qui

274 1436 457 1489 omnia
486 1436 542 1490 in
580 1440 849 1509 sapientia
883 1440 1082 1511 fecit",
1142 1447 1296 1503 solus
1336 1451 1485 1504 novit
1525 1461 1793 1509 creatura:
1854 1436 2145 1515 rationem.

273 1535 457 1597 aptata
482 1543 603 1585 esse
628 1533 850 1597 secula,
886 1536 1029 1591 sicut
1066 1539 1144 1593 ait
1170 1540 1467 1611 Apostolus
1492 1544 1535 1599 ⁸.

341 1623 406 1674 El
447 1618 541 1677 οῦν
588 1625 739 1680 κάτω
790 1629 965 1695 κτίσις
1005 1632 1038 1704 ἡ
1070 1634 1234 1706 μέχρι
1273 1638 1381 1691 τῶν
1409 1639 1712 1711 αἰσθήσεων
1744 1643 1853 1696 τῶν

276 1713 564 1809 ᾕμετέρων
594 1716 887 1786 φθάνουσα,
919 1723 1058 1796 ὑπὲρ
1081 1727 1149 1781 τὰ
1179 1728 1352 1802 μέτρα
1376 1734 1475 1804 τῆς
1507 1734 1855 1809 ἀνθρωπίνης

2236 1461 2346 1517 Nos
2420 1470 2599 1515 autem
2653 1460 2756 1516 [ide
2805 1459 3179 1531 intelligimus,
3226 1458 3391 1514 verbo
3438 1456 3533 1514 Dei

2032 1641 2088 1695 Si
2136 1641 2323 1712 itaque
2356 1642 2462 1697 ima
2513 1649 2787 1705 creatura,
2823 1655 2945 1713 qua:
2995 1647 3220 1697 nostros
3254 1634 3429 1711 usque
3466 1640 3535 1697 ad

1962 1749 2157 1791 sensus
2199 1735 2477 1804 pertingit,
2512 1735 2735 1788 modum
2765 1735 3015 1788 humanae
3070 1733 3403 1805 cognitionis
3438 1748 3536 1789 su-

278 1802 391 1900 ὲστὶ
422 1805 698 1873 γνώσεως,
731 1810 849 1876 πῶς
880 1814 909 1866 ό
951 1816 1096 1886 μόνῳ
1132 1817 1394 1892 θελήματι
1423 1802 1484 1877 τὸ
1521 1802 1627 1881 πᾶν
1664 1802 1862 1900 συστέλ-

1976 1834 2135 1895 perat,
2191 1802 2467 1895 quomodo
2518 1823 2565 1877 is
2600 1822 2694 1892 qui
2732 1821 2847 1877 sola
2902 1802 3177 1877 voluntate
3212 1822 3529 1877 universum

283 1895 551 1991 σάμενος,
600 1900 749 1966 ἐντὸς
792 1904 892 1975 τῆς
961 1908 1235 1980 ἡμετέρας
1284 1913 1400 1967 ἐστὶ
1468 1895 1858 1991 καταλήψεως-ς

281 1986 598 2081 geratori};
624 1991 795 2081 ταῦτα
840 1997 932 2050 καὶ
963 2001 1130 2069 μανία
1166 2002 1384 2076 ψευδὴς,
1420 2007 1602 2072 καθώς
1630 1986 1794 2081 φήσιν
1832 2014 1864 2066 ό

279 2074 600 2148 Προφήτης,
632 2080 692 2134 τὸ
718 2081 924 2138 οἴεσθαι
943 2086 1172 2160 δυνατὴν
1191 2074 1330 2145 εἷναί
1352 2110 1469 2147 τινι.
1482 2095 1580 2166 τὴν
1741 2098 1864 2169 ἀλή-

279 2184 434 2259 πτων
468 2170 765 2243 περίνοιαν.
805 2175 992 2242 Οὕτως
1036 2178 1187 2234 ἔστιν
1228 2182 1355 2237 ίδεῖν
1388 2185 1561 2258 μικρά
1586 2190 1753 2259 νήπια
1778 2190 1865 2245 διά

277 2258 378 2331 τὴν
424 2261 493 2314 ὲκ
540 2262 640 2333 τῆς
688 2264 902 2335 ἡλικίας
944 2268 1166 2338 ἄγνοιαν
1199 2272 1458 2337 παίζοντά
1491 2293 1551 2329 τε
1588 2258 1724 2349 ὁμοῦ
1769 2281 1866 2334 καὶ

280 2350 673 2417 σπουδάζοντα.
710 2355 977 2422 Πολλάκις
1001 2360 1111 2431 γάρ
1137 2360 1354 2427 ἀκτῖνος
1393 2365 1630 2435 ἡλιακῆς
1653 2366 1755 2423 διά
1771 2369 1865 2423 θυ-

280 2441 429 2513 ρίδος
459 2443 643 2510 αὐτοῖς
663 2448 992 2522 εἰσρυείσης,
1023 2453 1387 2525 περιχαρέντα
1411 2456 1488 2529 τῷ
1516 2458 1703 2514 κάλλει
1732 2462 1865 2534 πρὸς

276 2534 342 2624 το
364 2535 692 2607 φαινόμενον
721 2539 881 2607 ἵεται,
912 2543 1006 2597 καὶ
1048 2544 1234 2617 φέρειν
1264 2545 1558 2615 φιλονεικεῖ
1582 2548 1668 2605 διά
1688 2553 1868 2624 χειρὸς

273 2623 383 2695 τὴν
414 2625 631 2689 ἀκτῖνα,
662 2629 756 2682 καὶ
788 2629 1109 2702 διαμάχεται
1143 2633 1279 2704 πρὸς
1320 2633 1546 2706 ἄλληλα,
1578 2638 1671 2691 καὶ
1711 2655 1868 2710 περι-

275 2713 582 2786 δράσσεται
610 2717 704 2771 τοῦ
734 2721 909 2789 φωτὸς
935 2724 1001 2794 τῇ
1036 2723 1293 2796 περιϐολῇ
1327 2726 1436 2779 τῶν
1466 2726 1764 2793 δακτύλων,
1792 2730 1868 2795 ὡς

274 2808 497 2875 οἴεται,
541 2808 641 2881 τὴν
688 2813 863 2883 αὐγὴν
917 2814 1291 2888 ἐνδησάμεναο
1338 2818 1475 2874 ἀλλά
1527 2820 1867 2894 διαλυθείσης

274 2900 395 2955 τῶν
422 2901 701 2959 δακτύλων
747 2907 845 2977 τῆς
885 2907 1183 2981 ἐμπλοκῆς,
1215 2910 1427 2979 γέλωτα
1460 2916 1605 2968 ποιεῖ
1634 2916 1745 2979 τοῖς
1777 2920 1895 2986 νη-“

279 2994 435 3058 πίοις
467 2996 560 3049 καὶ
592 2997 786 3067 κρότον
805 2999 1124 3073 διαρρυεῖσα
1150 3002 1257 3056 τῶν
1283 3004 1483 3077 χειρῶν
1516 3007 1550 3078 ἡ
1580 3006 1683 3077 τῆς
1712 3008 1868 3061 ἀκτῖ-

277 3102 376 3148 νος
414 3084 576 3159 λαϐή.
616 3086 773 3143 Οὕτω
794 3089 888 3144 καὶ
921 3090 989 3145 τά
1013 3092 1112 3163 τῆς
1143 3095 1414 3167 ἡμετέρας
1440 3099 1633 3166 γενεᾶς
1661 3098 1867 3166 παιδία,

278 3175 475 3240 καθώς
508 3154 729 3252 φησινή
762 3154 1216 3255 παραϐολὴξ
1261 3154 1488 3260 ἀγοραῖς
1524 3154 1872 3264 ἐγκαθήμενά
1895 3154 1938 3212 c

281 3265 500 3330 παίζει.
541 3268 605 3320 Oi
637 3269 735 3340 τὴν
769 3269 919 3325 θείαν
953 3272 1183 3346 δύναμιν
1221 3276 1310 3331 διὰ
1353 3278 1462 3332 τῶν
1485 3280 1583 3351 τῆς
1610 3281 1873 3354 Προνοίας

278 3355 467 3424 λόγων
502 3359 597 3412 καὶ
631 3359 741 3413 τῶν
793 3361 1087 3434 θαυμάτων
1114 3368 1235 3431 ταῖς
1259 3367 1458 3439 ψυχαῖς
1496 3370 1873 3442 ὲλλάμπουσαν

284 3446 607 3518 βλέποντες,
636 3445 749 3506 οἷον
778 3454 973 3509 ἀκτῖνά
1004 3473 1122 3511 τινα
1148 3457 1240 3512 καὶ
1270 3458 1581 3532 θερμότητα
1613 3463 1710 3533 τῆς
1731 3464 1876 3535 ἡλια-

282 3540 396 3610 κῆς
425 3542 800 3613 ἀπορρέουσαν
831 3545 1063 3615 φύσεως,
1089 3551 1208 3622 οὐχὶ
1239 3551 1574 3623 θαυμάζουσι
1594 3553 1691 3626 τὴν
1715 3558 1874 3627 χάριν

285 3635 389 3688 καὶ
408 3637 776 3706 προσκυνοῦσι
835 3640 926 3694 τὸν
980 3642 1068 3696 διὰ
1122 3645 1326 3699 τούτων
1380 3647 1665 3718 νοούμενον
1691 3664 1705 3677 ο
1759 3650 1875 3703 ἀλλ’

286 3726 635 3798 ὑπερϐάντες
677 3729 737 3783 τὸ
759 3733 1005 3803 χωρητὸν
1035 3738 1099 3807 τῇ
1133 3734 1298 3808 ψυχῇ,
1325 3740 1445 3801 ταῖς
1472 3739 1580 3792 τῶν
1610 3742 1876 3812 σοφισμά-

285 3832 404 3870 των
436 3816 632 3882 λαϐαῖς
653 3820 748 3873 τοῦ
778 3823 1016 3892 ἀναφοῦς
1045 3826 1515 3898 περιδράσσονται,
1545 3831 1640 3884 καὶ
1656 3835 1876 3903 κρατεῖν

178 3920 189 3928 ’
287 3908 505 3963 οἴονται
541 3910 630 3964 διά
652 3912 762 3966 τῶν
793 3914 1167 3988 συλλογισμῶν
1197 3918 1338 3990 ἅπερ
1364 3920 1566 3975 οἴονται
1586 3939 1600 3952 υ
1640 3921 1879 3995 διασχόν-

287 4014 389 4063 τος
412 3997 472 4052 se
499 3997 594 4051 τοῦ
618 3999 779 4069 λόγου
816 4005 911 4058 καὶ
940 4004 1331 4071 διαπτύξαντος
1350 4008 1448 4078 τὴν
1478 4009 1587 4063 τῶν
1614 4013 1880 4082 σοφισμά-

289 4099 406 4138 των
446 4082 668 4159 πλοκὴν,
706 4090 1017 4161 εὑρίσκεται
1038 4097 1149 4158 τοῖς
1180 4095 1305 4150 νοῦν
1331 4095 1513 4167 ἔχουσι
1541 4099 1603 4152 τὸ
1622 4100 1883 4173 ἀπειλημ-

296 4175 464 4245 μένον
524 4178 707 4233 οὐδέν’
762 4180 905 4238 οῦτω
939 4187 1333 4260 μικροπρεπῶς
1365 4206 1424 4242 τε
1468 4191 1561 4244 καὶ
1605 4191 1881 4262 βρεφικῶς

292 4269 412 4331 τοῖς
456 4269 758 4341 ἀμηχάνοις
809 4275 1296 4347 ὲμματαιάζοντες,
1345 4275 1457 4335 οἷόν
1494 4298 1601 4337 τινι
1654 4283 1883 4357 παλάμῃ

296 4359 528 4432 παιδικῇ
561 4363 660 4435 τὴν
690 4366 1046 4439 ἀπερινόητον
1066 4368 1160 4423 τοῦ
1185 4369 1319 4425 Θεοῦ
1347 4371 1507 4443 φύσιν
1529 4376 1647 4439 ταῖς
1673 4375 1881 4445 ὀλίγαις

298 4453 597 4519 συλλαϐαῖς
617 4456 718 4527 τῆς
752 4459 1076 4534 ἀγεννησίας
1095 4464 1521 4533 ἐναποκλείουσι,
1538 4468 1634 4524 καὶ
1651 4484 1882 4538 συναγο-

1962 1914 2274 1978 constituit,
2308 1913 2363 1967 in
2395 1920 2584 1967 nostra
2616 1910 3104 1982 comprehensione
3127 1911 3539 1967 contineretur?

1963 2006 2194 2061 Vanitas
2236 2005 2351 2060 haec
2380 2011 2435 2059 et
2465 2003 2620 2059 furor
2656 2001 2832 2057 falsus
2866 2042 2883 2068 ,
2912 2001 3056 2058 sicut
3102 2001 3182 2056 ait
3226 2001 3531 2075 Propheta,

1962 2105 2158 2169 putare
2181 2092 2817 2166 incomprehensibilium
2836 2091 3202 2163 cognitionem
3224 2093 3390 2150 alicui
3412 2108 3540 2149 con-

1964 2197 2178 2239 cessam
2241 2180 2540 2245 esse.‘Sic
2593 2180 2781 2236 videre
2831 2180 2960 2236 licet
3023 2181 3283 2251 parvulos
3315 2190 3541 2254 propter

1965 2273 2144 2330 astatis
2162 2272 2395 2344 puerilis
2414 2271 2782 2342 ignorantiam
2800 2270 2989 2326 ludere
3009 2270 3175 2326 simul
3197 2280 3259 2327 et
3274 2271 3496 2328 studere
3519 2287 3539 2326 :

1967 2379 2110 2437 saepe
2162 2365 2309 2421 enim
2342 2364 2497 2419 radio
2527 2361 2693 2419 solari
2730 2377 2823 2433 per
2852 2360 3149 2418 fenestram
3182 2362 3251 2419 ad
3289 2363 3416 2419 illos
3448 2362 3540 2418 in-

1965 2456 2186 2521 ﬂuente,
2240 2455 2493 2511 delectati
2542 2452 2968 2524 pulchritudine,
3022 2453 3090 2507 ad
3138 2453 3192 2508 id
3240 2453 3389 2525 quod
3446 2468 3543 2525 ap-

1967 2554 2124 2622 paret
2156 2553 2310 2614 eunt,
2355 2554 2411 2602 et
2436 2560 2603 2600 manu
2662 2543 2876 2598 radium
2904 2541 3049 2599 ferre
3094 2544 3455 2610 contendunt,
3484 2554 3540 2600 ct

1968 2641 2111 2696 inter
2183 2653 2246 2694 se
2307 2646 2571 2710 pugnant,
2621 2643 2784 2705 atque
2830 2634 3125 2706 digitorum
3180 2651 3349 2701 nexu,
3396 2636 3543 2692 sicut

1967 2740 2184 2804 putant,
2243 2730 2384 2787 lucis
2416 2728 2680 2800 fulgorem
2736 2728 3001 2798 illigatum
3040 2725 3290 2798 undique
3347 2743 3540 2799 appre—

1970 2822 2238 2886 hendunt,
2274 2819 2370 2876 sed
2396 2819 2697 2890 digitorum
2722 2817 2994 2874 dissoluto
3016 2818 3329 2889 complexu,
3368 2821 3540 2875 risum

1940 2923 2024 2971 -et
2066 2914 2319 2983 plausum
2356 2910 2602 2983 parvulis
2630 2909 2815 2966 facere
2843 2908 3062 2966 videtur
3087 2925 3119 2966 e
3151 2910 3408 2968 manibus
3432 2910 3542 2967 dif-

1971 3003 2147 3063 ﬂuens
2171 3004 2311 3060 radii
2333 3003 2533 3074 captio.
2567 3000 2660 3058 Sic
2677 3012 2880 3060 nostrae
2894 3001 3266 3075 generationis
3295 3001 3534 3073 parvuli,

1972 3099 2115 3154 sicut
2140 3095 2319 3168 inquit
2353 3093 2635 3166 parabola,
2673 3094 2728 3149 in
2760 3093 2893 3150 foris
2925 3092 3272 3150 considentes
3305 3093 3538 3149 ludunt:

1975 3189 2070 3259 qui
2118 3187 2360 3244 divinam
2409 3186 2707 3257 potentiam
2756 3201 2854 3257 per
2889 3183 3254 3242 Providentia:
3304 3186 3547 3240 rationes

1975 3285 2031 3334 et
2085 3277 2349 3333 miracula
2409 3276 2721 3331 illucentem
2776 3273 3055 3339 videntes,‘
3099 3274 3247 3329 velut
3329 3272 3544 3329 radium

1975 3368 2266 3440 quemdam
2291 3375 2347 3423 et
2377 3367 2616 3423 calorem
2655 3381 2686 3422 e
2736 3365 2902 3423 solari
2946 3372 3143 3420 natura
3184 3363 3545 3427 deﬂuentem,

1975 3476 2077 3517 nec
2094 3459 2435 3515 admirantur
2448 3459 2805 3530 gratiam,nec
2820 3457 3050 3513 adorant
3064 3472 3185 3513 eum
3209 3456 3302 3527 qui
3322 3471 3416 3526 per
3434 3456 3550 3512 haec

1977 3551 2336 3623 intelligitur;
2391 3551 2487 3607 sed
2526 3550 2695 3605 animi
2746 3559 2969 3621 captum
3023 3550 3388 3621 supergressi,
3452 3563 3534 3604 ar-

1977 3643 2251 3715 gutiarum
2296 3642 2753 3712 prehensionihus
2804 3656 2932 3696 eum
2972 3641 3063 3711 qui
3118 3648 3327 3696 tactum
3362 3638 3550 3710 ell‘ugit

1980 3749 2196 3790 omnem
2233 3733 2695 3802 complectuntur,
2723 3740 2887 3803 atque
2917 3747 2977 3793 se
2992 3739 3185 3802 putant
3200 3738 3400 3811 btenere
3426 3732 3547 3786 suis

1980 3824 2549 3897 argumentationibus
2593 3839 2657 3879 ea
2684 3838 2806 3894 quae
2836 3821 3155 3894 epinantur.
3190 3819 3328 3875 Cum
3363 3828 3546 3876 autem

1980 3917 2120 3973 ratio
2163 3916 2548 3987 penetraverit,
2601 3922 2657 3970 et
2710 3914 3067 3985 explicaverit
3096 3911 3437 3981 argutiarum
3494 3920 3551 3966 ct

1981 4011 2293 4081 captionum
2325 4008 2567 4081 plexum,
2590 4007 2645 4063 hi
2674 4009 2771 4080 qui
2802 4014 2982 4063 mente
3007 4016 3061 4064 et
3082 4005 3548 4076 rationisjudicio

1981 4102 2185 4167 valent,
2219 4100 2353 4156 nihil
2375 4100 2830 4171 comprehensum
2869 4113 2994 4154 esse
3041 4097 3408 4169 comperiunt.
3459 4096 3551 4153 Sic

1982 4195 2183 4266 pusillo
2230 4195 2414 4249 animo
2463 4201 2518 4250 et
2560 4191 2823 4258 inlantili,
2874 4191 3023 4246 circa
3073 4190 3435 4262 impossibilia
3485 4192 3541 4246 in

1982 4302 2182 4343 vanum
2233 4286 2567 4350 laborantes,
2624 4284 2794 4339 veluti
2838 4283 3076 4355 quadam
3125 4284 3304 4355 palma
3353 4284 3548 4356 puerili

1984 4377 2467 4449 imperceptihilem
2497 4376 2593 4432 Dei
2620 4384 2871 4432 naturam
2904 4376 3095 4447 paucis
3121 4375 3348 4448 syllabis
3377 4376 3545 4447 hujus

1991 4471 2233 4529 nominis
2280 4470 2607 4543 ἀγεννησίαν
2659 4468 2968 4533 includunt,
3013 4475 3069 4524 et
3120 4482 3234 4524 sua:
3263 4467 3555 4524 dementiae

298 4543 524 4616 ρεύουσι
540 4549 605 4618 τῇ
629 4551 918 4623 παρανοίᾳ,
940 4553 1033 4608 καὶ
1045 4553 1240 4610 οἴονται
1263 4557 1515 4613 τοσοῦτον
1536 4558 1631 4615 καὶ
1643 4559 1874 4616 τοιοῦτον

1986 4560 2423 4633 patrocinantur,
2474 4566 2639 4630 atque
2688 4558 2984 4631 opinantur
3011 4565 3222 4613 tantum
3279 4566 3335 4614 et
3390 4557 3553 4613 talem

297 4635 442 4693 εἶναι
487 4639 550 4693 τὸ
584 4638 756 4708 Θεῖον,
796 4643 871 4708 ὡς
890 4644 1221 4720 ἀνθρωπικῷ
1236 4648 1480 4722 λογισμῷ
1497 4650 1756 4706 δύνασθαι
1793 4653 1884 4708 διὰ

293 4731 441 4801 μιᾶς
466 4734 837 4807 προσηγορίας
856 4737 1358 4811 ὲμπεριείργεσθαι,
1396 4742 1491 4797 καὶ
1519 4746 1639 4808 ταῖς
1658 4745 1756 4812 μὲν
1774 4744 1886 4798 τῶν

298 4823 479 4893 ἁγίων
490 4829 693 4895 φωναῖς
707 4827 1016 4884 ἀκολουθεῖν
1033 4832 1474 4904 σχηματίζονται·
1489 4835 1670 4889 αὐτῶν
1681 4835 1737 4888 δὲ
1753 4836 1889 4889 ὲκεί-

301 4938 416 4975 νων
440 4922 834 4996 ὑπεραίροντες
860 4927 1060 4992 αὐτοὺς
1084 4928 1145 4982 οὐ
1178 4927 1493 4982 δεδοίκασιν.
1508 4930 1575 4981 ’Δ
1591 4928 1700 5001 γάρ
1716 4930 1890 4995 οὐδεὶς

300 5013 418 5067 τῶν
443 5016 729 5089 μακαρίων
769 5018 980 5090 ἀνδρῶν
1015 5021 1252 5092 εἰρηκὼς
1288 5019 1671 5085 ἐπιδείκνυται,
1699 5014 1775 5076 ὧν
1798 5039 1883 5086 τις

304 5106 406 5161 καὶ
423 5107 581 5178 λόγος
607 5111 666 5164 ὲν
692 5113 813 5175 ταῖς
839 5110 1011 5176 θείαις
1042 5112 1245 5183 βί6λοις
1265 5112 1611 5185 ἀνάγραπτος
1639 5112 1884 5183 φέρεται,

303 5198 487 5254 ταῦτα
504 5195 668 5265 οὗτοι,
700 5202 883 5267 καθώς
904 5220 1067 5276 φησιν
1088 5207 1117 5257 ό
1154 5204 1209 5258 ’A
1220 5203 1490 5271 πόστολος,
1512 5204 1609 5272 Μὴ
1642 5204 1887 5272 εἰδότες,

303 5292 463 5363 μήτε
496 5293 536 5348 ἃ
582 5293 830 5365 λέγουσι
878 5297 977 5351 καί
1014 5296 1145 5365 περί
1176 5292 1264 5350 ὧν
1301 5295 1712 5360 διατείνονται,
1746 5297 1893 5367 ὅμως

311 5384 472 5440 αὐτοί
518 5402 579 5439 τε
620 5386 819 5442 ειδέναι
847 5388 999 5458 φασὶ,
1051 5389 1283 5451 καὶτοῖς
1323 5388 1503 5452 ἄλλοις
1537 5387 1895 5460 καθηγεῖσθαι

316 5478 420 5549 τῆς
450 5478 708 5548 εἰδήσεως
742 5478 1162 5550 μεγαλαυχοῦσι.
1200 5477 1302 5532 Καὶ
1324 5478 1411 5533 διά
1426 5477 1585 5531 τοῦτο
1607 5478 1699 5532 τὸν
1730 5476 1898 5531 Μονο-

315 5571 456 5643 γινῆ
488 5570 621 5626 Θεὸν
678 5572 754 5645 μὴ
800 5572 1013 5644 άληθῶς
1045 5569 1182 5627 εἶναι
1215 5572 1244 5625 ὂ
1274 5571 1489 5639 λέγεται
1518 5570 1900 5641 κατειληφέναι

394 5747 417 5780 ’
455 5745 604 5805 Psal.
634 5761 757 5813 cm,
791 5748 880 5803 24.
960 5748 982 5778 ⁸
1015 5745 1180 5803 ilchr.
1206 5762 1246 5813 ι,
1275 5746 1331 5803 ‘2.
1408 5746 1475 5803 ’l
1508 5745 1647 5801 Tim.
1689 5758 1728 5812 ι,
1760 5742 1815 5802 7.

601 5847 875 5909 Ριτιιοι..
920 5846 1036 5907 Gn.
1068 5844 1254 5907 XLV.

1985 4667 2110 4709 esse
2148 4651 2339 4718 Deum,
2397 4659 2456 4706 ut
2494 4650 2735 4706 humana
2774 4652 2987 4706 ratione
3021 4664 3117 4719 per
3165 4662 3332 4703 unam
3369 4649 3558 4720 appel-

1987 4745 2245 4800 lationem
2279 4742 2456 4815 possit
2487 4743 2753 4798 coerceri.
2784 4742 2866 4797 Ac
2896 4756 2957 4797 se
2977 4740 3197 4825 quidem
3218 4747 3555 4821 _sanctorum

1988 4851 2150 4893 voces
2203 4835 2358 4906 sequi
2404 4834 2705 4890 simulant:
2756 4832 2851 4889 sed
2895 4848 2955 4888 se
3006 4845 3171 4902 supra
3221 4829 3559 4901 illosipsos

1990 4927 2332 4993 extollentes,
2375 4941 2471 4982 eos
2523 4941 2632 4981 non
2684 4932 2957 4981 verentur.
3007 4923 3139 4990 Quae
3181 4922 3327 4978 enim
3376 4921 3562 4976 nullus

1993 5019 2273 5075 beatorum
2303 5018 2546 5074 virorum
2594 5017 2799 5095 dixisse
2842 5016 3272 5079 demonstratur,
3327 5027 3558 5083 quorum

1994 5112 2175 5185 aliqua
2230 5111 2285 5166 in
2331 5110 2533 5166 divinis
2596 5109 2755 5166 libris
2808 5108 3016 5177 scripta
3065 5107 3208 5161 ratio
3260 5102 3559 5176 profertur,

1996 5204 2113 5259 haec
2156 5203 2268 5266 isti,
2312 5203 2456 5257 sicut
2508 5201 2746 5272 loquitur
2799 5198 3116 5268 Apostolus,
3165 5211 3271 5251 non
3317 5196 3559 5256 scientes.

2001 5308 2162 5362 neque
2174 5307 2289 5362 qua:
2304 5291 2505 5356 dicunt,
2527 5306 2688 5362 neque
2702 5290 2766 5343 de
2784 5287 2968 5361 quibus
2988 5288 3260 5359 afﬁrmant
3283 5286 3327 5351 ’,
3348 5299 3563 5341 verum-
3602 5281 3606 5286 ’

1996 5392 2175 5439 tamen
2207 5383 2309 5454 ipsi
2336 5396 2395 5438 se
2425 5382 2568 5437 scire
2606 5379 2952 5451 proﬁtentur,
2984 5386 3039 5433 et
3066 5378 3190 5433 aliis
3228 5377 3399 5432 duces
3442 5394 3564 5435 esse

2000 5473 2241 5529 scientiae
2277 5470 2601 5542 gloriantur.
2634 5470 2711 5523 Ac
2737 5482 2834 5537 per
2860 5467 2964 5522 hoc
3000 5465 3353 5538 Unigenitum
3390 5463 3561 5518 Deum

2004 5582 2111 5622 non
2140 5579 2266 5623 vere
2292 5578 2413 5619 esse
2444 5559 2591 5634 quod
2620 5560 2822 5616 dicitur
2870 5558 3358 5631 comprehendisse
3416 5568 3566 5612 assc-

3144 5828 3220 5890 30
