4002 6218
506 336 610 393 939

1769 342 1826 395 S.
1869 341 2192 398 GREGORII
2223 343 2512 400 NYSSENI

3650 347 3752 404 9L0

507 463 737 527 verant,
779 453 1074 510 necessitas
1130 457 1276 513 enim
1320 456 1797 514 ratiocinationum
1842 459 1948 514 hoc
1986 459 2066 530 ju-

2174 463 2609 534 διισχυρίζονται.
2641 465 2704 518 ’Π
2727 465 2836 536 γάρ
2853 463 2960 518 τῶν
2984 461 3352 533 συλλογισμῶν
3368 462 3584 532 ἀνάγκη
3604 461 3758 515 τοῦτο

507 548 617 602 bet.

575 641 752 706 Quam
803 641 990 698 miseri
1041 651 1097 698 et
1122 641 1343 700 solertia
1368 642 1648 700 destituti!
1690 643 1862 711 Quam
1891 643 2075 700 infelix

510 732 644 802 ipsis
670 741 724 789 et
757 734 996 792 exitialis
1026 737 1371 793 considerata
1404 738 1779 808 philosophia!
1816 737 1951 804 Quis
2001 739 2076 793 ita

509 823 634 878 data
665 838 830 894 Opera
863 835 1059 896 sponte
1097 843 1196 883 sua
1223 829 1337 883 ruit
1363 830 1416 882 in
1446 829 1788 895 barathrum,
1814 829 1957 884 sicut
1987 829 2076 883 isti

509 916 694 970 labore
731 925 783 972 et
822 919 1005 973 studio
1034 919 1210 974 lacum
1263 921 1610 990 blasphemia:
1639 922 1744 977 sibi
1813 923 1948 992 ipsis
1998 921 2077 976 l'o-

506 1009 746 1063 derunt?
769 1017 972 1080 quanta
1011 1027 1270 1066 mensura
1303 1028 1332 1066 a
1365 1028 1460 1082 spe
1491 1012 1932 1068 Christianorum
1973 1013 2080 1067 fru-

506 1102 662 1156 strati
715 1111 922 1158 suntet
957 1104 1154 1159 excisi!
1209 1104 1366 1170 Quali
1411 1105 1560 1158 hiatu
1614 1105 1679 1159 ad
1725 1107 2076 1160 servatricem

509 1193 668 1247 tidem
715 1195 997 1264 intersepti
1054 1197 1210 1250 sunt!
1245 1193 1460 1261 Quanto
1495 1197 1618 1252 sinu
1667 1211 1696 1249 a
1754 1196 1857 1250 title
1903 1196 2078 1264 patris

505 1286 736 1340 Abrahae
773 1287 1177 1357 demigrarunt!
1207 1288 1299 1343 Ille
1325 1289 1392 1356 (si
1423 1297 1638 1358 oportet
1669 1291 1968 1346 secundum
1997 1290 2078 1344 in-

506 1379 650 1447 genii
682 1379 1070 1435 sublimitatem
1111 1380 1355 1451 Apostoli
1414 1392 1622 1437 mutata
1677 1398 1809 1438 voce
1873 1383 2077 1452 allego-

502 1471 614 1525 rice
657 1477 893 1522 mentem
944 1477 998 1524 et
1033 1485 1255 1524 sensum
1293 1471 1537 1528 historia:
1581 1473 1902 1544 intell'gere,
1962 1487 2078 1527 ma-

504 1567 666 1613 nente
691 1560 950 1614 nimirum
983 1561 1246 1617 historica
1265 1565 1536 1633 veritate),
1567 1565 1679 1632 ille,
1715 1565 1960 1635 inquam,
1994 1565 2079 1618 di-

498 1647 627 1702 vino
666 1651 922 1706 mandato
969 1654 1122 1709 exsul
1154 1669 1184 1709 e
1215 1663 1360 1711 terra
1403 1657 1622 1725 propria
1670 1667 1721 1712 et
1753 1657 2078 1728 cognatione

503 1755 601 1794 sua
623 1742 994 1811 egressionem
1019 1744 1145 1799 feeit
1168 1747 1284 1800 viro
1304 1747 1578 1816 prophetae
1594 1748 1866 1813 decoram,
1888 1749 1953 1802 ad
1974 1748 2068 1804 Dei

500 1834 870 1903 cognitionem
907 1835 1141 1904 urgenti.
1179 1836 1295 1892 Non
1327 1839 1472 1892 enim
1508 1841 1640 1894 mihi
1671 1841 1884 1896 videtur
1915 1855 2066 1910 qua:-

499 1924 625 1978 dam
656 1925 846 1982 localis
890 1926 1212 1998 demigratio
1255 1945 1447 1985 eorum
1494 1947 1616 2002 quae
1651 1933 2072 2004 intelligibiliter

496 2015 875 2082 inveniuntur,
900 2019 1196 2075 conciliare
1227 2022 1796 2092 comprehensionem,
1822 2025 1916 2078 sed
1954 2024 2070 2094 ipse

494 2121 563 2160 ex
596 2107 778 2176 seipso
807 2113 863 2162 et
909 2109 1128 2179 propria
1182 2118 1350 2176 terra,
1401 2127 1596 2180 nempe
1655 2097 1724 2167 ex.
1755 2118 1970 2167 terreno
2015 2120 2070 2166 et

495 2197 683 2252 humili
709 2199 906 2268 spiritu
940 2215 1216 2270 egressus,
1241 2203 1492 2273 utqnoad
1514 2205 1628 2258 ﬁeri
1665 2211 1865 2274 potest,
1903 2219 2067 2274 supra

493 2290 804 2344 communis
858 2299 1066 2346 natura:
1121 2294 1383 2348 terminos
1431 2309 1586 2349 suam
1636 2294 1809 2364 ipsius
1867 2294 2066 2348 intelli-

492 2377 732 2447 gentiam
764 2380 1008 2443 extollat,
1058 2381 1336 2452 animiqne
1382 2397 1506 2437 cum
1557 2384 1810 2438 sensibus
1859 2398 2063 2454 cogna-

493 2469 694 2524 tionem
747 2471 1022 2541 relinquat
1059 2490 1072 2528 :
1113 2480 1171 2526 ut
1201 2473 1352 2528 nullo
1382 2489 1569 2528 eorum
1601 2490 1722 2545 qua:
1767 2475 1948 2530 sensui
1979 2489 2068 2543 ap-

489 2567 686 2632 parent
749 2563 1099 2633 praepeditus,
1137 2563 1204 2619 ad
1256 2565 1630 2636 cognitionem
1679 2579 1892 2628 eorum,
1946 2579 2067 2633 quae

489 2669 713 2710 sensum
765 2658 1050 2711 oculorum
1072 2657 1360 2728 eil‘ugiunt,
1407 2657 1737 2713 obscuretur
1759 2665 1810 2711 et
1835 2657 2063 2726 caliget;

487 2761 664 2816 neque
717 2747 905 2801 auditu
967 2749 1427 2815 circumsonante,
1484 2764 1662 2820 neque
1719 2750 1837 2803 visu
1875 2749 1929 2802 in
1979 2747 2064 2802 his

485 2852 608 2909 qua:
653 2845 919 2908 apparent
969 2838 1380 2910 intelligentiam
1433 2839 1748 2902 scducentc,
1802 2839 2065 2909 quemad-

487 2928 710 2982 modum
752 2929 828 2982 ait
863 2928 1193 2998 Apostolus;
1246 2945 1342 3000 per
1378 2930 1538 2985 tidem
1584 2933 1891 2994 ambulans.
1954 2950 2061 2989 non

485 3020 727 3090 speciem
757 3020 824 3084 ‘°,
862 3019 918 3074 in
961 3026 1172 3074 tantum
1229 3021 1524 3078 subrectus
1585 3021 1685 3077 fuit
1735 3025 2062 3094 cognitionis

485 3108 865 3180 magnitudine
911 3119 966 3165 et
1017 3111 1373 3177 excellentia,
1429 3113 1504 3166 ita
1535 3121 1594 3168 ut
1643 3113 1894 3169 humana:
1936 3132 2060 3183 per-
2089 3143 2131 3202 α

486 3200 739 3257 fectionis
794 3203 1063 3258 terminus
1125 3203 1517 3260 existimetur:
1571 3207 1624 3260 in
1686 3216 1902 3262 tantum
1963 3207 2056 3264 Dei

484 3291 851 3360 cognitionem
910 3291 1161 3362 adeptus,
1194 3305 1455 3364 quantum
1510 3295 1591 3351 fas
1623 3305 1706 3350 est
1747 3297 1966 3352 brevem
2010 3307 2065 3353 et

483 3381 769 3438 mortalem
804 3381 945 3436 hanc
975 3384 1274 3453 potentiam
1301 3391 1578 3440 extentam
1611 3401 1826 3457 capere.
1860 3387 2065 3454 Quam-

483 3473 670 3530 obrem
705 3474 876 3528 omnis
905 3484 1165 3529 creatura
1195 3475 1490 3544 Dominus,
1530 3493 1594 3534 ac
1625 3481 1672 3535 si
1709 3481 1928 3550 aliquod
1980 3483 2064 3536 in-

457 3576 710 3622 .ventum
773 3567 968 3623 fuisset
1027 3570 1355 3639 patriarchae
1393 3570 1590 3636 factus,
1651 3575 1870 3644 proprie
1923 3573 2060 3629 Deus

487 3658 758 3715 Abraham
807 3663 1159 3717 nominatur:
1224 3671 1599 3718 verumtamen
1655 3665 1785 3735 quid
1855 3667 1921 3722 de
1971 3669 2063 3721 illo

483 3765 664 3806 sermo
696 3751 872 3807 dicit?
903 3755 1046 3824 quod
1084 3754 1253 3809 exivit
1291 3757 1544 3811 nesciens
1576 3771 1684 3826 quo
1718 3757 1820 3811 iret
1855 3757 1918 3812 ¹¹.
1948 3756 2056 3812 Sed

483 3858 658 3914 neque
711 3844 788 3898 illi
836 3860 1033 3901 nomen
1071 3845 1192 3916 ejns
1242 3861 1402 3916 quem
1439 3847 1720 3917 diligebat,
1750 3848 1963 3902 discere
1995 3848 2059 3902 li-

481 3938 634 4003 cuit;
672 3953 849 4008 neque
875 3946 1052 3993 tamen
1083 3940 1153 3993 ob
1185 3939 1326 3993 hanc
1359 3941 1720 4010 ignorantiam
1762 3956 1904 4009 aegre
1935 3941 2060 3995 tulit

482 4037 575 4084 aut
601 4029 839 4084 erubuit.
876 4029 990 4085 Hoc
1018 4031 1183 4104 igitur
1213 4032 1316 4102 ipsi
1344 4041 1460 4087 erat
1497 4049 1690 4088 secura
1723 4045 1776 4086 et
1802 4042 1942 4096 tuta,
1992 4035 2057 4088 ad

482 4121 537 4176 id
570 4121 716 4192 quod
750 4123 1114 4192 quairebatnr,
1171 4123 1448 4187 deductio,
1507 4125 1650 4194 quod
1693 4125 1842 4178 nulla
1872 4143 2058 4181 eorum

481 4228 606 4284 qua:
634 4221 882 4284 prompta
923 4223 1053 4270 sunt
1092 4215 1156 4270 ad
1183 4217 1552 4287 cognitionem
1604 4217 1658 4272 in
1713 4217 1797 4271 his
1850 4221 2060 4276 notitiis

481 4321 604 4375 qua:
631 4303 700 4360 de
728 4305 839 4360 Deo
874 4314 1034 4371 sunt,
1068 4309 1221 4377 quasi
1265 4325 1428 4364 manu
1457 4309 1770 4374 duceretur,
1806 4311 2062 4382 quodque

481 4396 635 4451 nullo
694 4398 915 4466 penitus
969 4413 1161 4453 eorum
1209 4412 1328 4468 quae
1367 4401 1753 4471 comprehendi
1806 4411 2057 4472 possunt,

2181 556 2410 610 κελεύει.

2260 649 2347 711 Ὦς
2393 647 2613 701 δείλαιοι
2656 646 2758 716 τῆς
2797 645 3110 717 ἀγχινοίαςο
3143 646 3219 709 ὡς
3263 642 3531 714 δυστυχὴς
3572 643 3762 706 αὐτοῖς

2178 738 2272 792 καὶ
2292 737 2535 810 ὀλέθριος
2578 739 2611 809 ἠ
2663 735 3079 808 κατεσκεμμένη
3131 732 3435 806 φιλοσοφίαξ
3474 733 3572 796 Τίς
3616 731 3759 785 οὕτω

2178 829 2320 884 κατά
2346 829 2579 900 σπουδὴν
2605 829 2891 899 αὐτομολεί
2925 827 3059 900 πρὸς
3090 827 3150 881 τὸ
3179 827 3469 900 βάραθρον,
3500 826 3580 890 ὼς
3613 820 3760 878 οὗτοι

2178 922 2324 992 πόνῳ
2357 921 2449 974 καὶ
2482 922 2682 993 σπουδῇ
2709 922 2797 975 τὸν
2818 921 3019 974 λάκκον
3049 921 3260 984 ἑαυτοῖς
3283 924 3379 992 τῆς
3407 918 3760 990 βλασφημίας

2176 1013 2454 1084 ὠρύξαντο
2479 1031 2492 1080 ;
2523 1015 2630 1085 ὅσῳ
2666 1014 2742 1085 τῷ
2776 1016 2958 1087 μέτρῳ
2985 1016 3086 1086 τῆς
3122 1015 3334 1078 ἐλπίδος
3360 1013 3465 1067 τῶν
3489 1015 3757 1083 Χριστια-

2176 1106 2282 1159 νῶν
2316 1106 2703 1177 ἀφωρίσθησαν
2729 1123 2742 1138 ο
2770 1107 2864 1176 οἴῳ
2897 1107 3136 1177 χάσματι
3171 1107 3305 1177 πρὸς
3350 1105 3447 1176 τὴν
3477 1105 3758 1169 σώζουσαν

2177 1196 2360 1249 πίστιν
2397 1194 2846 1266 διετειχίσθησανο
2887 1197 3008 1249 ὅσον
3037 1197 3128 1250 τὸν
3157 1197 3352 1249 κόλπον
3386 1195 3483 1262 τῆς
3517 1194 3760 1257 πίστεως

2175 1287 2267 1340 τοῦ
2297 1289 2507 1359 Πατρὸς
2549 1287 2800 1358 Ἀϐραὰμ
2848 1288 3257 1359 ἀπῳκίσθησανί
3295 1288 3532 1350 Ἐκεῖνος
3579 1289 3648 1356 (εί
3680 1286 3762 1339 δεῖ

2178 1379 2318 1432 κατά
2357 1379 2452 1450 τὴν
2496 1378 2588 1431 τοῦ
2653 1378 2972 1431 Ἀποστόλου
3033 1379 3398 1450 μεγαλοφυῒαν
3453 1377 3761 1441 ἀλλάξαντα

2175 1469 2272 1540 τὴν
2299 1469 2481 1541 φωνην
2513 1469 2884 1540 ἀλληγορικῶς
2907 1469 2997 1522 τὸν
3029 1470 3152 1523 νοῦν
3183 1471 3282 1539 τῆς
3325 1469 3560 1538 ἱστορίας
3589 1485 3760 1522 καταο

2175 1563 2384 1634 νοῆσαι,
2421 1561 2686 1633 μενούσης
2702 1561 2901 1634 δηλαδὴ
2929 1561 3020 1615 καὶ
3047 1561 3147 1630 τῆς
3178 1562 3452 1632 ἱστορικῆς
3473 1558 3759 1628 ἀληθείας)

2175 1655 2365 1725 ἐξῆλθε
2426 1654 2514 1708 διὰ
2566 1654 2711 1708 θείου
2753 1655 3173 1726 προστάγματος
3204 1653 3303 1722 τῆς
3335 1651 3475 1712 ίδίας
3496 1651 3622 1720 γῆς,
3664 1650 3761 1701 καὶ

2175 1747 2276 1818 τῆς
2329 1747 2448 1801 καθ’
2503 1747 2694 1802 ἑαυτὸν
2739 1747 3075 1816 συγγενείας,
3108 1745 3283 1809 ἔξοδον
3318 1743 3468 1813 ἀνδρὶ
3500 1741 3762 1812 προφήτῃ

2173 1839 2307 1910 πρὸς
2329 1837 2462 1892 Θεοῦ
2481 1838 2801 1910 κατανόησιν
2823 1837 3158 1906 ἐπειγομένῳ
3180 1835 3510 1906 πρέπουσαν.
3538 1833 3610 1884 Οὐ
3647 1833 3760 1901 γάρ

2174 1948 2263 2002 μοι
2291 1931 2437 1984 δοκεῖ¹
2454 1947 2537 1994 τις
2559 1930 2753 2001 τοπικὴ
2802 1928 3193 1999 μετανάστασις
3233 1924 3342 1978 τῶν
3367 1921 3574 1993 νοητῶς
3607 1921 3757 1992 εὑρι-

2171 2024 2447 2092 σκομένων
2468 2022 2742 2094 προξενεῖν
2763 2021 2858 2092 τὴν
2886 2013 3210 2090 κατάληψιν.
3263 2018 3399 2071 Ἀλλ’
3429 2015 3590 2079 αὐτὸς
3619 2017 3754 2069 sau-

2167 2112 2261 2166 τοῦ
2319 2112 2412 2166 καὶ
2461 2115 2561 2184 τῆς
2620 2111 2754 2176 ίδίας
2778 2112 2900 2181 γῆς,
2931 2110 3025 2165 τοῦ
3058 2112 3245 2180 γηῖνου
3277 2126 3335 2160 τε
3367 2109 3456 2160 καὶ
3493 2103 3755 2160 ταπεινοῦ

2167 2204 2314 2273 λέγω
2350 2204 2691 2275 φρονήματος
2743 2202 2848 2269 ἔξω
2884 2201 3191 2272 γενόμενος,
3229 2201 3322 2253 καὶ
3353 2198 3640 2270 ὑπεράρας
3679 2197 3761 2259 ῶς

2166 2291 2277 2349 οἶόν
2304 2313 2363 2348 τε
2393 2291 2460 2366 ἦν
2487 2294 2592 2348 τῶν
2616 2294 2808 2349 κοινῶν
2850 2293 2950 2362 τῆς
2985 2293 3202 2362 φύσεως
3255 2293 3397 2362 ὅρων
3426 2287 3620 2342 ἑαυτοῦ
3654 2287 3759 2358 τὴν

2167 2384 2425 2452 διάνοιαν,
2480 2387 2572 2439 καὶ
2638 2383 2958 2438 καταλιπὼν
3006 2383 3103 2452 τῆς
3155 2382 3334 2452 ψυχῆς
3362 2381 3460 2450 τὴν
3493 2379 3627 2451 πρὸς
3655 2379 3761 2441 τὰς

2167 2477 2443 2548 αἰσθήσεις
2469 2477 2781 2545 συγγένειαν
2807 2493 2820 2506 ο
2856 2475 2929 2538 ὡς
2973 2473 3161 2545 μηδενὶ
3201 2473 3309 2524 τῶν
3343 2473 3461 2524 κατ’
3495 2470 3765 2540 αἴσθησιν

2166 2568 2611 2640 προφαινομένων
2668 2567 3063 2638 διοχλούμενος,
3113 2565 3247 2636 πρὸς
3280 2564 3376 2634 τὴν
3423 2563 3764 2630 κατανδησιν

2163 2662 2272 2716 τῶν
2299 2662 2543 2733 ἀοράτων
2568 2659 2983 2731 ἀμαυρωθῆναι,
3003 2660 3135 2730 μήτε
3162 2658 3329 2727 ἀκοῆς
3355 2674 3419 2707 πε
3431 2655 3765 2726 ριηχούσης.

2169 2755 2303 2824 μήτε
2339 2753 2513 2822 ὅψεως
2539 2755 2595 2805 ὲν
2624 2755 2734 2814 τοῖς
2765 2751 3107 2821 φαινομένοις
3141 2751 3237 2820 τὴν
3269 2748 3507 2801 διάνοιαν
3532 2747 3768 2799 διαπλαο

2164 2847 2362 2916 νώσης,
2389 2844 2566 2906 καθώς
2596 2861 2758 2913 φησιν
2788 2845 2815 2896 ὁ
2850 2841 3190 2904 Ἀπὸστολος,
3218 2840 3304 2894 διὰ
3332 2839 3567 2901 πίστεως
3598 2856 3768 2909 περε-

2165 2937 2371 3000 πατῶν,
2405 2935 2463 2988 οὐ
2501 2935 2588 2988 διά
2617 2935 2808 2998 εἴδους,
2843 2936 2922 2996 εἰς
2957 2931 3208 2987 τοσοῦτον
3243 2931 3454 3002 ἐπήρθη
3481 2933 3547 3001 τῇ
3581 2947 3774 3000 μεγα-

2163 3029 2355 3100 λοφυῖᾳ
2381 3027 2476 3099 τῆς
2503 3027 2753 3096 γνώσεως
2773 3067 2786 3089 ,
2824 3025 2962 3079 ὥστε
3016 3028 3136 3096 ὄρος
3169 3024 3494 3096 νομισθῆναι
3524 3025 3624 3093 τῆς
3658 3025 3767 3076 div-

2165 3119 2442 3190 θρωπίνης
2469 3115 3101 3178 τελειώσεωςξτοσοῦτον
3128 3118 3292 3183 γνοὺς
3323 3114 3414 3167 τὸν
3445 3113 3598 3178 Θεὸν,
3632 3113 3769 3165 ὅσον

2163 3208 2232 3285 ἦν
2251 3211 2476 3266 δυνατὸν
2499 3210 2598 3281 τὴν
2629 3209 2885 3282 βραχεῖαν
2919 3210 3010 3262 καὶ
3055 3210 3315 3280 ἐπίκηρον
3352 3207 3555 3279 ταύτην
3588 3206 3764 3258 δῦνα-

2168 3321 2258 3376 μιν
2287 3301 2679 3374 ὑπερταθεῖσαν
2705 3301 2970 3371 χωρῆσαι.
3005 3299 3304 3371 Τοιγαροῦν
3337 3302 3430 3352 καὶ
3465 3300 3519 3352 '0
3543 3299 3762 3363 πάσης

2164 3393 2412 3460 κτίσεως
2450 3394 2680 3460 Κύριος,
2726 3388 2914 3460 ὥσπερ
2953 3408 3005 3444 τι
3042 3390 3260 3462 εὕρημα
3286 3389 3380 3443 τοῦ
3408 3391 3760 3460 πατριάρχου

2164 3485 2474 3556 γενόμενος,
2542 3482 2685 3545 ίδίως
2759 3481 2905 3546 Θεὸς
2944 3481 3050 3535 τοῦ
3095 3482 3349 3550 Ἀϐραὰμ
3399 3479 3753 3549 ὀνομάζεται.

2174 3577 2313 3631 Ἀλλ’
2345 3578 2493 3646 ὅμως
2525 3575 2576 3627 τί
2612 3591 2745 3644 φησι
2787 3575 2912 3644 περὶ
2959 3573 3167 3626 ὲκείνον
3193 3575 3219 3626 ὁ
3251 3572 3408 3640 λόγος
3435 3589 3448 3634 ;
3499 3571 3625 3624 Ὀτι
3660 3571 3755 3636 ἐξ-

2163 3669 2342 3741 ῆλθεν,
2377 3668 2476 3720 οὐκ
2505 3665 2867 3735 ἐπιστάμενος
2907 3665 3009 3718 ποῦ
3044 3664 3363 3736 ἀπέρχεται·
3392 3662 3508 3716 ἀλλ’
3533 3661 3655 3714 οὐδὲ
3690 3663 3754 3716 τὸ

2162 3763 2333 3831 δνομα
2354 3757 2446 3812 τοῦ
2497 3755 2866 3828 ἀγαπωμένου
2919 3756 3106 3826 μαθεῖν
3155 3756 3429 3826 χωρήσας,
3480 3753 3605 3806 οὔτε
3643 3756 3748 3824 μὴν

2162 3856 2227 3924 τῇ
2258 3852 2447 3921 ἀγνοίᾳ
2473 3849 2645 3922 ταύτῃ
2675 3848 3086 3918 δυσανασχετῶν
3113 3864 3172 3899 τε
3207 3847 3300 3898 καὶ
3329 3846 3741 3915 αἰσχυνόμενος.

2163 3943 2331 3997 Τοῦτο
2360 3943 2456 4013 μὲν
2491 3938 2582 3996 οὖν
2610 3940 2756 4010 αὺτῷ
2796 3941 2942 4010 καίὴ
2972 3939 3216 4010 ἀσφαλὴς
3243 3933 3311 4009 ἦν
3327 3937 3388 3990 τδ
3413 3936 3744 4006 ζητούμενον

2161 4036 2368 4107 ὁδηγία,
2417 4035 2476 4088 τὸ
2509 4033 2695 4107 μηδενὶ
2721 4033 2828 4085 τῶν
2875 4030 3179 4102 προχείρων
3213 4032 3292 4093 είς
3332 4029 3660 4098 κατανόησιν
3685 4029 3742 4079 ὲν

2159 4128 2279 4189 ταῖς
2301 4127 2430 4196 περὶ
2454 4122 2546 4176 τοῦ
2582 4122 2717 4176 Θεοῦ
2767 4122 3027 4184 διανοίαις
3070 4119 3557 4192 χειραγωγεῖσθαιο
3609 4117 3741 4189 μηδέ

2159 4236 2263 4272 τινι
2313 4216 2448 4279 ὅλως
2486 4213 2592 4268 τῶν
2638 4212 3209 4283 καταλαμϐανομένων
3237 4211 3556 4265 ὲνσείσασαν
3593 4209 3741 4278 αὑτῷ

2163 4328 2294 4365 ποτε
2325 4310 2424 4379 τὴν
2448 4305 2684 4360 διάνοιαν
2720 4305 2909 4376 στῆναι
2936 4305 3033 4374 τῆς
3057 4305 3133 4367 είς
3164 4303 3224 4356 τὺ
3253 4301 3506 4355 ἐπέκεινα
3525 4300 3633 4354 τῶν
3655 4317 3741 4369 γιο

2163 4419 2344 4459 νωσκο
2352 4399 2527 4471 μένων
2556 4396 2802 4469 πορείας.

480 4498 750 4545 commota
787 4491 960 4561 ipsius
999 4492 1352 4562 intelligentia
1394 4508 1742 4563 progressum
1777 4498 1894 4567 ejus
1928 4501 2062 4559 siste

2200 4498 2265 4551 ad
2288 4493 2339 4548 id
2373 4491 2516 4562 quod
2545 4491 2729 4545 omnia
2764 4503 2884 4560 qua?
2911 4493 3320 4559 cognoscuntur
3354 4493 3594 4556 supcrat.

552 4580 659 4638 Sed
689 4583 1151 4653 quemadmodum
1187 4584 1502 4653 indigenam
1539 4588 1663 4656 ejus
1702 4591 2048 4660 sapientiam,
2085 4621 2129 4676 Β

2237 4585 2377 4640 Ἀλλ’
2411 4584 2600 4654 ῶσπερ
2631 4582 2728 4654 τὴν
2760 4578 3022 4652 ἐγχώριον
3052 4577 3216 4634 αὐτοῦ
3250 4579 3458 4646 σοφίαν,
3488 4578 3584 4646 τὴν
3607 4576 3744 4629 Χαλ-

478 4671 826 4730 Cbaldaicam
863 4675 988 4730 dico
1031 4675 1450 4745 phil030phiam.
1497 4693 1680 4748 usque
1714 4681 1778 4734 ad
1828 4697 1894 4735 ea
1935 4700 2054 4753 quae

2169 4681 2348 4752 ιληιῖκὴν
2371 4679 2512 4747 λέγω
2536 4675 2872 4747 φιλοσοφίαν,
2901 4675 3060 4746 μέχρι
3080 4674 3187 4726 τῶν
3209 4672 3544 4743 φαινομένων
3565 4669 3730 4722 ἑστῶ-

480 4773 745 4836 apparent
786 4758 1178 4822 consistentem
1227 4767 1646 4824 ratiocinatione
1685 4786 1809 4824 cum
1855 4776 2056 4830 transi-

481 4856 676 4920 liisset,
714 4865 878 4928 atque
905 4858 990 4913 his
1016 4874 1136 4928 qua:
1157 4874 1324 4915 sensu
1349 4871 1760 4930 cognoscuntur
1784 4867 2056 4921 excelsior

481 4945 680 5010 factus,
744 4961 809 5001 ex
854 4945 1263 5016 pulchritudine
1311 4963 1498 5003 eorum
1549 4964 1672 5019 quae
1715 4954 2055 5022 contempla-

478 5037 627 5091 tione
674 5036 1073 5106 percipiuntur,
1125 5043 1287 5107 atque
1343 5052 1410 5092 ex
1462 5040 1766 5095 caelestium
1816 5043 2054 5098 miracu-

481 5130 658 5184 lorum
713 5129 1106 5195 concinnitate,
1160 5129 1352 5186 formis
1398 5146 1508 5186 non
1562 5131 1794 5188 eﬂictam
1827 5149 1927 5189 nec
1954 5151 2050 5190 ex-

479 5235 726 5290 pressam
760 5219 1226 5291 pulchritudinem
1252 5221 1733 5293 videreexpetivit:
1770 5224 1852 5280 sic
1867 5234 1919 5280 et
1944 5226 2050 5279 alia

478 5312 660 5366 omnia
688 5328 810 5383 qna:
837 5313 1258 5368 ratiocinatione
1293 5313 1598 5384 procedens
1627 5329 1746 5369 com
1758 5317 2049 5386 prehende-

477 5402 588 5467 bat,
637 5404 752 5459 sive
787 5405 1109 5476 potentiam,
1152 5405 1268 5462 sive
1293 5406 1614 5474 bonitatem,
1651 5407 1766 5462 sive
1793 5407 1937 5478 quod
1968 5418 2052 5463 est

478 5506 600 5547 esse
645 5495 851 5565 absque
889 5497 1104 5568 origine
1139 5507 1194 5552 et
1235 5497 1524 5568 principio,
1575 5498 1689 5552 sive
1722 5497 1868 5567 quod
1899 5499 2050 5552 nullo

480 5582 737 5639 delinitur
784 5589 1039 5658 termino,
1091 5590 1208 5645 sive
1247 5591 1378 5661 quid
1420 5591 1567 5646 aliud
1615 5590 1721 5647 tale
1753 5591 2050 5664 cogitatum

589 5762 636 5793 ιο
672 5759 712 5813 ιι
741 5760 866 5815 Cor.
910 5778 962 5825 ν,
997 5765 1049 5818 7.
1163 5765 1204 5796 “
1236 5744 1403 5820 Illebr.
1439 5782 1515 5833 xt,
1548 5768 1602 5822 8.

2160 4792 2258 4829 σαν
2271 4771 2345 4844 τῷ
2360 4769 2604 4841 λογισμῷ
2615 4769 2821 4832 διαδάς,
2840 4768 2935 4822 καὶ
2951 4766 3279 4837 ὑψηλότερος
3295 4764 3400 4817 τῶν
3415 4763 3499 4816 διὰ
3527 4762 3622 4831 τῆς
3642 4763 3732 4814 αε-

2159 4866 2402 4937 σθήσεως
2419 4862 2834 4932 γινωσκομένων
2853 4860 3164 4930 γενόμενος,
3185 4860 3248 4910 ὲκ
3270 4855 3365 4910 τοῦ
3383 4855 3602 4917 κάλλους
3619 4852 3732 4905 τῶν

2158 4954 2568 5028 θεωρουμένων,
2595 4953 2690 5007 καὶ
2719 4953 2783 5006 ὲκ
2825 4953 2924 5023 τῆς
2955 4951 3320 5024 εὐαρμοστίας
3340 4949 3445 5001 τῶν
3469 4945 3728 5017 οὐρανίων

2158 5049 2472 5120 θαυμάτων,
2524 5045 2586 5099 τὸ
2622 5045 2906 5098 ἀτύπωτον
2955 5043 3150 5106 κάλλος
3195 5043 3322 5096 ἰδεῖν
3371 5035 3731 5107 ἐπεθύμησεν»

2164 5136 2309 5194 οὕτω
2364 5139 2458 5192 καὶ
2497 5136 2566 5190 τὰ
2614 5136 2748 5190 ἀλλα
2788 5137 2962 5190 πάντα
2997 5137 3095 5190 ὅσα
3131 5133 3335 5206 προῖὼν
3374 5133 3451 5202 τῷ
3490 5125 3723 5196 λογισμῷ

2156 5228 2579 5299 κατελάμϐανεν,
2629 5226 2736 5279 εἴτε
2762 5225 3009 5296 δύναμιν,
3041 5225 3148 5278 εἴτε
3185 5223 3508 5292 ἀγαθὸτητα,
3536 5221 3629 5272 εἴτε
3657 5217 3724 5267 τὸ

2154 5321 2404 5392 ἀνάρχως
2430 5315 2588 5381 εἶναι,
2612 5317 2722 5371 εἴτε
2753 5317 2813 5371 τὸ
2843 5318 2978 5388 πρὸς
3015 5317 3163 5371 οὐδὲν
3214 5316 3391 5386 πέρας
3435 5308 3714 5385 ὁρίζεσθαι.

2154 5411 2263 5464 εἴτε
2316 5429 2368 5464 τι
2393 5410 2629 5464 τοιοῦτον
2660 5411 2846 5481 ἕτερον
2875 5411 3051 5481 νόημα
3091 5411 3216 5481 περὶ
3263 5409 3362 5480 τὴν
3396 5407 3538 5462 θείαν
3566 5402 3717 5472 φύσιν

2156 5501 2486 5574 εὑρίσκεται,
2520 5503 2696 5558 πάντα
2718 5502 2903 5572 ἐφόδια
2937 5501 3073 5575 πρὸς
3098 5502 3195 5573 τὴν
3222 5501 3334 5555 ἄνω
3369 5499 3596 5573 πορείαν,
3621 5493 3713 5546 καὶ

2158 5593 2468 5667 ὑποϐάθρας
2521 5593 2861 5666 ποιούμενος,
2919 5597 3014 5651 καὶ
3055 5595 3142 5649 ἀεὶ
3185 5597 3298 5659 τοῖς
3326 5587 3713 5666 εὑρισκομένῡις
