4002 6218
434 361 537 416 943
1637 355 1698 417 S.
1751 356 2071 414 GREGORII

505 473 646 545 Ergo
669 489 792 529 cum
824 472 1176 530 didicerimus
1198 480 1457 544 quantum
1483 482 1692 530 naturae
1716 476 2007 532 discrimen
2039 484 2082 540 Α

429 573 536 633 est,
576 566 629 620 in
688 565 924 636 prepriis
965 564 1213 621 terminis
1248 567 1430 635 quiete
1471 573 1524 620 et
1571 567 1859 638 tranquille
1892 583 2008 622 ma-

436 672 683 713 neamus.
709 657 903 712 Tutius
925 657 1067 712 enim
1090 655 1252 711 simul
1274 664 1328 710 et
1347 655 1677 727 religiosius,
1701 656 1822 728 plus
1846 673 2010 728 quam

433 749 580 817 quod
624 747 971 820 intelligitur,
1017 745 1118 803 Dei
1167 747 1505 816 majestatem
1552 756 1606 803 et
1654 747 2009 820 magniﬁcen-

434 842 568 896 tiam
607 857 730 897 esse
787 841 1030 906 credere,
1077 855 1242 912 quam
1285 840 1611 910 quibusdam
1661 841 2011 912 Opinionibus

435 931 664 1002 gloriam
701 928 873 1001 ipsius
911 924 1467 992 circumscribente§,
1497 929 1633 983 nihil
1667 945 1828 1000 supra
1863 929 2008 983 illam

437 1029 657 1090 putare;
695 1021 995 1091 praesertim
1018 1036 1195 1090 neque
1221 1020 1266 1075 si
1292 1020 1415 1091 quis
1439 1027 1613 1074 tutum
1636 1035 1757 1077 esse
1787 1021 2006 1086 dixerit,

436 1110 674 1165 divinam
700 1111 996 1166 essentiam
1025 1126 1133 1165 non
1159 1111 1378 1166 curiose
1412 1118 1466 1165 et
1498 1110 1732 1165 sollicite
1755 1126 2012 1182 perscru-

437 1202 677 1266 tandam,
724 1209 785 1256 ut
845 1201 1264 1258 inenarrabilem
1309 1211 1365 1256 et
1427 1201 1680 1258 humanis
1729 1201 2012 1274 cogitatio-

436 1291 598 1346 nibus
640 1291 1268 1361 incomprehensibilem,
1319 1299 1374 1347 et
1416 1292 1838 1348 intractabilem.
1874 1290 2009 1345 Nam

435 1383 671 1439 obscura
724 1385 864 1439 velle
911 1384 1228 1455 conjectura
1275 1386 1618 1456 pertingere,
1669 1391 1723 1441 et
1775 1385 2011 1456 aliquam

436 1478 777 1533 occultorum
827 1479 1190 1550 cognitionem
1225 1495 1292 1535 ex
1339 1480 1700 1535 humanarum
1737 1479 2010 1535 rationum

437 1567 898 1623 commentatione
930 1569 1188 1634 scrutari,
1223 1569 1376 1626 falsis
1400 1570 1752 1641 Opinionibus
1788 1578 1844 1626 et
1871 1583 2013 1625 com-

438 1656 702 1713 mentitiis
746 1657 952 1712 aditum
1010 1666 1063 1714 et
1117 1659 1562 1729 consequentiam
1610 1659 1834 1730 prabet,
1884 1657 2012 1728 quia

438 1748 530 1818 qui
567 1764 631 1816 ea
660 1764 779 1819 quae
825 1751 1146 1821 ignorantur
1188 1751 1539 1821 eonjectavit,
1575 1765 1686 1805 non
1715 1750 1892 1805 solum
1918 1765 2012 1805 vc-

436 1856 583 1905 rum,
639 1843 735 1898 sed
768 1851 822 1899 et
867 1843 1044 1914 ipsum
1095 1844 1440 1901 mendacium
1489 1860 1662 1916 saepe,
1709 1853 1768 1900 ut
1825 1860 2010 1899 verum
2045 1827 2086 1883 Β

441 1932 772 2004 Opinabitur.
805 1933 1218 2006 Evangeliorum
1245 1945 1425 1992 autem
1454 1943 1507 1991 et
1528 1934 1825 2006 prophetiae
1846 1935 2014 1991 disci-

439 2025 621 2094 pulus,
653 2025 798 2096 quod
830 2027 1047 2096 quidem
1081 2037 1166 2082 est
1190 2027 1281 2082 ille
1301 2027 1395 2096 qui
1419 2034 1524 2093 est,
1562 2035 1670 2080 tam
1701 2041 1765 2081 ev
1807 2027 2014 2082 sanctis

441 2113 738 2186 Scripturis
783 2132 921 2187 quas
961 2117 1188 2186 audivit,
1231 2132 1393 2188 quam
1424 2133 1492 2173 ex
1532 2132 1720 2172 eorum
1754 2133 1874 2188 qua:
1915 2133 2012 2190 ap-

439 2216 632 2278 parent
671 2217 795 2278 apta
833 2210 1224 2277 concinnitate,
1246 2217 1299 2266 et
1328 2225 1424 2279 per
1457 2207 1818 2265 Providentiae
1849 2226 2015 2281 opera

439 2299 631 2355 credit.
654 2299 794 2366 Quid
818 2307 998 2356 autem
1025 2311 1077 2356 et
1102 2300 1376 2372 quomodo
1415 2307 1520 2364 est,
1554 2307 1613 2354 ut
1639 2299 1827 2357 inutile
1851 2302 2016 2357 simul

437 2400 492 2448 et
541 2393 782 2463 ineptum
822 2408 932 2448 non
962 2393 1232 2464 exquiret,
1275 2407 1466 2463 neque,
1486 2391 1656 2446 ullum
1691 2391 1839 2448 dabit
1863 2409 2013 2449 men-

441 2483 601 2539 dacio
637 2492 828 2538 contra
871 2483 1153 2539 veritatem
1203 2484 1519 2552 introitum;
1569 2499 1696 2541 nam
1746 2485 1801 2538 in
1850 2483 2014 2538 nimis

441 2577 604 2631 anxie
637 2585 690 2630 et
728 2575 946 2631 curiose
990 2575 1320 2647 inquirendo
1361 2592 1623 2648 perversa
1657 2585 1710 2634 et
1743 2575 1903 2630 fallax
1935 2590 2017 2629 ra-

440 2666 726 2722 tiocinatio
792 2667 972 2722 locum
1036 2667 1277 2735 invenit,
1339 2669 1434 2723 sed
1498 2669 1644 2724 omni
1697 2668 2016 2724 curiositate

443 2770 692 2815 cessante
726 2775 957 2831 prorsus
1004 2761 1183 2816 omnis
1218 2761 1503 2816 aberrandi
1551 2762 1851 2817 necessitas
1884 2760 2015 2816 abs-

443 2852 719 2908 conditur.
778 2850 842 2905 Et
893 2851 1037 2920 quod
1088 2867 1214 2906 vera
1268 2853 1408 2906 ratio
1448 2852 1622 2918 adest,
1657 2867 1722 2906 ex
1757 2851 1859 2906 boc
1905 2851 2017 2906 dis-

444 2944 622 3011 cendi,
656 2944 931 3014 quomodo
969 2941 1336 2999 Ecelesiarum
1383 2943 1619 3000 haereses
1661 2943 1717 2998 in
1752 2943 1930 2998 varias
1963 2951 2017 2998 et

445 3038 818 3109 discrepantes
868 3035 936 3092 de
988 3036 1099 3091 Deo
1146 3036 1431 3107 opiniones
1478 3050 1602 3090 cum
1641 3051 1827 3091 errore
1859 3035 2020 3091 defle-

445 3129 647 3191 xerint,
675 3144 798 3183 cum
831 3127 974 3183 alius
1015 3127 1316 3183 secundum
1348 3128 1584 3200 aliquam
1616 3129 1776 3182 aliam
1815 3129 2016 3184 mentis
2045 3169 2085 3226 Ο

438 3219 740 3272 motionem
794 3217 1033 3287 seipsum
1071 3218 1363 3288 deceperit.
1400 3217 1471 3272 Ut
1512 3219 1673 3272 etiam
1723 3217 1777 3272 hi
1808 3218 1909 3288 ipsi
1951 3218 2018 3272 de

439 3310 648 3379 quibus
695 3316 779 3363 est
839 3324 1042 3374 sermo,
1091 3308 1145 3362 in
1199 3309 1301 3364 hoc
1360 3309 1656 3378 impietatis
1705 3310 2018 3363 barathrum

439 3400 658 3455 lubrice
700 3407 1046 3454 corruerunt.
1097 3398 1290 3453 Annon
1345 3399 1600 3454 omnibus
1651 3408 1797 3456 esset
1847 3401 2020 3456 tutius

437 3489 751 3547 secundum
791 3489 1087 3560 Sapientia:
1139 3492 1428 3547 consilium
1461 3507 1568 3548 non
1609 3508 1854 3562 quaerere
1890 3507 2019 3562 pro-

448 3583 737 3648 l'undiora,
795 3582 892 3638 sed
930 3599 986 3638 ιιι
1038 3585 1221 3654 quiete
1275 3585 1506 3655 simplex
1546 3584 1666 3639 fidei
1713 3584 2018 3653 depositum

438 3675 759 3730 inviolabile
811 3683 866 3731 et
923 3675 1182 3731 intactum
1237 3677 1340 3732 sibi
1376 3676 1510 3746 ipsis
1539 3675 1858 3732 custodire?
1912 3674 2019 3728 Sed

436 3771 734 3836 postquam
764 3766 980 3836 penitus
1008 3764 1172 3835 etrapit
1197 3765 1474 3820 hominum
1493 3765 1672 3819 vilitas
1701 3771 1754 3818 et
1783 3764 2017 3830 vanitas,

447 3865 649 3913 temere
691 3872 786 3928 per
828 3871 890 3913 ea
949 3873 1068 3928 quae
1115 3863 1293 3911 mente
1336 3853 1720 3926 comprehendi
1752 3868 1860 3908 non
1893 3869 2021 3924 pos-

447 3955 596 4016 sunt,
644 3948 914 4015 incedere,
944 3964 1008 4004 ac
1045 3947 1280 4004 decretis
1315 3945 1530 4000 ﬁrmare
1560 3960 1715 4000 vanae
1743 3945 2019 4015 opinionis

447 4055 561 4097 sua:
598 4049 904 4095 commenta
946 4039 1121 4095 :‘inde
1144 4040 1347 4112 longus
1382 4036 1668 4112 catalogus
1706 4051 1894 4092 eorum
1925 4035 2018 4108 qui

439 4131 663 4186 veritati
712 4131 910 4187 bellum
956 4131 1217 4196 inferunt,
1267 4131 1410 4186 inter
1447 4143 1586 4200 quos
1621 4127 1676 4183 hi
1719 4128 1880 4183 etiam
1915 4128 2019 4199 ipsi

446 4222 515 4277 de
559 4221 756 4292 quibus
795 4235 974 4277 sermo
1021 4230 1123 4287 est,
1187 4222 1280 4293 qui
1323 4221 1529 4276 erroris
1580 4227 1634 4274 ct
1668 4216 1882 4273 fraudis
1919 4220 2021 4272 do-

448 4313 719 4382 gmatista:
746 4320 1136 4382 apparuerunt,
1175 4314 1267 4381 qui
1297 4312 1441 4382 quod
1475 4313 1618 4367 Deus
1647 4319 1752 4376 cst,
1779 4311 2019 4365 cireum-

449 4403 747 4473 seriptione
811 4404 1047 4474 quadam
1110 4402 1575 4473 complectentes,
1625 4403 2018 4475 propemodum

2109 360 2397 419 NYSSENI
2499 365 2504 371 ’
3581 356 3685 410 υιι

2181 481 2388 536 Οὐκοῦν
2425 481 2686 550 μαθόντες
2717 481 2840 534 ὅσον
2872 479 2971 549 τῆς
3016 477 3227 548 φύσεως
3277 475 3339 531 τὸ
3376 474 3692 530 διαλλάττων

2113 575 2247 640 ἐστὶ,
2273 576 2382 638 τοῖς
2424 574 2574 638 ἰδίοις
2601 575 2746 643 ὅροις
2776 572 2843 625 δι’
2877 572 3106 642 ήσυχίας
3130 571 3476 640 ἐμμένωμεν.
3495 569 3697 636 Ἀσφα-

2111 667 2360 738 λέστερον
2384 667 2492 736 γὰρ
2519 667 2636 736 ἅμα
2680 667 2773 720 καὶ
2809 665 3190 735 εὐσεϐέστερον
3226 663 3388 716 πλέον
3417 661 3513 714 τοῦ
3539 679 3692 713 νοου-

2115 755 2274 824 μένου
2327 754 2388 808 τὸ
2437 753 2852 825 μεγαλοπρεπὲς
2884 748 3023 806 εἶναι
3067 751 3162 805 τοῦ
3201 749 3336 804 Θεοῦ
3385 749 3692 813 πιστεύειν,

2112 848 2146 918 ἧ
2179 865 2317 900 τισιν
2357 847 2630 911 ὑπονοίαις
2682 836 2781 918 τὴν
2818 845 2976 911 δόξαν
3007 843 3171 898 αὐτοῦ
3219 841 3690 915 περιγράψαντας,

2117 934 2280 1004 μηδὲν
2345 935 2483 1006 ὑπὲρ
2533 936 2707 988 ἐκεῖνο
2743 934 2971 988 οἴεσθαι.
3000 934 3110 987 Καὶ
3157 933 3332 995 ἄλλως
3372 931 3481 984 οὐδ’
3518 931 3581 985 ἄν
3607 951 3692 996 τις

2113 1025 2354 1094 ἀσφαλὲς
2398 1019 2537 1078 εἶναι
2561 1025 2804 1097 φήσειεν,
2851 1023 3414 1095 ἀπολυπραγμόνητον
3453 1024 3555 1093 ἐᾷν
3591 1023 3694 1091 τὴν

2114 1116 2265 1171 θείαν
2298 1115 2486 1170 οὐσίαν
2531 1116 2606 1180 ὡς
2642 1115 2951 1188 ἀπόρρητον
2977 1115 3070 1167 καὶ
3099 1114 3379 1183 ἀνέπαφον
3412 1113 3695 1184 ἀνθρωπί-

2110 1228 2224 1274 νοις
2249 1211 2545 1280 λογισμοῖς.
2595 1208 2670 1263 Τό
2699 1209 2795 1279 μέν
2820 1209 2927 1279 γὰρ
2963 1207 3068 1263 τῶν
3099 1207 3308 1279 ἀδήλων
3347 1209 3695 1276 καταστοχα-

2114 1304 2321 1369 ζεσθαι,
2351 1303 2443 1357 καί
2462 1320 2582 1356 τινα
2608 1301 2716 1354 τῶν
2753 1301 3088 1373 ἀποκρύφων
3112 1300 3314 1369 γνῶσιν
3345 1300 3405 1367 ἐξ
3444 1300 3693 1364 ἐπινοίας

2111 1395 2466 1467 ἀνθρωπίνων
2492 1395 2769 1466 λογισμῶν
2817 1393 3162 1466 ἐρευνᾶσθαι,
3186 1393 3418 1464 πάροδον
3445 1394 3540 1446 καὶ
3559 1393 3693 1446 ἀκό-

2110 1486 2298 1541 λουθον
2332 1487 2424 1542 καὶ
2453 1489 2570 1549 ταῖς
2596 1485 3010 1556 διεψευσμέναις
3048 1485 3158 1538 τῶν
3181 1484 3502 1555 ὐπολήψεων
3531 1484 3690 1538 δίδω-

2115 1597 2217 1634 σιν.
2240 1581 2382 1634 Διότι
2402 1579 2511 1633 τῶν
2547 1579 2924 1650 ἀγνοουμένων
2950 1581 2978 1631 ὁ
3001 1577 3416 1650 ἐστοχασμένος,
3439 1576 3500 1630 οὐ
3529 1577 3690 1646 μόνον

2112 1673 2174 1726 τὸ
2213 1673 2431 1745 ἀληθὲς,
2472 1672 2608 1726 ἀλλά
2648 1673 2742 1725 καὶ
2781 1669 2918 1725 αὐτό
2962 1670 3223 1733 πολλάκις
3263 1670 3322 1723 τὸ
3355 1669 3567 1739 ψεῦδος,
3612 1667 3692 1733 ὡς

2113 1767 2311 1840 ἀληθὲς
2351 1767 2701 1838 ὑπολήψεται.
2729 1765 2807 1819 ¹Ὁ
2839 1766 2893 1819 δέ
2927 1764 3036 1818 τῶν
3069 1764 3420 1833 Εὐαγγελίων
3453 1765 3549 1818 καὶ
3590 1763 3690 1833 τῆς

2115 1834 2447 1932 προφητείας
2495 1834 2773 1929 μαθητὴς,
2821 1858 2902 1911 ὅτι
2953 1855 3048 1926 μέν
3094 1855 3239 1908 ἐστιν
3284 1856 3312 1908 ὁ
3354 1853 3461 1919 ὢν,
3503 1852 3562 1918 ἐξ
3611 1847 3688 1907 ὧν

2113 1956 2320 2030 ἀκήκοέ
2362 1972 2423 2008 τε
2452 1953 2557 2006 τῶν
2586 1951 2777 2020 ἁγίων,
2811 1949 2905 2002 καὶ
2949 1947 3037 2001 διὰ
3073 1950 3171 2017 τῆς
3214 1945 3319 1999 τῶν
3350 1943 3688 2014 φαινομένων

2114 2046 2509 2118 εὐαρμοστίας,
2540 2044 2634 2096 καὶ
2664 2042 2772 2095 τῶν
2801 2040 2901 2110 τῆς
2935 2038 3194 2111 Προνοίας
3221 2036 3394 2109 ἔργων
3418 2034 3685 2088 πιστεύει.

2114 2141 2179 2195 Τί
2206 2141 2263 2194 δὲ
2297 2139 2391 2192 καὶ
2437 2138 2585 2199 ὅπως
2630 2134 2798 2197 ἐστὶν,
2830 2133 2905 2196 ὡς
2931 2129 3204 2199 ἀνωφελὲς
3232 2129 3349 2198 ἅμα
3379 2127 3470 2180 καὶ
3496 2128 3690 2196 ἀνόνη-

2113 2247 2204 2286 τον
2227 2231 2326 2284 οὐκ
2352 2227 2636 2294 ἐξετάζων,
2662 2223 2914 2295 οὐδεμίαν
2937 2220 3095 2275 δώσει
3123 2220 3200 2291 τῷ
3219 2219 3402 2289 ψεύδει
3426 2218 3569 2271 κατά
3588 2217 3694 2288 τῆς

2115 2320 2370 2391 ἀληθείας
2395 2318 2493 2390 τὴν
2523 2316 2745 2371 εἴσοδον.
2787 2313 2876 2366 Ἐν
2913 2311 3009 2382 μέν
3036 2310 3144 2381 γὰρ
3179 2308 3257 2379 τῷ
3288 2307 3688 2377 πολυπραγμο-

2114 2415 2226 2470 νεῖν
2275 2411 2370 2465 ita).
2415 2405 2822 2481 παραλογισμὸς
2865 2403 3046 2475 χώραν
3090 2400 3365 2470 εὑρίσκει*
3416 2399 3598 2469 πάσης
3633 2399 3691 2451 δέ

2115 2498 2640 2573 πολυπραγμοσύνης
2688 2493 2960 2567 ἀργούσης
2984 2531 2999 2556 ,
3033 2490 3504 2546 συναποκόπτεται
3547 2489 3689 2544 πάνυ

2113 2610 2221 2656 τως
2249 2593 2344 2646 καὶ
2370 2593 2404 2662 ή
2431 2589 2524 2642 τοῦ
2550 2589 2867 2658 διαμαρτεῖν
2905 2584 3136 2654 ἀνάγκη.
3170 2583 3280 2635 Καὶ
3313 2582 3398 2634 ὅτι
3430 2579 3632 2651 ἀληθὴς
3659 2581 3692 2632 ὁ

2112 2684 2268 2752 λόγος
2298 2683 2558 2751 πάρεστιν
2587 2681 2650 2732 ἐκ
2705 2677 2895 2730 τούτου
2923 2673 3131 2744 μαθεῖν,
3162 2673 3279 2736 πῶς
3318 2672 3377 2724 αἱ
3419 2671 3524 2724 τῶν
3567 2671 3693 2722 Ἐκ-

2116 2773 2353 2846 κλησιῶν
2395 2770 2633 2842 αἱρέσεις
2679 2769 2766 2834 εἰς
2821 2765 3069 2827 ποικίλας
3114 2764 3208 2816 καὶ
3250 2762 3543 2832 διαφόρους
3592 2763 3693 2821 τὰς

2116 2863 2352 2934 περὶτοῦ
2378 2861 2512 2916 Θεοῦ
2544 2857 2838 2929 ὑπολήψεις
2869 2855 3351 2927 ἀπεπλανήθησαν,
3373 2853 3532 2907 ἄλλου
3564 2852 3694 2906 κατ’

2115 2953 2279 3026 ἀλλην
2304 2952 2424 3005 τινὰ
2443 2952 2539 3020 τῆς
2567 2948 2804 3010 διανοίας
2836 2946 3045 3016 κίνησιν
3067 2944 3256 2998 ἐαυτὸν
3281 2943 3689 3012 ἀπατήσαντος.

2116 3045 2241 3108 Πῶς
2279 3043 2430 3097 αὐτοὶ
2453 3035 2599 3095 οὗτοι
2636 3040 2763 3111 περὶ
2795 3032 2870 3091 ὧν
2897 3040 2925 3090 ὁ
2962 3037 3118 3104 λόγος
3163 3034 3291 3105 περὶ
3319 3035 3382 3087 τδ
3421 3031 3695 3104 βάραθρον

2117 3134 2275 3188 τοῦτο
2329 3133 2428 3202 τῆς
2484 3129 2734 3191 ἀσεϐείας
2780 3125 3130 3181 κατωλισθον.
3174 3119 3300 3194 Ἆρ’
3349 3122 3470 3192 οὐχὶ
3522 3122 3698 3173 πᾶσιν

2119 3224 2519 3295 ἀσφαλέστερον
2547 3217 2614 3291 ἦν
2645 3217 2784 3272 κατὰ
2812 3217 2909 3286 τὴν
2937 3213 3243 3285 συμϐουλὴν
3273 3213 3373 3284 τῆς
3387 3213 3586 3283 Σοφξας
3617 3210 3698 3281 μὴ

2119 3316 2299 3388 ζητεῖν
2325 3314 2393 3367 τὰ
2415 3311 2717 3382 βαθύτερα;
2755 3308 2914 3361 Ἀλλά
2931 3307 2994 3360 δι’
3010 3304 3241 3378 ἡσυχίας
3268 3301 3366 3372 τὴν
3395 3301 3574 3371 ἁπλῆν
3593 3300 3697 3368 τῆς

2121 3409 2353 3469 πίστεως
2387 3402 2856 3476 παρακαταθήκην
2904 3398 3096 3453 ἄσυλον
3143 3397 3356 3458 ἑαυτοῖς
3402 3393 3698 3464 ἀσφαλίζε-

2120 3499 2244 3554 σθαι
2265 3517 2280 3565 ;
2321 3497 2457 3551 Ἀλλ’
2482 3495 2602 3549 ἐπεὶ
2627 3493 2762 3555 ὅλως
2787 3489 2959 3562 ἀρχὴν
2980 3487 3169 3542 ἐλαϐεν
3195 3489 3228 3557 ή
3253 3485 3362 3539 τῶν
3389 3483 3698 3555 ἀνθρώπιον

2118 3592 2390 3654 οὐδένεια,
2441 3589 2552 3652 τοῖς
2599 3585 2973 3656 ἀπερινοήτοις
3021 3577 3342 3652 ἐμϐατεύειν
3398 3577 3560 3646 εἰκῆ,
3603 3576 3700 3628 καὶ

2119 3683 2351 3754 δόγμασι
2383 3678 2671 3752 κρατύνειν
2715 3675 2784 3729 τὰ
2835 3677 2935 3746 τῆς
2973 3671 3207 3744 ματαίας
3233 3669 3470 3751 ,οἰήσεως
3514 3667 3699 3720 αὐτῶν

2119 3773 2550 3844 παρευρήματα·
2599 3765 2844 3822 ἐντεῦθεν
2870 3766 2898 3818 ὁ
2929 3763 3096 3827 πολύς
3142 3759 3440 3827 κατάλογος
3470 3759 3578 3811 τῶν
3627 3760 3697 3826 τῇ

2120 3865 2347 3935 ἀληθείᾳ
2387 3859 2930 3935 προσπολεμούντων,
2977 3855 3072 3911 καὶ
3104 3853 3258 3908 αὐτοὶ
3289 3846 3434 3906 οὗτοι
3467 3849 3597 3920 περὶ
3620 3844 3700 3901 ἄν

2119 3959 2148 4012 ό
2180 3958 2336 4027 λόγος
2363 3956 2530 4021 ἐστὶν,
2559 3954 2608 4006 οἳ
2639 3947 2994 4023 δογματισταὶ
3032 3947 3130 4018 τῆς
3163 3944 3378 4014 ἀπάτης
3411 3943 3701 4010 ἀναπεφήο

2121 4067 2296 4113 νασιν,
2316 4051 2363 4102 oi
2389 4047 2468 4111 εἰς
2500 4045 2847 4116 περιγραφήν
2877 4056 2998 4094 τινα
3033 4038 3095 4092 τὸ
3119 4037 3272 4090 Θεῖον
3309 4035 3559 4102 ἄγοντες,
3601 4049 3702 4102 μο-

2120 4142 2334 4214 νονουχὶ
2381 4137 2629 4210 φανερῶς
2672 4133 3137 4194 εἱδωλοποιούντες
3178 4127 3384 4182 ἑαυτῶν
3417 4124 3516 4196 τὴν

2120 4250 2287 4300 νοιαν,
2328 4233 2384 4284 ἐν
2413 4229 2490 4300 τῷ
2519 4229 2618 4300 τὴν
2646 4224 3054 4297 ἐμφαινομένην
3091 4223 3185 4291 τῇ·
3223 4216 3553 4289 ἀγεννησίᾳ
3581 4214 3703 4291 διά-

2119 4343 2268 4380 νοιαν
2308 4321 2510 4392 ταύτην
2559 4319 2843 4383 θεοποιεῖν,
2887 4315 2962 4378 ὼς
3010 4313 3129 4383 οὐχὶ
3179 4309 3323 4364 κατά
3367 4324 3490 4360 τινα
3539 4306 3704 4371 λόγον

2119 4400 2594 4486 ἐπιθεωρουμένην
2637 4411 2706 4479 τῇ
2755 4406 2874 4477 θείᾳ
2926 4404 3112 4474 φύσει,
3159 4401 3272 4455 ἀλλ’
3318 4400 3486 4468 αὐτὴν
3526 4387 3746 4520 οὖσανῇ

2121 4506 2158 4520 Α
2194 4505 2207 4520 ι
2303 4505 2326 4520 ιι
2396 4504 2408 4520 ν
2462 4503 2474 4520 ο
2587 4498 2719 4520 οη*
2776 4497 2962 4520 ιῙ-ι---
2993 4511 3053 4520 μ-
3088 4495 3216 4520 ευρ..-
3250 4493 3410 4520 ι..-ει..
3438 4489 3574 4520 -..λι
3605 4487 3706 4520 -ιλυ

446 4507 629 4563 aperte
667 4509 820 4548 suam
851 4493 1160 4564 opinionem
1197 4494 1341 4550 velut
1377 4494 1580 4548 idolum
1617 4495 1846 4564 fingunt,
1885 4494 2012 4548 dum

2119 4505 2270 4567 Θεὸν,
2298 4505 2330 4575 ἢ
2357 4503 2542 4557 οὐσίαν
2587 4498 2744 4553 Θεοῦ.
2776 4497 2968 4551 Καίτοι
2993 4511 3055 4563 γε
3088 4495 3216 4557 ἴσως
3249 4493 3410 4562 ἐχρῆν
3438 4489 3574 4560 πρὸς
3605 4487 3706 4540 τὸν

447 4583 589 4640 hanc
629 4585 1040 4656 intelligentiam
1091 4600 1211 4655 qua:
1259 4593 1341 4640 est
1380 4586 1434 4638 in
1488 4600 1678 4640 eorum
1723 4585 2019 4657 ἀγεννησία

447 4678 721 4744 deiﬁcant,
775 4687 834 4734 ut
873 4695 993 4749 quae
1040 4679 1191 4734 nulla
1245 4677 1457 4733 ratione
1505 4677 1561 4731 iu
1611 4677 1792 4731 divina
1825 4688 2018 4732 natura

445 4781 720 4836 cernatur,
755 4770 852 4826 sed
882 4772 997 4841 ipsa
1036 4772 1107 4826 sit
1139 4769 1303 4835 Deus,
1330 4770 1414 4825 vel
1448 4768 1540 4823 Dei
1565 4769 1822 4824 essentia.
1854 4768 2017 4838 Atqui

445 4862 685 4919 fortasse
709 4862 996 4932 oportebat
1027 4877 1121 4917 eos
1159 4861 1226 4915 ad
1256 4870 1566 4916 sanctorum
1594 4860 1822 4914 chorum
1858 4861 2020 4930 inspi-

443 4955 672 5022 cientes,
713 4953 1011 5025 prophetas
1060 4953 1303 5023 intelligo
1335 4960 1389 5008 et
1423 4952 1783 5022 patriarchas,
1817 4952 2019 5022 quibus

446 5045 800 5100 multifariam
854 5043 1154 5114 multisque
1204 5043 1385 5098 modis
1413 5044 1659 5099 veritatis
1715 5058 1895 5098 sermo
1936 5043 2020 5096 in-

445 5139 663 5206 sonuit;
705 5145 758 5194 et
803 5145 993 5208 postea
1052 5137 1204 5206 ipsos
1261 5136 1423 5191 etiam
1459 5135 1798 5206 inspectores
1826 5141 1880 5188 et
1915 5135 2019 5189 mi-

445 5231 653 5286 nistros
700 5229 875 5285 factos
925 5229 1102 5292 verbi,
1151 5243 1277 5283 cum
1325 5227 1572 5282 venerari
1621 5227 1744 5282 ﬁdei
1798 5227 2016 5298 dignam

445 5321 797 5378 autoritatem
854 5335 1068 5385 eorum,
1106 5335 1228 5390 quae
1279 5317 1345 5372 ab
1396 5317 1516 5387 ipso
1567 5315 1773 5388 Spiritu
1824 5325 2020 5372 testata

445 5421 574 5466 sunt
605 5421 658 5467 et
687 5413 1028 5475 conﬁrmata,
1058 5419 1184 5466 'tum
1211 5411 1428 5465 illorum
1463 5409 1726 5464 doctrinae
1751 5415 1805 5464 et
1835 5407 2020 5478 cogni-

446 5501 614 5556 tionis
655 5503 907 5559 terminis
949 5502 1226 5567 insistere,
1257 5517 1431 5573 neque
1464 5500 1665 5557 audere
1705 5501 1757 5556 in
1787 5500 1873 5554 his
1900 5514 2019 5570 qua:

445 5597 771 5648 sanctorum.
787 5593 1202 5662 comprehensio
1233 5609 1343 5648 non
1392 5592 1694 5647 amrmavit.
1734 5590 1813 5645 llli
1850 5591 2015 5655 enim,

445 5691 578 5737 tunc
607 5680 862 5735 humana:
891 5682 1016 5736 vitae
1036 5681 1373 5753 incognitum
1406 5683 1597 5748 Deum,
1633 5691 1855 5753 propter
1884 5697 2020 5752 prae-

443 5770 714 5826 valentem
759 5770 908 5828 circa
933 5772 1078 5830 idola
1100 5787 1340 5832 errorem
1368 5774 1795 5853 perspicuumet
1829 5781 2020 5853 uotum

2119 4596 2227 4650 τῶν
2246 4595 2416 4664 ἁγίων
2439 4592 2596 4664 χορὸν
2625 4590 3048 4651 ἀποϐλέποντας,
3085 4587 3209 4649 τοὺς
3233 4585 3517 4656 προφήτας
3551 4582 3707 4649 λέγω

2120 4689 2215 4741 καὶ
2248 4685 2593 4756 πατριάρχας
2621 4727 2636 4749 ,
2679 4680 2759 4745 οἷς
2786 4678 3108 4750 πολυμερῶς
3144 4677 3239 4731 καὶ
3283 4673 3640 4745 πολυτρόπως
3674 4675 3707 4725 ὁ

2118 4780 2219 4849 τῆς
2269 4775 2527 4846 ἀληθείας
2564 4772 2921 4841 ἐνεφθέγξατο
2957 4769 3147 4839 λόγος·
3195 4768 3294 4821 καὶ
3342 4764 3479 4837 μετά
3517 4763 3704 4817 ταῦτα

2118 4868 2245 4930 τούς
2278 4865 2552 4928 αὐτόπτας
2581 4881 2640 4916 τε
2672 4862 2768 4915 καὶ
2797 4860 3077 4931 ὑπηρέτας
3109 4858 3435 4928 γενομένους
3465 4855 3565 4907 τοῦ
3603 4854 3708 4907 λόο

2118 4973 2216 5025 γου
2237 4995 2251 5018 ,
2280 4955 2374 5008 καὶ
2399 4951 2785 5021 δυσωπηθῆναι
2819 4950 2918 5019 μὲν
2957 4948 3062 5018 τὴν
3087 4947 3428 5013 ἀξιοπιστίαν
3461 4943 3574 4998 τῶν
3605 4944 3703 4996 ὑπ’

2121 5045 2285 5099 αὐτοῦ
2325 5042 2781 5117 μαρτυρηθέντων
2813 5039 2906 5093 τοῦ
2945 5040 3296 5109 Πνεύματος,
3345 5035 3606 5108 ἐμμένειν
3641 5035 3702 5088 δὲ

2119 5139 2230 5200 τοῖς
2259 5136 2404 5207 ὅροις
2429 5133 2526 5203 τῆς
2549 5131 2768 5185 ἐκείνων
2795 5127 3136 5191 διδασκαλίας
3158 5128 3252 5180 καὶ
3275 5127 3531 5195 γνώσεως
3547 5165 3563 5187 ,
3605 5125 3704 5178 καὶ

2125 5229 2199 5300 μὴ
2245 5224 2542 5295 ἐπιτολμᾷν
2580 5221 2791 5284 τούτοις
2824 5214 2899 5273 ὧν
2946 5222 2979 5291 ή
3025 5218 3132 5271 τῶν
3177 5217 3349 5282 ἁγίων
3391 5214 3700 5284 κατάληψις

2119 5316 2219 5368 οὐκ
2249 5315 2501 5384 ἐφήσατο.
2548 5311 2772 5364 Ἐκεῖνοι
2810 5308 2918 5379 γάρ
2943 5306 3305 5378 ἀγνοούμενον
3335 5305 3472 5368 τέως
3495 5308 3566 5376 τῇ
3601 5305 3701 5357 ἀν-

2121 5403 2364 5476 θρωπίνῃ
2412 5400 2522 5473 ζωῇ
2560 5402 2653 5454 ’τὸν
2696 5401 2826 5454 Θεὸν
2859 5400 2947 5454 διά
2978 5398 3074 5471 τὴν
3113 5395 3520 5470 ἐπικρατοῦσαν
3565 5396 3690 5448 τότε

2121 5495 2249 5565 περὶ
2287 5495 2358 5548 τά
2394 5493 2586 5547 εἴδωλα
2631 5492 2837 5562 πλάνην
2885 5491 3098 5562 ἐμφανῆ
3140 5491 3236 5543 καὶ
3272 5487 3550 5558 γνώριμον
3583 5488 3703 5548 τοῖς

2120 5588 2426 5660 ἀνθρώποις
2451 5587 2730 5652 ποιοῦντες
2755 5587 2817 5641 ἐκ
2836 5603 2894 5640 τε
2924 5585 3032 5640 τῶν
3057 5584 3353 5656 θαυμάτων
3373 5583 3410 5638 ὃ,
3435 5583 3550 5646 τοῖς
3569 5581 3700 5651 παρ’

2121 5678 2284 5735 αὐτοῦ
2318 5680 2710 5751 γεγενημένοις
2766 5679 3114 5750 ἐμφαίνεται,
3143 5676 3238 5730 καὶ
3279 5677 3346 5728 ἐκ
3373 5673 3480 5728 τῶν
3501 5672 3703 5742 ὀνομά-

2119 5791 2228 5829 των
2260 5773 2323 5827 δι’
2351 5769 2428 5833 ὧν
2455 5773 2515 5829 τὸ
2546 5773 2786 5829 ποικίλον
2810 5771 2908 5843 τῆς
2931 5771 3080 5836 θείας
3104 5768 3388 5842 δυνάμεως
3418 5765 3698 5823 κατανοεῖο
