4002 6218
283 265 388 322 945

1376 257 1655 316 CONTRA
1688 255 2056 315 EUNOMIUM
2094 256 2226 312 LIB.
2257 256 2376 313 XII.

3432 261 3538 317 Oili

276 396 371 436 ται
392 419 411 444 ,
443 378 586 452 πρὸς
623 378 723 451 τὴν
758 378 972 433 σύνεσιν
1006 381 1108 451 τῆς
1138 380 1289 445 θείας
1330 381 1545 452 φύσεως
1580 398 1854 453 χειραγω-

1977 364 2274 438 iominibus
2324 379 2613 444 facientes.
2673 386 2786 436 tum
2847 396 2915 437 ex
2970 378 3255 437 miraculis
3309 394 3430 452 quae
3484 379 3537 433 in

279 470 459 541 γοῦσι,
489 470 589 542 τὴν
622 470 1093 542 μεγαλοπρέπειαν
1122 472 1291 543 μόνην
1313 472 1423 528 τῶν
1447 472 1575 546 napi.
1607 472 1700 526 τὸν
1725 472 1859 527 Θεὸν

281 561 674 633 θεωρουμένων
693 563 808 625 τοῖς
834 560 1142 634 ἀνθρώποις
1166 562 1544 635 γνωρίζοντες·
1569 564 1660 618 τὸν
1684 563 1742 618 δὲ
1761 565 1862 636 τῆς

281 656 475 719 οὐσίας
512 654 691 723 λόγον,
725 653 802 719 ὡς
837 652 961 709 οῦτε
1010 653 1231 709 δυνατὸν
1259 655 1599 729 χωρηθῆναι,
1637 653 1861 711 ούτετι

282 745 518 821 φέροντα
548 749 661 811 τοῖς
708 746 1222 819 πολυπραγμονοῦσι
1256 748 1318 802 τὸ
1358 748 1584 819 κέρδος,
1625 746 1863 820 ἄρρητον

281 841 506 912 ἀφῆκαν
532 840 628 894 καὶ
659 838 1036 905 ἀνεξέταστον.
1079 841 1191 894 Καὶ
1222 841 1332 912 γάρ
1362 842 1457 896 καὶ
1484 841 1652 896 τᾶλλα
1686 842 1864 896 πάντα

280 934 364 988 ὅτι
393 934 496 1006 μὲν
526 932 718 1003 γέγονε
737 933 1068 1006 διηγήσαντο
1092 975 1108 999 ,
1134 935 1380 1006 οὐρανὸν,
1409 935 1536 1005 γῆν,
1561 935 1858 1002 θάλασσαν,

279 1025 533 1097 χρόνους,
578 1025 780 1090 αίῶνας
808 1026 901 1081 καὶ
943 1027 1040 1097 τὴν
1073 1028 1132 1080 ὲν
1173 1025 1384 1091 τούτοις
1419 1028 1631 1082 κτίσινο
1677 1028 1760 1081 ὅτι
1807 1027 1862 1081 δὲ

282 1117 493 1174 τούτων
522 1118 774 1186 ἕκαστον,
805 1119 899 1173 καὶ
925 1120 1095 1185 ὅπως,
1132 1121 1226 1174 καὶ
1254 1120 1396 1187 ὅθεν,
1429 1120 1823 1191 ἀπεσιώπησαν
1843 1139 1863 1154 ο

284 1209 431 1266 οὕτω
459 1212 556 1266 καὶ
581 1211 710 1284 περὶ
740 1210 897 1274 Θεοῦ,
929 1212 1010 1265 ὅτι
1036 1214 1132 1284 μὲν
1155 1212 1271 1266 ἔστι
1298 1255 1314 1280 ,
1342 1212 1439 1267 καὶ
1464 1216 1578 1277 τοῖς
1605 1211 1865 1283 ἐκζητοῦυ

286 1320 373 1357 σιν
399 1302 567 1359 αύτδν
598 1302 997 1374 μισθαποδότης
1021 1304 1252 1373 γίνεται,
1289 1304 1714 1375 συμϐουλεύουσι
1747 1304 1864 1358 πείο

286 1396 501 1451 θεσθαι’
528 1396 627 1467 τὴν
644 1395 701 1450 δὲ
721 1395 881 1466 φύσιν
902 1396 1072 1467 αὐτὴν
1091 1397 1166 1461 ὡς
1186 1397 1325 1469 ὑπὲρ
1349 1398 1458 1451 πᾶν
1474 1392 1640 1452 οὖσαν
1657 1398 1830 1469 δνομα
1844 1440 1859 1465 ,

284 1487 410 1544 οὔτε
443 1489 771 1560 ὠνόμασαν,
809 1487 931 1543 οὔτε
964 1489 1256 1561 ὲμέλησαν.
1291 1491 1357 1544 Ei
1394 1490 1504 1563 γάρ
1533 1478 1586 1544 τι
1613 1490 1749 1564 πρὸς
1772 1491 1864 1563 δή·

283 1583 454 1636 λωσιν
481 1582 581 1652 τῆς
611 1580 763 1647 θείας
796 1585 1175 1653 κατανοήσεως
1223 1582 1623 1656 μεμαθήκαμεν
1659 1583 1863 1656 ὄνομα,

285 1674 465 1728 πάντα
496 1671 671 1729 ταῦτα
697 1674 982 1730 κοινωνίαν
1010 1673 1120 1746 ἔχει
1158 1676 1253 1729 καὶ
1297 1676 1589 1746 ἀναλογίαν
1613 1678 1752 1751 πρὸς
1791 1678 1860 1734 τά

281 1766 513 1821 τοιαῦτα
551 1767 660 1820 τῶν
705 1767 1002 1840 ὀνομάτων,
1050 1767 1087 1823 ἀ
1113 1769 1206 1823 τοῦ
1250 1786 1396 1834 τινος
1430 1770 1718 1843 ἀνθρώπου
1764 1771 1865 1845 τὴν

287 1857 530 1929 ίδιότητα
566 1858 854 1913 δείκνυσιν.
898 1859 986 1924 Ὠς
1017 1860 1126 1931 γάρ
1164 1861 1215 1914 οἱ
1252 1860 1344 1915 τὸν
1381 1862 1744 1932 ἀγνοούμενον
1777 1865 1866 1921 διά

282 1967 451 2005 τινων
481 1950 875 2021 γνωρισμάτων
915 1949 1223 2023 δηλοῦντες,
1253 1952 1555 2025 εύπατρίδα
1582 1954 1768 2021 αὐτὸν,
1798 1954 1871 2010 ἃν

282 2042 435 2097 οῦτω
467 2041 602 2114 τύχῃ
621 2084 636 2107 ,
668 2043 761 2095 καὶ
785 2042 894 2097 τῶν
908 2038 968 2098 εὗ
980 2045 1281 2113 γεγονότων
1304 2044 1552 2115 λέγουσιν
1581 2043 1742 2112 εῖναι,
1772 2049 1867 2104 καὶ

283 2134 541 2208 λαμπρὸν
562 2138 620 2189 ἐν
639 2134 853 2207 πλούτῳ
865 2135 961 2189 καὶ
980 2137 1038 2189 ὲν
1056 2135 1185 2208 ἀξίᾳ
1204 2154 1270 2190 πε
1278 2137 1581 2209 ρίϐλεπτον,
1603 2139 1871 2197 ἁνθοῦντά

280 2246 348 2284 τε
376 2232 444 2301 τῇ
468 2228 615 2301 ῶρᾳ,
638 2229 731 2282 καὶ
752 2229 846 2284 ἐπὶ
878 2228 1034 2283 τόσον
1053 2230 1386 2287 διανεστῶτα
1406 2231 1483 2304 τῷ
1504 2232 1741 2305 σώματι,
1771 2237 1869 2291 καὶ

280 2325 356 2378 τὰ
388 2322 615 2379 τοιαῦτα
644 2323 924 2392 λέγοντες,
953 2320 1013 2377 ού
1037 2321 1134 2395 τὴν
1174 2321 1335 2394 φύσιν
1363 2324 1458 2380 τοῦ
1497 2325 1827 2399 δηλουμένου
1850 2370 1866 2394 ,

282 2417 425 2472 ἀλλά
451 2434 571 2470 τινα
596 2416 951 2488 γνωρίσματα
978 2415 1088 2470 τῶν
1115 2415 1241 2488 περὶ
1259 2416 1421 2471 αὐτὸν
1455 2421 1871 2491 γινωσκομένων

284 2511 585 2580 ἐδήλωσαν.
619 2507 756 2563 Ούτε
783 2508 891 2581 γὰρ
922 2507 984 2562 rb
1015 2510 1254 2578 εὐγενὲς,
1283 2508 1407 2565 οὔτε
1430 2513 1492 2565 τὸ
1517 2513 1871 2587 πολυχρήμα-

282 2620 402 2667 τον,
418 2601 543 2656 οὔτε
564 2602 625 2655 τὸ
644 2601 940 2673 περιφανὲς
954 2601 1048 2655 τοῦ
1061 2600 1386 2675 ἀξιώματος,
1405 2602 1527 2659 οὔτε
1541 2606 1602 2663 τὸ
1621 2607 1760 2661 κατά
1772 2609 1870 2680 τὴν

284 2694 441 2766 ὥραν
458 2692 813 2765 περίϐλεπτον
828 2693 856 2745 ὁ
872 2692 1156 2766 ἄνθρωπός
1175 2695 1344 2759 ἐστιν,
1361 2696 1474 2753 ἀλλ’
1497 2698 1724 2753 ἕκαστον
1744 2699 1871 2754 τού-

284 2806 398 2842 των
427 2787 555 2858 περὶ
582 2786 674 2840 τόν
701 2803 823 2841 τινα
854 2785 1160 2857 θεωρεῖταιο
1192 2785 1364 2852 οὕτως
1385 2789 1480 2843 καὶ
1506 2791 1677 2845 πᾶσαι
1698 2791 1874 2862 φωναὶ

284 2880 390 2946 τῆς
420 2879 581 2947 ἁγίας
614 2877 834 2949 Γμφῆς
871 2878 949 2942 είς
977 2875 1283 2947 δοξολογίαν
1310 2879 1460 2935 θείαν
1490 2880 1869 2956 ἐξευρημέναι,

286 2970 403 3023 τῶν
441 2970 567 3038 περ)⁵
597 2967 689 3022 τὸν
729 2966 861 3021 Θεόν
893 2984 947 3021 τι
992 2966 1338 3039 δηλουμένων
1381 2970 1869 3043 ἀποσημαίνουσιν,

1968 471 2142 542 ipsius
2172 470 2431 543 operibus
2452 472 2688 538 elucent,
2714 487 2837 528 cum
2878 487 2942 528 ex
2971 471 3309 537 nominibus,
3343 469 3541 540 quibus

1967 563 2204 620 varietas
2238 563 2436 620 divina:
2468 563 2685 621 virtutis
2727 565 3071 636 intelligitur,
3117 562 3185 618 ad
3219 563 3416 620 divina:
3442 576 3543 616 na-

1969 662 2108 710 turae
2146 656 2848 728 intelligentiam-tanquam
2881 672 3044 712 manu
3077 656 3306 719 ducunt,
3334 653 3545 723 magni-

1970 748 2243 805 ficentiam
2281 749 2454 804 solam
2484 764 2675 805 eorum
2705 765 2827 821 quae
2861 750 2928 805 de
2956 748 3068 804 Deo
3100 748 3539 813 considerantur,

1970 838 2289 895 hominibus
2317 849 2504 895 notam
2535 840 2828 905 facientes;
2866 840 3122 896 essentia:
3158 847 3337 894 autem
3371 838 3544 892 ratio-

1970 946 2120 997 nem,
2168 938 2229 985 ut
2266 947 2389 1003 qua:
2435 932 2555 1004 capi
2590 933 2742 987 nullo
2780 931 2944 986 modo
2986 931 3182 1003 possit,
3210 937 3389 1000 neque
3413 929 3544 1000 quid

1970 1020 2161 1079 afferat
2205 1024 2345 1079 lucri
2401 1030 2454 1081 et
2504 1024 2776 1081 commodi
2808 1024 2893 1080 his
2929 1026 3022 1095 qui
3076 1022 3241 1079 nimis
3292 1022 3452 1076 anxie
3494 1032 3549 1076 et

1971 1118 2189 1175 curiose
2231 1117 2574 1189 perquirunt,
2611 1112 2937 1174 inetfabilem
2968 1124 3023 1172 et
3063 1131 3173 1171 non
3208 1114 3549 1187 pervestiga-

1970 1209 2133 1266 bilem
2177 1210 2526 1267 dimiserunt.
2572 1208 2788 1265 Etenim
2820 1210 2981 1264 etiam
3025 1209 3130 1263 alia
3171 1207 3354 1295 omnia
3400 1213 3549 1261 certe

1971 1302 2111 1358 facta
2143 1319 2265 1361 esse
2288 1312 2672 1369 narraverunt,
2702 1303 2923 1370 caelum,
2950 1311 3186 1368 terram,
3207 1314 3377 1362 mare,
3410 1306 3550 1354 tem-

1971 1410 2127 1466 pora,
2189 1397 2411 1461 saecula,
2444 1404 2497 1452 et
2518 1411 2640 1466 qum
2671 1395 2726 1450 in
2764 1396 2846 1451 eis
2876 1404 3027 1459 sunt,
3063 1401 3366 1450 creaturas.
3403 1389 3547 1458 Quid

1972 1498 2151 1544 autem
2178 1488 2374 1545 horum
2410 1488 2864 1560 unumquodque,
2888 1496 2940 1544 et
2968 1486 3266 1559 quomodo,
3300 1477 3359 1540 et-
3385 1484 3547 1550 unde,

1974 1580 2123 1637 taciti
2166 1580 2548 1653 praeterierunt
2581 1601 2595 1637 :
2640 1580 2723 1653 sic
2751 1580 2915 1635 etiam
2950 1580 3017 1635 de
3051 1577 3164 1633 Deo
3194 1578 3322 1648 quia
3348 1584 3454 1642 est,
3495 1583 3550 1632 et

1974 1675 2349 1745 quaerentibus
2396 1689 2458 1731 se
2502 1673 2561 1728 fit
2594 1681 2976 1729 remunerator
3005 1671 3072 1737 ’⁸,
3102 1669 3392 1727 consulunt
3426 1684 3550 1724 cre-

1972 1766 2145 1823 dere:
2177 1773 2431 1822 naturam
2472 1773 2653 1821 autem
2699 1764 2875 1836 ipsam
2913 1779 3033 1834 quae
3080 1777 3247 1835 supra
3285 1772 3369 1820 cst
3389 1778 3553 1819 omne

1972 1878 2196 1926 nomen,
2245 1875 2424 1933 neque
2487 1857 2866 1921 nominarunt,
2921 1873 3098 1929 neque
3150 1868 3434 1915 curarunt.
3491 1855 3550 1913 Si

1971 1957 2116 2012 enim
2142 1970 2340 2011 nomen
2386 1951 2607 2024 aliquod
2648 1952 2714 2008 ad
2739 1950 3161 2008 declarationem
3217 1951 3413 2007 divinze
3457 1967 3553 2007 co-

1973 2048 2236 2120 gnitionis
2291 2046 2611 2113 didicimus,
2673 2044 2791 2100 haec
2861 2044 3044 2099 omnia
3107 2044 3549 2101 communionem

1975 2139 2198 2203 habent,
2230 2145 2284 2195 et
2317 2137 2734 2210 preportionem
2778 2150 2902 2191 cum
2934 2136 3209 2206 ejusmodi
3234 2137 3552 2192 nominibus

1975 2247 2098 2302 qua:
2144 2229 2379 2301 alicujus
2421 2228 2662 2285 hominis
2712 2228 3102 2300 proprietatem
3148 2227 3549 2289 demonstrant.

1976 2324 2446 2393 Quemadmodum
2498 2322 2645 2378 enim
2699 2320 2753 2376 hi
2800 2322 2894 2393 qui
2949 2322 3259 2395 quempiam
3311 2321 3418 2377 sibi
3470 2338 3555 2376 m-

1977 2418 2276 2489 cognitum,
2331 2431 2431 2487 per
2484 2415 2668 2484 aliqua
2723 2413 2930 2469 indicia
2963 2423 3034 2470 et-
3060 2415 3215 2485 signa
3251 2413 3553 2479 declarant,
3637 2486 3651 2499 .

1978 2515 2157 2587 ipsum
2199 2530 2267 2570 ex
2312 2512 2457 2567 bono
2510 2517 2663 2583 patre
2704 2515 2887 2564 ortum
2932 2506 2991 2565 et
3029 2509 3348 2581 ingenuum,
3394 2510 3438 2566 si
3474 2510 3557 2567 sic

1978 2620 2101 2662 sors
2144 2603 2352 2668 tulerit,
2407 2612 2463 2658 et
2511 2616 2577 2657 ex
2625 2599 2905 2656 nobilibus
2959 2598 3149 2655 dicunt
3191 2615 3333 2665 esse,
3393 2608 3557 2670 atque

1978 2694 2184 2752 divitiis
2217 2695 2426 2751 clarum
2461 2700 2517 2748 et
2560 2690 2827 2763 dignitate
2858 2691 3241 2762 conspicuum,
3279 2698 3436 2748 aetate
3459 2691 3557 2747 ﬂo-

1980 2797 2211 2854 rentem,
2246 2795 2301 2842 et
2349 2787 2407 2841 in
2457 2792 2669 2839 tantum
2707 2797 2937 2855 corpore
2975 2783 3326 2850 eminentem,
3355 2790 3409 2839 et
3436 2799 3558 2855 qua:

1981 2889 2111 2939 sunt
2140 2879 2412 2950 ejusmodi
2449 2877 2579 2933 dum
2623 2877 2837 2939 dicunt,
2884 2891 2991 2934 non
3023 2884 3276 2931 naturam
3312 2876 3434 2945 ejus
3461 2877 3556 2946 qui

1980 2973 2317 3036 declaratur,
2346 2967 2443 3026 sed
2474 2966 2722 3038 quaedam
2754 2966 2912 3037 signa
2943 2975 2997 3022 et
3021 2973 3181 3021 notas
3213 2979 3403 3022 eorum
3438 2981 3560 3037 qua:

291 3062 435 3117 ίδίαν
470 3059 705 3131 ἔμφασιν
731 3060 934 3131 ἑκάστη
970 3060 1315 3133 παρεχομένη
1349 3061 1416 3116 δι’
1439 3054 1515 3117 ὧν
1544 3062 1576 3135 ἦ
1618 3065 1680 3118 τὸ
1710 3065 1871 3121 δυνα-

1979 3065 2035 3121 ἰη
2059 3065 2181 3136 ipso
2205 3067 2637 3134 cognoscuntur,
2669 3058 3006 3115 iudicarunt.
3032 3056 3220 3130 Neque
3246 3058 3391 3115 enim
3413 3058 3559 3130 quod

288 3153 407 3216 τὸν,
461 3152 494 3223 ἢ
524 3151 585 3205 rb
609 3151 703 3206 τοῦ
753 3151 996 3224 χείρονος
1037 3151 1409 3221 ἀνεπίδεκτον,
1450 3154 1483 3223 ἢ
1511 3156 1573 3209 τὸ
1603 3156 1677 3229 μὴ
1707 3156 1768 3222 ἐξ
1795 3160 1879 3212 αι-

288 3245 416 3309 τίας
445 3238 606 3310 εἶναι,
650 3244 682 3316 ἥ
712 3243 773 3298 τὸ
803 3245 876 3315 μὴ
908 3245 988 3309 είς
1012 3245 1359 3317 περιγραφὴν
1387 3247 1575 3311 τέλους
1596 3247 1873 3320 ἔρχεσθαι,

288 3337 325 3406 ἦ
359 3335 424 3389 rb
463 3334 608 3389 κατά
648 3335 866 3390 πάντων
921 3333 1064 3405 ἔχειν
1095 3334 1156 3388 τὸ
1196 3335 1420 3406 κράτος,
1455 3335 1488 3407 ἥ
1520 3336 1658 3402 ὅλως
1688 3356 1739 3393 τι
1769 3340 1878 3394 τῶν

292 3427 429 3500 περὶ
480 3426 676 3490 αύτδν.
716 3425 1114 3497 διδασκόμεθα*
1150 3426 1322 3499 αὐτὴν
1351 3427 1407 3481 δὲ
1438 3429 1538 3499 τὴν
1576 3430 1763 3484 ούσίαν
1801 3432 1878 3496 ῶς

290 3518 419 3574 οὔτε
440 3519 647 3591 διανοίᾳ
665 3519 772 3573 ’τινλ⁵
791 3518 1064 3591 χωρητήν,
1086 3515 1208 3572 abre
1230 3518 1375 3593 λόγῳ
1392 3522 1658 3593 φραστὴν,
1684 3523 1876 3578 ἀπολυ.

291 3611 683 3683 πραγμόνητον
712 3612 895 3675 είασε,
924 3612 1103 3682 σιωπῇ
1145 3610 1407 3682 τιμᾶσθαι
1444 3611 1872 3684 νομοθετήσασα,

292 3705 352 3758 ὲν
370 3689 702 3776 τῷκωλύειν
720 3702 829 3757 τῶν
857 3700 1168 3773 βαθυτέρων
1191 3702 1289 3774 τὴν
1313 3703 1557 3775 ζήτησιν,
1589 3706 1685 3759 καὶ
1707 3708 1767 3760 ὲν
1796 3706 1875 3778 τῷ

289 3789 477 3865 λέγειν
505 3796 581 3868 μὴ
605 3796 714 3851 δεῖν
752 3796 1055 3866 ἐξενεγκεῖν
1084 3795 1234 3867 ῥῆμα
1256 3794 1363 3867 πρὸ
1391 3796 1683 3869 προσώπου
1716 3799 1873 3855 Θεοῦ.

1979 3170 2309 3229 generosum
2364 3162 2418 3210 et
2464 3150 2671 3216 nobile,
2728 3166 2910 3222 neque
2950 3151 3331 3223 pecuniosum,
3382 3167 3562 3224 neque

1981 3249 2195 3306 illustre
2220 3247 2507 3318 dignitate,
2540 3259 2720 3315 neque
2753 3244 2901 3315 quod
2932 3250 3091 3300 aetate
3120 3242 3298 3309 ﬂoret,
3332 3251 3388 3299 et
3436 3258 3563 3315 spe-

1982 3340 2185 3397 ctahile
2211 3345 2319 3402 est,
2357 3338 2475 3409 ipse
2508 3337 2672 3392 homo
2699 3343 2805 3399 est,
2837 3335 2934 3391 sed
2966 3335 3164 3391 horum
3214 3335 3561 3407 unumquod-

1980 3450 2089 3505 que
2127 3431 2180 3486 in
2226 3431 2412 3501 aliquo
2462 3415 2769 3501 spectatur.
2826 3429 2918 3485 Sic
2959 3429 3127 3484 etiam
3163 3444 3359 3486 omnes
3398 3444 3560 3486 voces

1982 3533 2187 3582 sanctae
2226 3522 2526 3593 Scriptura:
2569 3521 2639 3576 ad
2685 3518 3137 3593 glorificationem
3184 3519 3427 3575 divinam
3475 3519 3562 3576 in-

1981 3629 2177 3681 ventae.
2211 3631 2403 3672 eorum
2448 3613 2654 3685 aliquid
2697 3630 2821 3684 qua:
2847 3613 2902 3669 in
2942 3611 3053 3670 Deo
3077 3612 3448 3679 declarantur,
3487 3613 3564 3671 si-

1979 3709 2258 3782 gnificant,
2319 3706 2593 3778 propriam
2638 3705 3092 3776 signiﬁcationem
3149 3706 3378 3775 singulae
3428 3721 3565 3777 prm-

1982 3802 2193 3866 bentes,
2235 3814 2334 3872 per
2388 3814 2549 3870 quas,
2580 3796 2668 3853 vel
2712 3799 2859 3868 quod
2893 3804 3089 3867 potens
3139 3805 3246 3864 eet,
3286 3797 3370 3854 vel
3412 3800 3561 3869 quod

289 3887 585 3944 deterioris
645 3904 753 3943 non
801 3894 888 3945 est
926 3903 1119 3959 capax.
1168 3889 1251 3944 vel
1288 3889 1433 3959 quod
1490 3905 1601 3945 non
1651 3900 1737 3948 est
1784 3908 1851 3949 ex
1890 3908 2080 3959 causa,
2112 3894 2197 3951 vel
2242 3893 2390 3964 quod
2452 3890 2832 3947 circumscribi
2856 3905 2965 3946 non
2998 3897 3203 3961 potest,
3269 3889 3353 3946 vel
3415 3890 3562 3961 quod

292 3978 351 4034 in
400 3980 587 4034 omnia
616 3978 1131 4051 habetimperium,
1164 3980 1255 4034 vel
1296 3980 1522 4037 omnino
1582 3982 1714 4050 quid
1754 3999 1945 4042 eorum
1983 4003 2106 4054 quae
2148 3986 2205 4042 in
2254 3984 2375 4057 ipso
2411 3982 2857 4047 considerantur,
2906 3981 3213 4037 docemur:
3267 3982 3561 4038 essentiam

292 4077 478 4124 autem
527 4071 722 4140 ipsam,
757 4079 818 4124 ut
860 4086 1036 4141 neque
1086 4070 1441 4143 intelligentia
1493 4064 1935 4145 perceptibilem.
1974 4094 2153 4148 neque
2203 4075 2454 4133 oratione
2496 4072 2799 4136 eﬂ‘abilem,
2842 4086 2954 4128 non
3008 4071 3226 4128 curiose
3281 4071 3563 4144 inquiren-

291 4160 419 4215 dam
457 4160 682 4219 dimisit.
717 4161 933 4216 silentio
961 4161 1244 4219 colendam
1277 4176 1401 4218 esse
1426 4163 1707 4229 sanciens,
1743 4166 1875 4222 dum
1915 4169 2087 4225 vetuit
2138 4166 2534 4240 profundorum
2578 4163 3011 4235 inquisitionem,
3062 4173 3119 4219 et
3189 4163 3320 4220 dum
3392 4164 3561 4222 edixit

297 4261 410 4303 non
451 4258 704 4321 oportere
736 4244 930 4308 efferre
966 4251 1192 4307 verbum
1241 4259 1368 4308 ante
1422 4252 1617 4311 faciem
1666 4254 1781 4313 Dei.

363 4342 467 4399 Διά
497 4342 657 4396 τοῦτο
692 4343 872 4397 πᾶσάν
901 4359 985 4407 τις
1015 4342 1372 4397 θεόπνευστον
1410 4346 1595 4417 φωνὴν
1637 4349 1871 4419 ὲρευνὼο

2048 4346 2131 4404 0b
2163 4362 2283 4404 eam
2315 4359 2537 4402 causam
2573 4343 2667 4416 qui
2693 4358 2911 4401 omnem
2943 4343 3210 4403 divinitus
3240 4346 3561 4418 inspiratam

297 4452 463 4508 μενος
482 4474 498 4500 ,
524 4435 627 4488 ούκ
653 4434 725 4489 ἀν’
759 4432 908 4505 εῦροι
938 4434 1039 4504 τῆς
1065 4433 1216 4499 θείας
1246 4434 1462 4504 φύσεως
1494 4439 1594 4510 τὴν
1625 4439 1880 4496 διδασκα-

294 4527 443 4591 λίαν,
478 4525 598 4580 ούδὲ
627 4524 731 4597 μὴν
758 4525 918 4580 ἄλλου
958 4526 1101 4592 τινὸς
1124 4526 1232 4581 τῶν
1264 4530 1389 4582 κατ’
1414 4527 1603 4585 ούσίαν
1640 4532 1879 4605 ὑφεστηο

293 4617 492 4672 κότων.
539 4616 702 4671 Ὅθεν
744 4617 803 4669 ὲν
841 4617 1035 4690 ἀγνοίᾳ
1074 4618 1295 4673 πάντων
1333 4619 1618 4693 διάγομεν,
1666 4622 1883 4694 πρῶτον

295 4706 532 4773 ἑαυτοὺς
563 4705 884 4776 ἀγνοοῦντες
913 4709 963 4761 οί
1002 4705 1316 4782 ἄνθρωποι,
1352 4710 1546 4767 ἔπειτα
1579 4713 1638 4767 δὲ
1684 4715 1780 4768 καὶ
1812 4714 1882 4770 τά

294 4796 438 4851 ἄλλα
467 4794 669 4851 πάντα.
703 4795 802 4861 Τίς
834 4798 944 4870 γάρ
975 4801 1121 4853 ἐστιν
1153 4799 1212 4864 ὃς
1244 4801 1342 4870 τῆς
1378 4800 1515 4866 ἰδίας
1554 4802 1751 4858 ἑαυτοῦ
1780 4803 1886 4875 ψυ-

295 4888 402 4959 χῆς
439 4886 503 4941 ἓν
532 4887 837 4958 καταλήψει
881 4890 1208 4977 γεγένηταις
1250 4892 1348 4955 Τίς
1372 4894 1402 4946 ὁ
1429 4893 1686 4964 ἐπιγνοὺς
1714 4896 1886 4968 αὐτῆς

295 4984 400 5057 τὴν
436 4980 661 5047 ούσίαν;
712 4980 903 5052 ’Υλική
949 4982 1032 5047 τίς
1074 4983 1252 5047 ἐστιν,
1306 4982 1341 5054 ἢ
1392 4983 1583 5050 ἀῦλοςς
1629 4986 1888 5059 καθαρῶς

297 5072 625 5145 ἀσώματος,
656 5073 690 5145 ἦ
725 5090 778 5127 τι
816 5072 913 5127 καὶ
957 5074 1319 5145 σωματοειδὲς
1348 5076 1480 5147 περὶ
1508 5075 1720 5148 αύτήν;
1761 5077 1888 5143 Πῶς

299 5166 547 5235 γίνεταις
600 5165 723 5231 πῶς
779 5166 1063 5238 κιρνᾶταις
1127 5166 1293 5221 πόθεν
1344 5167 1712 5242 είσιιρίνεταις
1766 5171 1888 5235 πῶς

296 5257 625 5327 ἀφίσταταις
648 5257 715 5311 Τί
738 5257 801 5312 τὸ
828 5256 1158 5328 συνδεσμοῦν
1175 5259 1268 5312 καὶ
1295 5258 1577 5330 μεσιτεῦον
1599 5260 1712 5332 ἔχει
1743 5261 1879 5335 πρὸς

296 5347 396 5419 τὴν
424 5346 523 5402 τοῦ
554 5347 804 5420 σώματος
824 5349 1019 5419 φύσινς
1052 5348 1174 5413 Πῶς
1201 5349 1233 5421 ἡ
1255 5351 1470 5424 ἀναφὴς
1495 5370 1555 5407 τε
1587 5352 1684 5409 καὶ
1708 5353 1880 5426 ἀσχη-

300 5437 595 5510 μάτιστος,
646 5440 753 5513 ίδίᾳ
801 5441 910 5495 τινὶ
951 5444 1265 5512 περιγραφῇ
1311 5443 1730 5515 περιείληπταις
1782 5445 1880 5510 Τίς

300 5529 445 5584 κατά
476 5530 575 5596 τὰς
619 5531 896 5602 ινεργείας
937 5531 1206 5605 διαφοράς
1239 5533 1418 5606 Πῶςή
1449 5536 1587 5610 αύτὴ
1614 5538 1709 5593 καὶ
1734 5536 1877 5608 ὑπὲρ

376 5714 423 5747 ⁸⁸
466 5711 627 5772 llcbr.
662 5731 755 5783 xv,
792 5716 845 5773 θ.

1977 4452 2165 4493 vocem
2218 4435 2553 4508 perscrutari
2598 4435 2853 4501 voluerit,
2911 4451 3018 4493 non
3078 4437 3319 4494 inveniet
3362 4438 3564 4495 divina:

1980 4540 2193 4586 natura:
2218 4528 2550 4593 doctrinam,
2574 4542 2678 4586 nec
2702 4528 2870 4584 ullius
2891 4542 3083 4585 eorum
3101 4545 3226 4601 qua:
3246 4546 3345 4602 per
3372 4547 3564 4589 essen-

1983 4621 2114 4675 tiam
2146 4619 2461 4677 subsistunt
2496 4638 2510 4675 :
2541 4621 2687 4676 unde
2725 4620 2783 4676 in
2819 4635 3003 4676 rerum
3030 4623 3277 4678 omnium
3306 4622 3563 4695 ignoran-

1982 4713 2058 4767 tia
2088 4719 2145 4768 et
2186 4712 2425 4783 caligine
2469 4710 2745 4783 degimus,
2780 4713 3031 4784 primum.
3058 4729 3161 4772 nos
3206 4715 3364 4786 ipsos
3406 4716 3563 4788 igno-

1985 4812 2175 4860 rantes
2204 4804 2478 4871 bomines,
2508 4803 2706 4860 deinde
2744 4804 2912 4860 etiam
2950 4813 3159 4863 caetera.
3180 4808 3384 4864 omnia.
3426 4807 3562 4876 Quis

1983 4897 2129 4954 enim
2158 4905 2243 4954 est
2272 4897 2366 4969 qui
2401 4912 2515 4953 suae
2542 4896 2779 4968 propriae
2812 4897 3009 4954 animae
3038 4898 3407 4971 cognitionem
3439 4916 3564 4972 per-

1985 5000 2199 5061 ceptam
2238 4989 2467 5046 habuit?
2513 4987 2648 5056 Quis
2688 4989 2841 5045 novit
2887 4989 3065 5061 ipsius
3102 4993 3441 5049 essentiam?
3478 4994 3561 5049 Au

1985 5082 2295 5139 materialis
2327 5090 2435 5147 est,
2483 5096 2553 5137 an
2591 5082 2998 5141 immaterialis?
3027 5100 3165 5156 pure
3213 5085 3559 5158 incorporea,

1985 5189 2055 5229 an
2086 5174 2219 5244 quid
2245 5174 2297 5228 in
2321 5188 2388 5231 ea
2415 5176 2781 5244 corporeum?
2807 5173 3095 5242 Quomodo
3120 5176 3388 5242 nascitur,
3419 5194 3561 5249 quo-

1985 5264 2149 5321 modo
2209 5267 2586 5337 temperatur?
2626 5267 2773 5324 unde
2837 5268 2892 5323 in
2945 5282 3147 5339 corpus
3209 5268 3562 5326 insinuatur?

1986 5357 2263 5429 quomodo
2315 5358 2605 5414 abscedit?
2653 5358 2795 5426 Quid
2846 5358 3015 5415 habet
3057 5360 3203 5431 quod
3243 5361 3462 5433 colliget
3509 5369 3567 5417 et

1988 5447 2375 5505 intermedium
2410 5449 2595 5504 veniat
2649 5449 2719 5505 ad
2767 5456 3022 5505 naturam
3073 5452 3369 5523 corporis?
3414 5453 3555 5521 Quo-

1988 5540 2153 5599 modo
2183 5545 2391 5596 tactum
2444 5538 2585 5613 fugit
2626 5548 2679 5598 et
2724 5537 2908 5613 figurae
2948 5542 3129 5600 omnis
3165 5557 3383 5616 expers,
3426 5560 3556 5617 pro-
