4002 6218
433 245 530 302 947

1693 238 1753 295 S.
1793 233 2117 293 GREGOIUI
2155 233 2452 291 NYSSENI

3577 234 3686 290 948

436 362 554 434 pria
610 360 846 433 quadam
908 356 1418 428 circumscriptione
1479 356 2008 428 comprehenditur?

2130 357 2200 411 τὸν
2242 355 2466 428 οὐρανὸν
2505 353 2885 420 ἀνατείνεται,
2929 353 2996 423 τῇ
3037 349 3537 423 πολυπραγμοσύνῃ
3573 352 3685 404 τῶν

437 453 693 520 Quantam
750 450 1050 509 secundum
1100 451 1452 521 operationes
1496 449 1618 520 ejus
1665 448 2009 505 dill‘erentia?

2130 449 2354 522 iopdtmv
2383 448 2478 502 καὶ
2518 445 2652 518 πρὸς
2681 444 2746 499 τὰ
2778 444 2938 498 eius
2978 443 3124 522 πάθη
3166 440 3565 498 κατολισθαίνει
3608 443 3689 512 τῷ

437 545 721 612 Quomodo
771 543 962 599 eadem
1009 541 1173 598 etiam
1216 557 1381 612 supra
1423 542 1625 596 caelum
1671 540 2002 605 extenditur,

2112 520 2267 612 βάρει
2291 538 2382 594 τοῦ
2415 537 2664 610 σώματος
2686 520 3085 607 καθελκομένη,
3110 535 3277 605 θυμόν
3299 552 3358 587 τε
3383 534 3476 587 καὶ
3499 533 3689 603 φόϐον,

437 640 566 694 dum
609 637 831 691 curiosa
867 635 1213 707 indagatione
1248 642 1535 708 qtueqsunt
1590 633 1888 689 invisibilia
1923 633 2009 687 in-

2130 629 2284 700 ιύπην
2310 645 2369 681 τε
2389 627 2483 681 καὶ
2502 625 2715 698 ἡδονὴν,
2743 624 2889 678 ἔλεον
2923 624 3015 678 καὶ
3049 625 3336 694 ἀπήνειαν,
3362 623 3551 676 ἐλπίδα
3592 623 3689 675 καὶ

439 729 694 799 vestigat,
733 739 895 799 atque
943 728 1108 785 etiam
1151 727 1216 780 ad
1259 726 1569 782 materiales
1602 725 1831 781 allectus
1865 725 2012 780 dela-

441 821 591 875 bitur
609 820 850 891 pondere
874 819 1126 890 corporis
1154 825 1416 883 attracta,
1443 818 1686 888 iramque
1707 825 1760 872 et
1785 825 2010 879 metum,

440 912 685 967 dolorem
708 919 762 968 et
796 911 1149 981 voluptatem,
1177 909 1613 963 misericordiam
1647 918 1701 962 et
1724 907 2010 972 saevitiam,

443 1019 592 1074 spem
629 1011 684 1058 et
715 1003 1056 1066 memoriam,
1100 1001 1370 1072 ignaviam
1417 1007 1468 1053 et
1498 998 1804 1062 audaciam,
1829 995 2014 1052 amici-

442 1095 572 1147 tiam
603 1093 897 1156 etodium,
941 1101 996 1148 et
1035 1092 1218 1145 omnia
1252 1105 1372 1160 qua:
1401 1104 1464 1144 ex
1522 1089 1803 1143 contrario
1847 1087 2012 1141 animi

445 1185 800 1240 facultatibus
834 1182 1182 1238 cﬂiciuntur:
1217 1197 1338 1253 quae
1390 1180 1514 1250 quis
1548 1177 2014 1240 animadvertens,

445 1292 552 1330 non
605 1276 928 1347 cogitaverit
979 1276 1270 1346 quemdam
1320 1273 1580 1344 populum
1630 1273 1928 1325 animatum
1961 1271 2016 1322 in

444 1367 626 1436 seipso
655 1367 893 1421 coitione
932 1365 1167 1436 quadam
1200 1371 1604 1419 coarctatarnm
1637 1369 1692 1417 et
1723 1374 2017 1430 compara-

445 1467 623 1511 tarum
657 1457 882 1524 habere,
932 1473 1057 1511 cum
1091 1472 1280 1511 eorum
1330 1470 1452 1526 quae
1482 1455 1626 1509 dicta
1661 1460 1790 1508 sunt
1821 1467 2018 1506 unum-

447 1549 703 1620 quodque
753 1549 1086 1621 permultum
1143 1562 1174 1602 a
1225 1546 1442 1602 caeteris
1501 1543 1752 1600 diﬂ‘erat?
1801 1551 1856 1598 et
1909 1557 2019 1613 qua

449 1650 602 1712 parte
630 1640 941 1712 praevaleat,
1003 1650 1058 1695 et
1106 1639 1160 1694 in
1200 1638 1408 1709 reliqua
1471 1635 1757 1706 iinperium
1797 1634 2014 1697 habeat,

2115 723 2354 792 μνήμην,
2385 719 2584 772 δειλίαν
2629 717 2724 772 κιιί⁵
2754 717 2986 788 θράσος,
3014 717 3195 786 φιλίαν
3239 717 3336 769 καὶ
3368 719 3522 786 μῖσος
3545 758 3558 781 ,
3593 715 3691 768 καὶ

2109 813 2290 868 ,πάντα
2319 812 2386 865 τὰ
2421 811 2562 865 κατὰ
2591 811 2651 864 τὸ
2678 811 2917 864 ἐναντίον
2947 811 3067 873 ταῖς
3089 809 3351 879 δυνάμεσι
3382 808 3482 877 τῆς
3511 807 3694 878 ψυχῆς

2114 903 2501 975 ἐνεργούμενας
2533 903 2635 966 Τίς
2671 904 2780 975 ἄρα
2803 903 3144 972 κατανοήσας
3178 902 3276 954 οὐκ
3302 901 3586 968 ἐλογίσατο
3618 902 3691 972 μή

2113 1012 2236 1049 τινα
2263 995 2435 1066 δῆμον
2463 993 2647 1065 ψυχῶν
2689 997 2746 1049 ἐν
2790 994 2969 1064 ἐαυτῴ
2997 993 3518 1065 συγκεκροτημένων
3543 993 3690 1062 ἔχοι,

2116 1088 2372 1158 πάμπολυ
2420 1085 2529 1139 τῶν
2589 1087 2890 1159 εἰρημένων
2948 1087 3177 1142 ἑκάστου
3229 1086 3361 1158 πρὸς
3413 1085 3484 1138 τὰ
3525 1085 3694 1138 λοιπὰ

2115 1180 2492 1250 διαφέροντοςς
2520 1179 2630 1234 Καὶ
2662 1179 2798 1233 καθὸ
2841 1178 2906 1233 ἂν
2952 1181 3219 1251 ἐπικρατῇ
3247 1177 3346 1248 τὴν
3383 1179 3525 1232 κατὰ
3555 1178 3693 1231 πάνυ

2116 1290 2225 1326 των
2265 1272 2478 1342 ἔχοντος
2511 1272 2850 1335 δυναστείαν,
2897 1270 2971 1333 ὡς
3001 1272 3094 1324 καὶ
3122 1271 3254 1324 αὐτὸ
3289 1271 3350 1324 τδ
3384 1271 3696 1339 λογιστικὸν

2117 1365 2236 1427 ταῖς
2266 1364 2658 1434 ὲπικρατήσεσι
2687 1361 2794 1416 τῶν
2845 1361 3102 1416 τοιούτων
3144 1361 3459 1432 κινημάτων
3501 1361 3699 1414 ὑποπί-

2118 1470 2273 1508 πτειν
2304 1454 2397 1507 καὶ
2425 1452 2859 1506 ὑποτάσσεσθαι·
2890 1454 2984 1507 καὶ
3001 1453 3098 1524 τὴν
3129 1455 3256 1524 παρ’
3287 1453 3478 1508 ἑαυτοῦ
3507 1470 3700 1524 συνερ-

2119 1545 2243 1615 γίαν
2278 1545 2414 1616 πρὸς
2437 1544 2536 1608 τὰς
2563 1543 2816 1608 τοιαύτας
2851 1544 3028 1616 ὁρμὰς
3076 1538 3186 1598 οἷον
3216 1545 3450 1615 δεσπότῃ
3479 1547 3588 1598 τινὶ
3615 1562 3703 1598 τυ-

2124 1636 2388 1709 ραννικῶς
2421 1635 2826 1706 συνεισφέρεινς
2867 1637 2940 1690 Τὸ
2979 1631 3071 1690 οὖν
3119 1635 3432 1707 πολυμερὲς
3467 1637 3564 1690 καὶ
3605 1653 3704 1688 πο-

449 1733 709 1789 utetiam
740 1731 824 1788 vis
877 1732 970 1786 illa
1035 1729 1416 1786 ratiocinatrix
1464 1727 1654 1781 talium
1713 1725 2020 1780 motionum

2130 1700 2336 1794 λυειδές
2371 1729 2530 1782 τοῦτο
2559 1700 2844 1782 τῶν-κατὰ
2878 1728 3054 1800 ψυχὴν
3086 1700 3407 1800 νοουμένων,
3439 1730 3527 1792 τίς
3563 1730 3593 1780 ὁ
3623 1729 3702 1782 διο

449 1823 914 1879 dominationibus
952 1829 1006 1877 et
1035 1821 1278 1893 imperiis
1315 1817 1640 1874 succumbat
1679 1825 1731 1872 et
1762 1814 2024 1884 subjicia-

451 1929 560 1979 tur.
594 1923 758 1986 atque
786 1931 854 1972 ex
888 1916 1069 1985 seipsa
1120 1927 1276 1969 suam
1306 1911 1469 1967 etiam
1522 1921 1742 1978 operam
1786 1904 1854 1960 ad
1887 1905 2024 1959 tales

454 2009 707 2078 impetus,
753 2006 918 2061 veluti
981 2004 1205 2060 domino
1266 2002 1485 2056 cuidam
1544 1997 1831 2071 tyrannico
1891 2009 2025 2050 con-

450 2101 656 2155 ducat?
689 2099 841 2152 lianc
879 2098 1048 2168 igitur
1096 2096 1203 2149 vim
1240 2091 1599 2162 multiplicem
1649 2098 1704 2144 et
1756 2085 2029 2142 multifor-

453 2206 596 2248 mem
626 2204 814 2244 eorum
849 2203 970 2258 quae
1022 2188 1077 2241 in
1123 2186 1306 2239 animo
1347 2183 1748 2253 intelliguntur,
1799 2179 1924 2250 quis
1961 2193 2029 2232 ex

456 2280 743 2350 Scriptura
793 2277 1060 2333 divinitus
1100 2275 1366 2344 inspirata
1418 2288 1521 2328 nos
1571 2270 1797 2326 docuit?
1834 2269 2028 2325 Utrum

452 2387 621 2426 unum
658 2369 917 2440 quiddam
969 2376 1058 2423 est
1104 2383 1170 2422 ex
1224 2366 1483 2420 omnibus
1523 2368 2027 2432 contemperatum,

455 2472 509 2518 et
544 2479 666 2533 quae
695 2461 1094 2517 contrariorum
1138 2459 1282 2514 inter
1317 2473 1376 2514 se
1413 2455 1734 2526 temperatio
1780 2461 1834 2507 et
1897 2465 2030 2504 eon-

467 2553 715 2624 spiratio,
753 2563 812 2608 ut
844 2551 990 2624 quod
1021 2566 1188 2606 unum
1219 2557 1325 2613 est,
1349 2549 1516 2604 multa
1557 2545 1667 2602 sit?
1702 2545 1808 2600 Sed
1836 2543 2030 2597 borum

456 2649 697 2720 quidque
728 2648 1020 2718 separatim
1055 2646 1414 2709 intellectum,
1442 2644 1588 2699 velut
1617 2643 1672 2696 in
1701 2640 1884 2710 amplo
1902 2653 2032 2692 vase

456 2739 664 2807 aliquo.
717 2752 914 2807 nempe
948 2737 1132 2790 anima
1173 2735 1444 2789 inclusum
1483 2732 1606 2787 est?
1641 2730 1706 2784 Et
1753 2727 2032 2801 quomodo

456 2827 702 2880 omnium
738 2825 819 2881 sic
865 2824 1301 2880 incumbentium
1336 2837 1562 2881 sensum
1599 2836 1708 2874 non
1740 2819 2030 2882 habemus,

456 2915 794 2970 conﬁdentes
833 2913 996 2969 simul
1037 2920 1089 2967 et
1117 2911 1498 2974 formidantes,
1535 2909 1662 2963 odio
1695 2908 1956 2962 habentes
1981 2915 2034 2960 et

2129 1819 2291 1884 δάξας
2337 1820 2484 1890 ἡμᾶς
2545 1821 2607 1873 ἐκ
2655 1818 2756 1890 τῆς
2817 1819 3178 1874 Θεοπνεύστου
3233 1820 3455 1892 Γραφῆς
3500 1819 3698 1888 λόγος;

2128 1911 2264 1964 Πότε
2275 1929 2364 1983 ρον
2393 1910 2451 1964 ἓν
2475 1911 2528 1964 τί
2559 1911 2706 1963 ἐστιν
2727 1911 2785 1978 ἐξ
2809 1912 3062 1964 ἁπάντων
3085 1912 3524 1984 συγκεκραμένον
3551 1929 3567 1977 ;
3591 1912 3703 1965 Καὶ

2127 2002 2213 2065 τίς
2233 2003 2266 2073 ἡ
2288 2001 2396 2055 τῶν
2421 2001 2677 2055 ἐναντίων
2699 2001 2833 2072 πρὸς
2853 2001 3057 2072 ἄλληλα
3078 2002 3272 2073 κράσις
3286 2001 3383 2055 καὶ
3404 2001 3701 2072 σύμπνοια,

2127 2093 2204 2157 ὼς
2255 2093 2311 2146 ἓν
2351 2094 2581 2166 πρᾶγμα
2625 2092 2694 2146 τὰ
2739 2093 2906 2146 πολλὰ
2947 2093 3242 2162 γενέσθαι;
3300 2093 3439 2146 Ἀλλ’
3473 2095 3704 2149 ἕκαστον

2128 2185 2334 2238 τούτων
2371 2186 2488 2239 κατ’
2522 2185 2658 2238 ἰδίαν
2687 2185 2973 2256 νοούμενον
3005 2179 3119 2238 οἷον
3158 2187 3218 2239 ἐν
3261 2183 3564 2257 πολυχώρῳ
3600 2187 3708 2240 τινὶ

2131 2275 2338 2346 ἀγγείῳ
2382 2277 2448 2345 τῇ
2484 2275 2628 2346 ψυχῇ
2669 2274 3162 2342 κατακέκλεισται;
3199 2277 3308 2330 Καὶ
3338 2277 3454 2340 πῶς
3481 2278 3582 2329 ούκ
3618 2278 3704 2331 ἀεὶ

2133 2365 2347 2418 πάντων
2391 2364 2465 2427 ὡς
2514 2365 2846 2436 ἐγκειμένων
2884 2366 2981 2438 τὴν
3025 2365 3275 2438 αἴσθησιν
3314 2367 3528 2438 ἔχομεν,
3578 2368 3709 2438 Θαρ-

2133 2456 2353 2526 ροὖντες
2397 2456 2513 2526 ἅμα
2549 2457 2640 2509 καὶ
2681 2456 3091 2530 δειλαινόμενοι,
3140 2457 3423 2529 μισοῦντές
3469 2475 3528 2510 τε
3576 2459 3699 2512 κατ’

2131 2549 2295 2601 αὐτὸν
2329 2551 2422 2602 καὶ
2471 2550 2740 2620 ἡδόμενοι,
2777 2552 2870 2604 καὶ
2906 2551 3012 2605 τῶν
3059 2551 3232 2606 ἄλλων
3263 2552 3479 2606 πάντων
3510 2569 3710 2621 συγκε-

2133 2640 2371 2711 χυμένην
2401 2642 2495 2693 καὶ
2522 2641 2976 2712 ἀναμεμιγμένην
3007 2641 3150 2696 ἔνδον
3183 2643 3280 2714 τὴν
3309 2643 3523 2713 κίνησιν
3561 2643 3712 2713 ἔχονο

2131 2748 2223 2793 τες
2249 2745 2264 2758 ’
2299 2731 2411 2784 ἀλλ’
2449 2731 2552 2786 ἀνὰ
2607 2731 2770 2804 μέρος
2820 2732 2996 2787 αὐτῶν
3035 2733 3132 2804 τὴν
3163 2733 3484 2788 δυναστείαν
3523 2736 3708 2803 ἐπιγι-

2133 2821 2436 2894 νώσκομεν,
2465 2825 2591 2878 ὅταν
2627 2826 2974 2897 ἐπικρατήσῃ
3016 2843 3067 2880 τι
3092 2825 3294 2880 τούτων
3325 2826 3712 2898 ἡσυχαζόντων

2133 2914 2239 2968 τῶν
2261 2915 2461 2985 ἄλλων;
2509 2915 2601 2980 Τίς
2632 2916 2688 2969 δὲ
2719 2918 2853 2980 ὅλως
2885 2919 2978 2972 καὶ
3009 2919 3042 2990 ἡ
3077 2918 3320 2982 σύνθεσις
3352 2920 3444 2971 καί⁵
3470 2921 3505 2990 ἡ
3527 2917 3712 2972 διάθε-

461 3004 771 3078 diligentes.
820 3002 1068 3058 dolentes
1097 3010 1152 3057 et
1195 3001 1518 3072 gaudentes,
1551 3005 1605 3053 et
1642 2997 1873 3051 aliorum
1916 3009 2029 3049 om-

2137 3024 2220 3070 σις
2247 3005 2382 3078 αὕτη
2407 3047 2420 3072 ,
2465 3009 2556 3061 καὶ
2601 3008 2895 3072 πολύκενος
2923 3012 2979 3062 ὲν
3009 3012 3141 3081 ἡμῖν
3184 3010 3495 3082 εὐρυχωρία
3521 3049 3535 3071 ,
3571 3009 3713 3064 ῶστε

459 3098 611 3152 nium
641 3095 932 3153 confusum
968 3103 1024 3150 et
1053 3095 1372 3164 permistum
1402 3091 1550 3145 intus
1583 3095 1788 3142 motum
1821 3085 2033 3141 haben-

460 3202 564 3255 tes,
597 3190 692 3247 sed
726 3188 1098 3261 particulatim
1133 3187 1378 3258 ipsorum
1417 3182 1711 3254 potentiam
1745 3179 2036 3248 cognosci-

463 3299 608 3347 mus,
638 3299 763 3338 cum
801 3280 1007 3351 aliquid
1037 3281 1254 3342 horum,
1285 3276 1409 3330 aliis
1431 3272 1864 3346 quiescentibus,
1898 3267 2037 3340 prae-

462 3374 600 3430 valet
650 3381 705 3428 et
753 3372 1076 3441 exsuperat?
1125 3368 1384 3435 Quaenam
1444 3367 1663 3436 penitus
1710 3364 2038 3434 compositio

465 3465 580 3518 haec
615 3469 670 3518 et
704 3460 1016 3531 dispositio,
1062 3466 1226 3528 atque
1274 3457 1503 3510 multum
1554 3455 1733 3510 inanis
1779 3456 1832 3508 in
1879 3455 2036 3509 nobis

462 3554 705 3624 spatiosa
732 3551 1029 3624 capacitas,
1063 3549 1137 3604 ita
1169 3557 1228 3604 ut
1258 3549 1454 3618 cuique
1486 3547 1741 3618 proprius
1775 3547 1928 3601 locus
1966 3547 2038 3601 sit

465 3646 805 3717 assignatus,
838 3643 986 3699 velut
1019 3640 1348 3713 quibusdam
1390 3639 1586 3694 mediis
1628 3647 1680 3694 et
1731 3639 2036 3708 interjertis

465 3735 784 3807 scpimentis
823 3734 1105 3806 prohibito
1151 3731 1282 3786 ferri
1318 3728 1386 3783 ad
1430 3729 1593 3784 vicini
1645 3729 2036 3783 commercium

461 3839 519 3884 et
547 3826 1027 3886 eommistionem?
1058 3824 1171 3880 Hoc
1217 3824 1384 3880 etiam
1419 3823 1597 3893 ipsum
1643 3822 1687 3877 si
1721 3837 1819 3892 per
1849 3835 2036 3876 essen-

464 3923 598 3976 tiam
633 3920 715 3974 ira
746 3919 1020 3984 subsistit,
1055 3917 1142 3972 vel
1172 3922 1372 3980 metus,
1393 3914 1476 3968 vel
1508 3913 1715 3981 reliqua
1742 3927 1862 3981 quae
1891 3910 2038 3964 dicta

465 4021 615 4082 sunt,
649 4012 735 4068 vel
757 4025 1005 4083 quamam
1033 4008 1307 4064 motiones
1332 4021 1437 4060 non
1466 4004 1832 4060 subsistentes
1862 4004 2038 4059 exsis-

465 4115 608 4173 tunt,
648 4107 774 4176 quis
828 4117 1009 4160 sermo
1058 4095 1468 4170 explanaverit?
1521 4093 1576 4148 Si
1629 4094 1775 4148 enim
1827 4108 1921 4163 per
1977 4107 2038 4148 se

465 4199 798 4261 subsistunt,
833 4211 944 4250 non
973 4208 1082 4248 una
1113 4197 1199 4247 est
1255 4189 1456 4254 anima,
1492 4186 1635 4243 sicut
1677 4185 1883 4241 dictum
1930 4193 2037 4250 est,

465 4290 562 4347 sed
603 4288 851 4359 quaedam
903 4285 1210 4340 animarmn
1266 4281 1322 4335 in
1360 4279 1520 4334 nobis
1570 4277 1740 4332 coitio
1786 4291 2036 4346 compre-

2136 3099 2349 3170 ἑκάστῳ
2379 3100 2476 3170 τὴν
2507 3099 2636 3153 ἰδίαν
2671 3100 2852 3172 χώραν
2886 3101 3280 3172 ἀποταχθῆναι,
3310 3098 3420 3154 οἷόν
3461 3117 3569 3154 τισι
3611 3101 3714 3170 μέ·

2143 3206 2252 3253 σοις
2275 3190 2366 3243 καὶ
2395 3190 2797 3262 διατειχίσμασι
2819 3191 3144 3264 κωλυομένῳ
3169 3191 3303 3263 πρὸς
3318 3191 3414 3262 τὴν
3433 3190 3718 3261 ἐπιμιξίαν

2135 3281 2229 3333 τοῦ
2263 3281 2539 3349 γείτονος;
2570 3282 2711 3336 Αὐτὸ
2738 3282 2793 3335 δὲ
2825 3281 3002 3347 τοῦτο,
3030 3284 3079 3336 εί
3113 3284 3230 3336 κατ’
3265 3283 3453 3337 οὐσίαν
3479 3282 3718 3351 ὑφέστη-

2138 3388 2230 3424 κεν
2255 3373 2283 3423 ὁ
2327 3371 2525 3442 θυμὸς,
2555 3372 2587 3442 ἢ
2612 3374 2640 3425 ὁ
2665 3373 2844 3441 φόϐος,
2873 3375 2906 3444 ἢ
2947 3375 3039 3428 καὶ
3071 3375 3136 3428 τὰ
3163 3374 3325 3428 λοιπὰ
3355 3375 3465 3428 τῶν
3496 3374 3718 3445 εἰρημέ-

2137 3480 2260 3527 νων,
2296 3463 2329 3533 ἧ
2360 3480 2502 3525 τινες
2541 3464 2903 3518 ἀνυπόστατοι
2927 3468 3163 3536 κινήσεις
3187 3466 3546 3537 τυγχάνουσι,
3578 3466 3659 3529 τίς
3689 3466 3720 3518 δ

2136 3553 2528 3624 διερμηνεύσας
2574 3554 2762 3622 λόγοςς
2799 3557 2862 3608 Εἰ
2907 3556 3004 3625 μὲν
3042 3557 3149 3627 γὰρ
3200 3558 3597 3628 ύξρεστήκασιν,
3650 3556 3715 3609 οὐ

2141 3638 2236 3707 μία
2294 3638 2472 3710 ψυχὴ,
2528 3641 2708 3705 καοὼς
2771 3641 3026 3714 εἴρηται,
3071 3643 3207 3698 ἀλλά
3253 3661 3306 3696 τι
3357 3646 3715 3715 συγκρότημα

2136 3729 2321 3801 ψυχῶν
2357 3733 2414 3786 ἐν
2457 3733 2586 3803 ἡμῖν
2631 3733 3049 3805 περιείληπται,
3101 3734 3331 3787 ἐκάστου
3381 3733 3587 3786 τούτων
3634 3735 3716 3796 εἰς

2140 3821 2442 3886 ἰδιάζουσαν
2480 3825 2573 3878 καὶ
2605 3826 3121 3897 περιγεγραμμένην
3149 3825 3324 3896 ψυχὴν
3353 3824 3722 3894 ἀποκεκριμέ·

2137 3930 2250 3969 νου.
2305 3913 2367 3967 Ei
2419 3914 2474 3968 δέ
2514 3933 2635 3969 τινα
2690 3916 2904 3988 κίνησιν
2937 3917 3303 3971 ἀνυπόστατον
3351 3916 3561 3970 οἴεσθαι
3609 3918 3719 3990 χρὴ

2137 4005 2310 4059 ταῦτα
2331 4001 2491 4073 εῖναι,
2524 4007 2638 4070 πῶς
2660 4012 2993 4079 κατακρατεί
3017 4009 3108 4062 καί
3125 4010 3438 4062 δυναστεύει
3473 4011 3504 4079 ἡ
3514 4009 3631 4080 μῶν
3658 4012 3722 4063 τὸ

2139 4097 2504 4171 ἀνύπαρκτον,
2544 4099 2799 4173 καθάπερ
2833 4102 2896 4154 ἐκ
2937 4103 3245 4174 τυραννίδος
3273 4103 3421 4173 ἡμᾶς
3449 4102 3723 4158 δουλωσά-

2141 4205 2323 4258 μενον,
2369 4190 2561 4260 ὅτιπερ
2592 4189 2656 4243 ἃν
2700 4190 2904 4246 τούτων
2942 4192 3365 4262 κατακρατῆσαν
3392 4190 3567 4264 etim;
3604 4192 3717 4244 Καὶ

2139 4281 2187 4332 εἰ
2207 4279 2393 4350 νοητόν
2415 4279 2466 4332 τί
2483 4281 2628 4333 ἐστιν
2658 4282 2688 4350 ή
2715 4280 2880 4351 ψυχὴ,
2910 4282 3027 4345 πῶς
3054 4284 3110 4335 ἐν
3135 4281 3212 4352 τῷ
3233 4282 3406 4353 νοητῷ
3433 4281 3721 4350 θεωρεῖται

465 4385 638 4440 liensa
675 4388 784 4445 est,
827 4394 953 4435 cum
991 4378 1186 4432 horum
1236 4373 1478 4444 quidque
1508 4373 1561 4426 in
1602 4369 1950 4441 peculiarem,
1983 4379 2029 4424 et

2142 4369 2204 4423 τὸ
2238 4369 2540 4443 πολυμερὲς
2581 4388 2636 4424 τε
2679 4372 2773 4426 καὶ
2815 4372 3085 4437 σύνθετον,
3130 4374 3276 4438 ἰδίως
3312 4375 3410 4445 τῆς
3450 4377 3719 4447 τοιαύτης

464 4469 936 4539 circumscriptam
990 4468 1226 4519 animam
1267 4470 1536 4518 secretum
1587 4463 1660 4516 sit
1714 4475 1776 4516 ac
1806 4459 2045 4515 distinc-

467 4571 605 4618 tum.
647 4561 804 4629 Quod
834 4561 882 4617 si
923 4557 1217 4630 quamdam
1258 4555 1554 4610 motionem
1584 4567 1706 4623 qua!
1744 4553 2046 4608 subsistere

468 4662 730 4726 nequeat,
772 4654 888 4708 haec
935 4667 1037 4707 nos
1071 4658 1263 4721 putare
1297 4656 1548 4717 oportet;
1581 4643 1855 4714 quomodo
1901 4644 2046 4715 quod

470 4761 580 4802 non
613 4744 986 4802 essentialiter
1018 4741 1268 4805 exsistit,
1300 4739 1461 4793 nobis
1495 4737 1806 4791 dominatur
1850 4745 1904 4791 et
1941 4737 2043 4790 im-

420 4828 428 4837 ’
471 4847 646 4910 perat,
689 4846 946 4907 tanquam
993 4850 1057 4890 ex
1112 4831 1400 4904 tyrannide
1451 4844 1552 4884 nos
1604 4829 1658 4882 in
1716 4829 2036 4884 servitutem

471 4931 716 4993 trahens,
768 4926 1136 4998 quodcunque
1195 4923 1388 4976 horum
1443 4919 1824 4991 praevaluerit?
1874 4918 1938 4972 Et
1992 4920 2038 4975 si

472 5022 654 5076 anima
683 5018 816 5090 quid
857 5026 943 5072 est
983 5015 1129 5086 quod
1165 5022 1344 5068 mente
1380 5011 1730 5080 percipiatur,
1763 5010 2040 5082 quomodo

474 5113 529 5167 in
561 5109 916 5182 intelligibili,
952 5105 1097 5177 quod
1127 5104 1317 5158 multis
1345 5101 1640 5156 conﬂatum
1675 5110 1758 5156 cst
1792 5101 2039 5170 partibus

472 5210 529 5256 ct
547 5200 933 5272 compositum,
965 5204 1141 5266 potest
1177 5191 1541 5254 considerari,
1573 5205 1698 5244 cum
1729 5190 1854 5245 talis
1888 5191 2038 5245 notio

2141 4461 2346 4524 ἐννοίας
2377 4462 2527 4532 παρὰ
2574 4461 2672 4526 τὰς
2704 4463 3017 4534 σωματικὰς
3049 4463 3250 4528 ταύτας
3273 4464 3560 4536 ποιότητας
3591 4467 3726 4520 Θεω-

2148 4553 2452 4624 ρουμένης;
2497 4554 2560 4606 Ἦ
2594 4554 2649 4608 δὲ
2682 4554 2943 4626 αὐξητικὴ
2974 4554 3199 4625 δύναμις
3227 4557 3324 4628 τῆς
3348 4557 3544 4628 ψυχῆς,
3586 4559 3620 4629 ἦ
3658 4576 3724 4611 τε

2141 4644 2430 4716 ὸρεκτικὴ,
2486 4645 2580 4698 καὶ
2631 4645 2920 4716 Θρεπτικὴ,
2958 4649 3052 4700 καὶ
3103 4648 3467 4720 ἀλλοιωτικὴ,
3518 4651 3616 4702 καὶ
3659 4651 3723 4703 τὸ

2143 4735 2318 4788 πάντα
2341 4735 2438 4804 μὲν
2462 4735 2530 4788 τὰ
2553 4737 2646 4789 τοῦ
2668 4737 2914 4808 σώματος
2940 4739 3254 4810 τρέφεσθαι,
3283 4741 3356 4812 μὴ
3385 4740 3470 4793 διὰ
3497 4741 3722 4794 πάντων

2142 4824 2198 4877 δὲ
2227 4825 2434 4896 διήκειν
2479 4825 2576 4899 τὴν
2625 4829 2904 4900 αἴσθησιν·
2940 4830 3054 4883 ἀλλ’
3097 4831 3293 4902 ἐπίσης
3337 4834 3458 4894 τοῖς
3485 4831 3724 4902 ἀψύχοις

2143 4915 2262 4971 ἔνια
2292 4919 2400 4970 τῶν
2446 4919 2504 4971 ὲν
2546 4921 2677 4991 ἡμῖν
2704 4921 2951 4992 ἀμοιρεῖν
2997 4923 3100 4993 τῆς
3126 4924 3427 4994 αἰσθήσεως
3456 4963 3472 4982 .
3512 4924 3726 4977 ὀστέων

2144 5013 2237 5065 καὶ
2266 5013 2522 5084 χόνδρων,
2557 5014 2763 5084 ὀνύχων
2797 5033 2856 5070 τε
2886 5017 2979 5071 καὶ
3005 5017 3226 5088 τριχῶν,
3253 5017 3346 5073 καὶ
3367 5017 3726 5089 τρεφομένων

2143 5103 2236 5156 καὶ
2270 5104 2369 5157 οὐκ
2401 5104 2818 5176 αἰσθανομένων.

478 5295 690 5366 absque
717 5289 1000 5364 corporeis
1046 5289 1134 5343 bis
1200 5285 1556 5357 qualitatibus
1596 5283 1813 5354 proprie
1859 5284 2093 5353 spectari
2135 5286 2371 5346 debeat?
2414 5290 2480 5345 Et
2513 5293 2721 5346 auctrix
2764 5291 2958 5345 animae
2999 5289 3261 5361 potentia,
3311 5299 3366 5346 et
3399 5291 3720 5362 appetitrix,

477 5397 532 5442 et
561 5387 744 5454 altrix,
801 5395 856 5441 et
897 5383 1261 5445 immutatrix,
1308 5387 1361 5435 et
1394 5377 1536 5450 quod
1589 5377 1773 5432 omnia
1824 5377 2042 5447 quidem
2083 5385 2329 5452 corporis
2360 5387 2600 5440 membra
2636 5385 2973 5449 nutriuntur,
3001 5401 3106 5441 non
3133 5394 3315 5438 tamen
3375 5399 3471 5452 per
3533 5383 3725 5436 omnia

479 5493 680 5536 sensus
715 5485 989 5550 penetrat,
1031 5477 1128 5533 sed
1164 5489 1318 5544 aeque
1360 5489 1424 5528 ac
1469 5486 1591 5541 quae
1657 5479 1784 5525 sunt
1827 5471 2089 5536 inanima,
2146 5478 2407 5533 nonnulla
2453 5479 2507 5534 in
2551 5480 2712 5535 nobis
2751 5493 2914 5534 sensu
2965 5485 3179 5544 carent,
3224 5473 3536 5547 cujusmodi
3590 5480 3729 5529 sunt

479 5587 630 5637 ossa,
660 5574 1026 5643 cartilagines,
1063 5585 1296 5642 ungues,
1325 5579 1377 5623 et
1407 5568 1520 5638 pili,
1551 5581 1673 5637 quae
1697 5567 1920 5619 aluntur
1943 5581 2045 5620 nec
2078 5570 2338 5626 sentiunt.

549 5663 997 5732 Semipcrfcctam
1049 5666 1218 5736 igitur
1265 5663 1460 5717 anima:
1491 5660 1884 5731 olicrationcm,
1923 5660 2029 5731 qui:

2223 5671 2331 5743 Τὴν
2355 5671 2446 5729 οὖν
2464 5671 2690 5744 ἡμιτελῆ
2721 5671 2820 5742 τῆς
2847 5668 3022 5741 ψυχῆς
3049 5665 3143 5722 ἐπὶ
3171 5663 3374 5721 τούτων
3436 5661 3725 5732 ἐνέργειαν
