4002 6218
281 285 386 342 9-59

1408 278 1684 335 coarua
1722 268 2112 348 auuou‘mu.
2154 279 2284 336 Lm.
2327 281 2441 337 xu.

3440 287 3542 340 950

280 393 366 456 τίς
401 395 430 446 6
461 395 832 465 κατανοήσας,
858 393 976 448 είπέ
1008 410 1132 465 μοι;
1161 394 1269 449 Καὶ
1308 395 1360 447 τί
1391 394 1520 465 περ)⁵
1549 393 1646 464 τῆς
1687 393 1861 464 ψυχῆς

1972 403 2055 450 est
2088 395 2179 450 ille
2209 395 2302 466 qui
2345 397 2516 464 novit,
2549 397 2637 452 dic
2680 398 2850 452 mihi?
2877 397 2940 452 Et
2972 397 3103 468 quid
3133 398 3202 456 de
3230 397 3416 454 anima
3462 403 3539 459 lo-

279 485 426 552 λέγω
441 501 457 551 ;
490 485 630 538 Ἀλλ’
651 486 768 538 οὐδὲ
785 489 882 557 τῆς
897 486 1095 558 σαρκὸς
1108 486 1278 556 αὐτῆς
1296 487 1395 549 τὰς
1413 485 1728 557 σωματικὰς
1744 487 1866 541 ἀνα-

280 577 624 648 δεδειγμένον
641 579 928 650 ποιότητας
941 581 1160 652 ἐναργεῖ
1171 597 1273 632 τινι
1285 579 1583 650 καταλήψει
1599 579 1759 650 μέχρι
1770 577 1864 632 τοῦ

283 668 446 740 δεῦρο
479 669 797 742 τεθήραται.
839 671 962 724 Ἑάν
978 672 1086 743 γάρ
1113 689 1196 736 τις
1210 671 1288 742 τῷ
1305 671 1447 741 λόγῳ
1461 672 1521 724 τὸ
1545 671 1865 742 φαινόμενον

285 762 365 824 είς
383 761 453 815 τά
468 760 526 827 ἐξ
541 755 615 814 ὧν
634 762 920 830 σύγκειται
936 762 1184 835 διαλύσῃ,
1209 765 1303 816 καὶ
1317 762 1558 834 ψιλώσας
1582 764 1690 816 τῶν
1713 779 1864 816 ποιο-

282 855 461 924 τήτων
477 855 562 924 ἐφ’
580 855 776 910 ἐαυτοῦ
793 856 1125 927 κατανοῆσαι
1144 855 1563 930 φιλονεικὴσῃτὸ
1579 857 1770 911 ὑποκεί
1777 874 1866 927 με-

283 962 393 1006 νον,
411 946 465 999 τί
481 945 954 1018 καταληφθήσεται
968 950 1033 1018 τῇ
1053 946 1256 1020 θεωρίᾳ
1269 949 1328 1001 οὑ
1343 948 1743 1019 συνορῶ.”οταν
1754 948 1824 1016 γά
1831 965 1864 1018 ρ

282 1036 461 1110 ἀφέλῃ
496 1036 586 1090 τοῦ
610 1031 870 1108 σώματος’
883 1037 940 1090 τὸ
965 1039 1185 1109 χρῶμα,
1203 1039 1264 1092 τὸ
1291 1040 1496 1110 σχῆμα,
1522 1040 1621 1111 τὴν
1643 1041 1863 1093 ἀντιτυο

283 1127 434 1194 πίαν,
471 1129 530 1181 τὸ
555 1128 740 1200 βάρος.
766 1130 863 1202 τὴν
889 1131 1243 1202 πηλικότητα,
1273 1131 1370 1202 τὴν
1389 1133 1480 1186 ἐπὶ
1499 1131 1664 1185 τόπου
1691 1132 1860 1200 θέσιν,

210 1283 221 1291 _
279 1220 382 1291 τὴν
399 1219 629 1291 κίνησιν,
641 1222 741 1294 τὴν
758 1222 1067 1293 παθητικήν
1077 1240 1135 1275 τε
1157 1224 1248 1276 καὶ
1261 1221 1640 1294 ἐνεργητικὴν,
1655 1221 1714 1274 τὸ
1726 1227 1864 1293 πρός

283 1312 336 1365 τί
389 1330 505 1376 πως
549 1311 727 1383 ἔχειν·
761 1307 836 1368 ὧν
873 1315 1101 1368 ἕκαστον
1146 1316 1300 1369 οὐδὲν
1351 1317 1437 1384 ἐφ’
1469 1313 1660 1368 ἑαυτοῦ
1702 1314 1862 1384 σῶμά

1966 487 2143 557 quor?
2171 485 2276 542 Sed
2312 503 2488 558 neque
2513 489 2698 543 carnis
2716 489 2893 558 ipsius
2918 504 3221 560 corporeas
3243 491 3543 560 qualitates

1966 579 2373 635 demonstratas
2407 579 2647 635 evidenti
2676 581 2858 650 aliqua
2897 589 2952 636 et
2981 583 3131 636 clara
3177 584 3542 654 comprehen-

1965 673 2122 726 sione
2162 681 2392 727 venatus
2418 679 2523 729 est.
2557 672 2613 728 Si
2661 675 2805 728 enim
2837 674 2962 744 quis
2996 675 3230 739 ratione,
3269 675 3417 746 quod
3445 692 3542 748 ap-

1968 771 2121 833 paret
2172 762 2226 816 in
2259 777 2320 818 ea
2349 778 2415 818 ex
2452 764 2653 833 quibus
2699 765 3070 835 componitur,
3113 764 3446 843 dissolverit,
3486 774 3540 823 et

1964 855 2271 924 subjectum
2291 856 2646 925 qualitatibus
2674 857 3010 912 denudatum
3046 857 3099 911 in
3123 858 3306 928 seipso
3341 874 3541 930 cogno-

1966 961 2126 1002 scere
2185 947 2548 1014 contenderit,
2597 947 2727 1017 quid
2759 948 2861 1002 hac
2890 948 3262 1018 speculatione
3289 963 3539 1019 compre-

1918 1096 1938 1113 ἱ
1963 1036 2222 1092 benderit
2254 1052 2363 1092 non
2409 1037 2586 1092 video.
2617 1036 2752 1092 Cum
2785 1037 2930 1092 enim
2965 1053 2994 1091 a
3026 1053 3258 1109 corpore
3293 1039 3538 1095 colorem

1965 1136 2022 1184 et
2069 1129 2297 1201 ﬁguram
2347 1129 2702 1195 abstraxerit,
2753 1130 3099 1199 gravitatem,
3150 1130 3536 1202 quantitatem,

1961 1221 2128 1278 situm
2170 1223 2224 1276 in
2260 1221 2400 1284 loco,
2443 1231 2648 1277 motum
2687 1221 2966 1292 passivum
3008 1232 3063 1278 et
3091 1223 3354 1289 activum,
3392 1223 3537 1278 rela-

1961 1315 2164 1367 tionem
2211 1313 2277 1369 ad
2337 1315 2564 1384 aliquid,
2613 1329 2849 1384 quorum
2899 1299 3357 1386 unumquodque.
3378 1331 3444 1372 ex
3478 1332 3539 1372 se
3571 1303 3590 1330 '

285 1405 425 1469 ἐστι,
470 1405 598 1474 περὶ
630 1405 688 1458 δὲ
709 1405 769 1458 τὸ
803 1405 964 1476 σῶμα
1009 1405 1075 1459 τὰ
1115 1406 1314 1470 πάντα,
1345 1406 1398 1458 τί
1442 1405 1628 1458 λοιπὸν
1653 1405 1804 1459 ἔσται
1831 1405 1860 1459 ὃ

1964 1418 2161 1474 corpus
2191 1418 2298 1458 non
2328 1414 2431 1466 est,
2471 1406 2583 1459 haec
2607 1412 2789 1460 tamen
2815 1404 2999 1459 omnia
3033 1405 3089 1460 in
3122 1420 3355 1476 corpore
3377 1421 3536 1476 spec-

283 1487 374 1542 τῦν
413 1490 506 1543 τοῦ
557 1490 807 1562 σώματος
856 1493 1069 1563 δέχεται
1101 1493 1302 1562 λόγον;
1345 1496 1482 1549 Οὔτε
1529 1495 1598 1548 δι’
1645 1495 1859 1550 ἑαυτῶν

1964 1498 2166 1557 tantur,
2197 1491 2331 1562 quid
2366 1494 2636 1563 reliquum
2665 1495 2792 1559 erit,
2823 1492 2970 1564 quod
2993 1495 3240 1564 corporis
3270 1495 3535 1550 rationem

283 1581 518 1635 συνιδεῖν
574 1581 808 1652 ἔχομεν,
875 1581 998 1638 οὔτε
1047 1585 1198 1656 παρά
1256 1588 1355 1657 τῆς
1405 1586 1628 1657 Γραφῆς
1683 1603 1861 1657 μεμα-

1964 1583 2213 1654 suscipit,
2245 1599 2421 1654 neque
2447 1599 2542 1653 per
2570 1599 2670 1638 nos
2700 1583 2852 1654 ipsos
2884 1584 3186 1654 intelligere
3219 1599 3537 1655 possumus,

283 1672 553 1743 θήκαμεν.
601 1675 660 1726 '0
697 1675 740 1727 δ’
766 1675 956 1728 ἐαυτὸν
985 1675 1217 1743 ἀγνοῶν,
1252 1675 1370 1739 πῶς
1401 1675 1466 1729 ἀν
1489 1694 1542 1729 τι
1579 1676 1687 1729 τῶν
1721 1676 1861 1748 ὑπὲρ

1964 1690 2137 1744 neque
2163 1689 2229 1729 ex
2265 1674 2552 1744 Scriptura
2576 1674 2892 1730 didicimus.
2932 1675 3036 1742 Qui
3075 1683 3257 1729 autem
3294 1675 3536 1744 seipsum

283 1762 446 1815 αὑτὸν
475 1763 722 1835 ἐπιγνοίη
745 1780 760 1828 ;
792 1765 902 1817 Καὶ
929 1767 957 1818 ὁ
985 1768 1050 1836 τῇ
1077 1765 1203 1837 περὶ
1231 1766 1396 1820 αὑτοῦ
1432 1767 1624 1839 ἀγνοίᾳ
1648 1745 1860 1839 προσει-

1965 1767 2203 1837 ignorat,
2261 1767 2537 1837 quomodo
2589 1767 2888 1836 quidquam
2951 1783 3141 1823 eorum
3205 1783 3326 1836 quae
3371 1783 3545 1838 supra-

281 1852 539 1923 θισμένος
558 1894 574 1918 ,
605 1851 714 1924 ἆρα
767 1857 888 1927 οὐχὶ
931 1858 1180 1929 φανερῶς
1213 1859 1280 1912 δι’
1311 1860 1473 1914 αὑτοῦ
1499 1862 1688 1913 τούτου
1717 1860 1863 1914 διδά-

283 1962 476 2000 σκεται
495 1947 630 2017 πρὸς
663 1947 827 2018 μηδὲν
849 1948 956 2001 τῶν
986 1949 1181 2014 ἔξωθεν
1206 1953 1707 2023 ἀποκεκρυμμένων
1723 1952 1863 2020 ξενί-

279 2036 340 2103 ζε
351 2038 475 2092 σθαι
496 2055 511 2104 ;
533 2039 630 2092 Διά
654 2040 814 2094 τοῦτο
837 2041 930 2094 καὶ
957 2043 1026 2095 τὰ
1047 2042 1140 2095 τοῦ
1164 2043 1370 2114 κόσμου
1394 2047 1648 2115 στοιχεῖα,
1672 2048 1736 2116 τῇ
1763 2045 1860 2115 μὲν

280 2129 531 2200 αἰσθήσει
571 2127 822 2184 τοσοῦτον
860 2134 1220 2204 γινώσκομεν,
1251 2135 1376 2186 ὅσον
1405 2133 1466 2187 τὸ
1506 2136 1598 2204 ἀφ’
1628 2136 1860 2189 ἑκάστου

280 2221 558 2290 χρήσιμον
591 2220 727 2291 πρὸς
765 2219 862 2291 τὴν
892 2222 1035 2292 ζωὴν
1060 2222 1216 2292 ήμῶν
1247 2222 1514 2292 δέχεσθαι.
1547 2223 1650 2275 Τὸν
1675 2222 1730 2275 δὲ
1763 2223 1862 2293 τῆς

277 2309 470 2373 οὐσίας
501 2311 679 2365 αὐτῶν
712 2311 900 2380 λόγον,
932 2311 1054 2365 οὔτε
1095 2312 1391 2384 ἐμάθομεν,
1418 2311 1546 2367 οὗτε
1570 2313 1631 2366 τὸ
1781 2316 1859 2366 εί-

276 2400 428 2455 δὲναι
455 2401 658 2472 ζημίαν
687 2402 1007 2473 ποιούμεθα.
1041 2404 1106 2456 Τί
1134 2403 1242 2475 γάρ
1273 2421 1363 2475 μοι
1390 2403 1860 2476 πολυπραγμονεῖν

277 2495 378 2549 τοῦ
407 2497 576 2566 πυρὸς
592 2496 689 2566 τὴν
714 2495 896 2564 φύσιν,
923 2495 1038 2560 πῶς
1059 2495 1389 2566 ἐκτρίϐεται,
1412 2497 1529 2560 πῶς
1548 2497 1859 2565 ἐξάπτεται,

278 2584 403 2650 πῶς
439 2590 538 2657 τῆς
583 2587 992 2658 παρακειμένης
1027 2587 1395 2658 δρασσόμενον
1423 2587 1588 2654 ὕλης,
1619 2589 1680 2642 οὐ
1727 2590 1861 2661 πρό-

275 2696 442 2752 τερον
477 2681 785 2750 ἀποχωρεῖ,
817 2680 944 2751 πρὶν
976 2678 1261 2748 διαφαγεῖν
1299 2680 1394 2734 καὶ
1434 2679 1771 2745 ἐξαναλῶσαι
1799 2681 1861 2734 τδ

273 2771 682 2842 ὑποκείμενονς
715 2771 835 2834 πῶς
860 2770 1110 2825 λανθάνει
1157 2773 1185 2824 6
1219 2771 1452 2842 σπινθὴρ
1493 2771 1570 2842 τῷ
1611 2771 1742 2843 λίθῳ
1770 2774 1862 2842 ἐγ-

274 2861 533 2933 κείμενος
555 2879 570 2927 ;
600 2862 724 2926 Πῶς
747 2863 952 2934 ψυχρὸς
969 2863 1043 2916 ῶν
1070 2865 1180 2926 τοῖς
1209 2863 1534 2934 ἁπτομένοις
1557 2866 1585 2917 ὁ
1621 2863 1858 2936 σίδηρος,

1963 1865 2093 1912 sunt
2149 1858 2326 1927 ipsum
2380 1857 2712 1927 cognoscat?
2758 1857 2860 1923 Qui
2915 1873 3046 1912 vero
3093 1859 3418 1928 ignorantiae
3452 1860 3537 1916 sui

1962 1947 2140 2018 ipsius
2171 1957 2256 2004 est
2288 1948 2653 2011 assuefactus,
2687 1962 2869 2002 annon
2913 1963 3010 2017 per
3044 1949 3149 2004 hoc
3171 1950 3350 2018 ipsum
3373 1949 3538 2005 doce-

1963 2049 2072 2105 tur,
2106 2055 2167 2096 se
2217 2039 2285 2093 ad
2327 2039 2462 2092 nihil
2513 2053 2703 2094 eorum
2751 2054 2873 2108 qua:
2906 2038 3248 2095 extrinsecus
3291 2046 3420 2094 sunt
3445 2054 3538 2094 oc-

1961 2132 2110 2188 eulta
2159 2141 2214 2186 et
2256 2130 2441 2186 abdita
2487 2129 2757 2186 diversari
2798 2137 2853 2186 et
2890 2130 3194 2201 hospitari?
3242 2129 3536 2201 Propterea

1962 2231 2016 2280 et
2069 2222 2262 2277 mundi
2311 2222 2582 2278 elementa
2639 2237 2805 2278 sensu
2857 2221 3245 2292 cognoscimus
3299 2231 3534 2285 tantum.

1962 2323 2230 2386 quantum
2275 2330 2344 2370 ex
2379 2329 2711 2385 unoquoque
2761 2315 3189 2370 emolumentum
3240 2313 3310 2369 ad
3370 2314 3534 2369 vitam

1962 2415 2207 2461 nostram
2236 2407 2361 2460 licet
2391 2406 2690 2476 percipere.
2732 2405 2998 2462 Essentiaa
3028 2421 3158 2463 vero
3180 2405 3426 2477 ipsorum
3456 2420 3540 2460 ra-

1964 2497 2188 2560 tionem,
2223 2512 2400 2568 neque
2431 2496 2744 2562 didicimus,
2791 2513 2966 2568 neque
3010 2498 3229 2553 nescire
3275 2497 3536 2552 damnum

1963 2588 2223 2646 facimus.
2254 2587 2395 2655 Quid
2423 2590 2569 2644 enim
2604 2589 2738 2643 mihi
2781 2589 3004 2658 prodest
3033 2589 3252 2644 curiose
3289 2598 3345 2643 et
3373 2587 3540 2644 anxie

1961 2681 2284 2754 perquirere
2347 2681 2488 2752 ignis
2543 2688 2817 2746 naturam,
2885 2680 3162 2751 quomodo
3200 2679 3536 2744 extenditur,

1961 2770 2236 2841 quomodo
2271 2771 2615 2835 accenditur,
2656 2769 2935 2844 quomodo
2977 2771 3214 2826 oblatam
3249 2770 3536 2824 materiam

1961 2860 2120 2915 avide
2146 2859 2386 2943 rapiens,
2417 2875 2524 2914 non
2555 2861 2708 2930 prius
2737 2859 3006 2927 abscedit,
3036 2875 3197 2930 quam
3228 2859 3375 2929 quod
3404 2859 3537 2915 sub-

273 2952 555 3024 άπογεννᾷ
591 2951 688 3024 τὴν
720 2953 926 3023 φλόγας
955 2953 1080 3017 Πῶς
1110 2954 1404 3025 τριϐόμενα
1428 2955 1561 3026 πρὸς
1599 2956 1768 3010 ἐαυτά
1792 2957 1860 3010 τά

1964 2951 2166 3020 iectum
2209 2961 2317 3018 est,
2368 2952 2684 3008 exhauserit
2731 2961 2785 3008 et
2818 2951 3222 3022 absumpserit?
3253 2950 3540 3017 Quomodo

272 3040 414 3106 ξύλα
456 3040 564 3113 πῦρ
609 3040 970 3107 ἀνάπτουσινς
1004 3042 1129 3105 Πῶς
1173 3043 1493 3111 ἀπαυγάζον
1529 3045 1586 3097 ἐν
1635 3044 1770 3116 ἡλίῳ
1799 3045 1859 3098 τὸ

1964 3044 2094 3098 latet
2128 3042 2184 3097 in
2229 3043 2382 3099 venis
2415 3044 2588 3098 silicis
2629 3045 2884 3098 abstrusa
2941 3043 3204 3107 scintilla,
3261 3039 3538 3112 quomodo

273 3135 428 3204 ὓδωρ
453 3134 625 3202 φλόγα
654 3136 834 3198 ποιεῖ;
863 3132 973 3204 Τῆς
1000 3150 1060 3186 τε
1085 3133 1178 3186 ἐπὶ
1206 3132 1266 3185 τὸ
1295 3133 1407 3187 ἀνω
1436 3135 1607 3204 φορᾶς
1643 3134 1740 3204 τὴν
1773 3136 1858 3189 αῖ-

269 3224 423 3284 τίαν.
483 3224 575 3277 καὶ
617 3225 717 3296 τὴν
762 3224 1071 3293 ἀεικίνητον
1111 3223 1368 3296 δύναμιν,
1419 3225 1513 3277 κα)⁵
1566 3225 1746 3278 πάντα
1787 3225 1857 3278 τὰ

270 3317 506 3372 τοιαῦτα
553 3317 814 3387 παρέντες
845 3317 1316 3387 πολυπραγμονεῖν
1340 3334 1400 3370 τε
1435 3317 1528 3370 καὶ
1562 3317 1856 3382 ἐξετάζειν,

277 3406 444 3478 μόνον
473 3406 534 3460 τδ
549 3407 641 3460 ἀπ’
659 3405 824 3460 αὐτοῦ
845 3407 1114 3477 χρήσιμον
1135 3407 1214 3468 είς
1241 3406 1332 3458 τὸν
1363 3405 1477 3476 βίον
1499 3407 1678 3459 αὐτῶν
1703 3407 1858 3478 ἐνοή-

273 3513 486 3568 σαμεν·
513 3498 712 3561 εἰδότες
738 3499 818 3551 ὅτι
849 3499 998 3550 οὐδὲν
1021 3497 1238 3550 ἔλαττον
1262 3497 1372 3568 ἔχει
1393 3496 1489 3552 τοῦ
1536 3495 1856 3570 πολυπραγ-

275 3590 570 3662 μονοῦντος
592 3631 608 3657 ,
641 3590 670 3641 6
701 3590 1071 3662 ἀπραγμόνως
1102 3589 1201 3661 τὴν
1241 3589 1509 3660 ὠφέλειαν
1551 3591 1855 3661 δεχόμενος.

1962 3131 2166 3186 f.rrum
2206 3148 2329 3186 cum
2389 3133 2462 3186 sit
2515 3133 2863 3202 tangentibus
2918 3131 3204 3204 frigidum,
3262 3131 3535 3184 ﬂammam

1959 3223 2109 3278 elicit
2153 3232 2206 3277 et
2232 3224 2494 3294 generat?
2540 3221 2829 3289 Quomodo
2860 3223 3005 3293 ligna
3058 3222 3202 3277 inter
3242 3235 3302 3276 se
3350 3219 3535 3274 attrita

1960 3315 2141 3386 ignem
2173 3317 2519 3370 accendunt?
2563 3315 2848 3382 Quomodo
2880 3317 2934 3369 in
2974 3315 3090 3370 sole
3125 3328 3266 3384 aqua
3293 3312 3540 3382 resplen-

1957 3408 2094 3462 deus
2128 3408 2309 3477 ignem
2347 3406 2523 3462 facit?
2552 3415 2605 3462 et
2641 3407 2865 3462 lationis
2897 3421 3118 3463 sursum
3163 3420 3286 3475 quae
3316 3403 3374 3458 tit
3409 3417 3541 3458 cau-

1958 3512 2078 3554 sam
2115 3507 2170 3554 et
2199 3497 2308 3553 vim
2355 3513 2573 3568 semper
2607 3498 2890 3562 mobilem,
2934 3505 2990 3554 et
3036 3497 3221 3552 omnia
3270 3493 3539 3565 ejusmodi

1966 3591 2185 3646 curiose
2215 3590 2497 3662 indagare,
2529 3599 2583 3646 et
2621 3591 2781 3646 anxie
2811 3591 3092 3661 inquirere
3123 3588 3542 3660 praetermitten-

271 3692 385 3748 tes,
419 3691 632 3736 tantum
669 3683 815 3753 quod
845 3698 911 3736 ex
947 3683 1067 3752 ipso
1115 3683 1546 3738 emolumentum
1591 3683 1711 3752 capi
1757 3691 1959 3753 potest,
1997 3683 2064 3738 ad
2092 3683 2259 3737 vitam
2324 3692 2570 3738 nostram
2642 3683 3020 3753 cognovimus,
3091 3681 3329 3736 scientes
3397 3677 3542 3747 quod

272 3779 416 3835 nihil
448 3779 629 3834 minus
651 3779 876 3833 curioso
907 3779 1235 3848 inquisitore
1256 3777 1420 3833 habet
1449 3779 1562 3841 ille,
1593 3779 1686 3849 qui
1719 3779 1929 3850 absque
1968 3778 2059 3832 tali
2090 3791 2224 3832 cura
2255 3785 2307 3832 et
2333 3777 2609 3831 anxietate
2640 3776 2929 3830 utilitatem
2958 3773 3126 3843 capit.

348 3874 454 3928 Διά
485 3874 642 3928 τοῦτο
688 3874 877 3946 ὥσπερ
922 3875 1172 3945 περιττόν
1221 3892 1274 3928 τι
1322 3874 1418 3928 κα)⁸
1471 3874 1746 3944 ἀνωφελὲς
1800 3875 1864 3930 τὸ

273 3967 410 4038 περὶ
441 3969 540 4037 τῆς
579 3965 768 4029 οὐσίας
796 3966 902 4018 τῶν
933 3965 1230 4034 γεγονότων
1263 3965 1567 4036 ἀδολεσχεῖν
1601 3967 1634 4036 ἡ
1673 3966 1860 4037 Γραφὴ

275 4057 523 4129 παρῆκε.
557 4058 663 4111 Καί
695 4075 784 4127 μοι
815 4058 961 4111 δοκεῖ
988 4059 1065 4111 ὃτι
1101 4060 1130 4112 6
1155 4057 1253 4128 τῆς
1285 4057 1511 4130 βροντῆς
1532 4057 1648 4120 υίὸς
1683 4058 1863 4111 Ἰωάν-

275 4164 379 4217 νης
415 4149 446 4199 6
491 4149 560 4218 τῇ
614 4147 996 4218 μεγαλοφωνίᾳ
1041 4147 1151 4203 τῶν
1203 4149 1322 4202 κατ’
1375 4148 1536 4202 αὑτὸν
1577 4148 1862 4219 δογμάτων

278 4239 639 4310 ὑπεῃχὴσας
667 4239 735 4294 τὰ
771 4240 1110 4311 προλαϐόντα
1158 4239 1512 4312 κηρύγματα,
1541 4241 1700 4295 τοῦτο
1742 4243 1864 4313 νοή-

278 4345 381 4393 σας
411 4331 508 4382 ἐπὶ
547 4330 689 4383 τέλει
723 4332 820 4401 τῆς
859 4332 1218 4402 εὐαγγελικῆς
1255 4333 1515 4404 ἱστορίας,
1559 4328 1711 4386 εἶπεν
1734 4350 1748 4364 ·
1783 4335 1866 4387 ὃτι

2038 3874 2404 3940 Quamobrem
2442 3879 2500 3926 ut
2534 3870 2871 3942 superﬂuum
2903 3877 2958 3925 et
2985 3865 3176 3922 inutile
3207 3865 3275 3920 de
3302 3861 3540 3918 essentia

1965 3983 2156 4025 eorum
2199 3982 2319 4038 quae
2348 3965 2493 4021 facta
2546 3971 2677 4019 sunt
2729 3960 2919 4032 nugari
2981 3957 3267 4026 Scriptura
3319 3964 3542 4025 praeter-

1966 4059 2135 4115 misit.
2162 4059 2240 4115 Ac
2271 4057 2402 4112 mihi
2442 4054 2660 4127 quidem
2704 4052 2920 4107 videtur
2961 4047 3107 4119 quod
3144 4045 3369 4101 tonitrui
3398 4044 3542 4099 titius

1964 4148 2225 4214 Joannes,
2257 4164 2379 4204 cum
2411 4160 2605 4217 magna
2633 4158 2765 4199 voce
2799 4156 3022 4198 suorum
3063 4139 3376 4210 dogmatum
3406 4150 3543 4207 pra:-

1967 4239 2214 4294 cedentia
2252 4236 2524 4308 praeconia
2559 4231 2910 4295 intonuisset,
2958 4229 3062 4284 hoc
3091 4227 3254 4283 etiam
3302 4227 3540 4287 novisse,

1969 4330 2099 4385 dum
2145 4331 2199 4384 in
2253 4329 2359 4384 (ine
2412 4325 2740 4396 evangelicae
2785 4319 3026 4384 historia;
3077 4319 3216 4374 dixit
3269 4319 3352 4385 ",
3395 4316 3543 4388 quod

278 4417 490 4473 Πολλά
522 4419 653 4472 ἐστι
698 4421 766 4474 τὰ
816 4421 932 4474 ὑπὸ
986 4420 1093 4475 τοῦ
1137 4423 1356 4490 Kvplov
1401 4423 1861 4492 γεγενημένα,ἇ‹

1972 4423 2141 4479 multa
2172 4423 2278 4476 sint
2309 4420 2421 4473 alia
2452 4434 2568 4487 qua:
2601 4434 2633 4470 a
2663 4415 2887 4469 Domino
2929 4421 3052 4467 sunt
3088 4412 3251 4481 facta,
3285 4425 3422 4480 qua,
3455 4409 3540 4461 in-

279 4525 439 4571 τινα,
489 4514 677 4582 φησιν.
715 4512 824 4566 ἐὰν
861 4513 1150 4583 γράφηται
1187 4514 1318 4570 καθ’
1353 4514 1444 4580 ἐν,
1501 4515 1644 4571 οὐδὲ
1681 4518 1861 4571 αὐτὸν

1964 4517 2102 4587 quit,
2129 4511 2340 4584 singula
2376 4511 2420 4565 si
2451 4508 2828 4572 scriberentur,
2859 4521 2920 4559 ne
2948 4505 3120 4573 ipsum
3153 4501 3360 4572 quidem
3393 4516 3546 4554 mun-

277 4604 446 4673 οἶμαι
472 4605 582 4658 τὸν
614 4605 847 4674 κόσμον
877 4604 1140 4674 χωρῆσαι
1168 4607 1241 4660 τὰ
1267 4608 1605 4678 γραφόμενα
1636 4607 1865 4672 βιϐλία.

276 4694 356 4748 οὐ
393 4693 574 4748 πάντα
614 4695 790 4749 ταῦτα
835 4695 1010 4764 λέγων
1057 4698 1197 4752 κατὰ
1243 4699 1340 4762 τάς
1385 4700 1554 4762 ἐάσεις
1597 4697 1864 4768 θαύματα,

276 4784 488 4839 τούτων
518 4786 626 4855 γάρ
667 4787 820 4840 οὐδὲν
850 4787 1061 4857 ἀφῆκεν
1105 4788 1511 4859 ἀμνημόνευτον
1555 4791 1589 4861 ὴ
1624 4789 1864 4860 ἱστορία⁶

279 4878 330 4930 εί
361 4877 459 4931 καὶ
510 4877 585 4949 μὴ
628 4879 715 4930 ἐπ’
745 4878 1008 4948 ὀνόματος
1049 4879 1267 4933 πάντων
1299 4881 1406 4934 τῶν
1459 4881 1865 4951 τεθεραπευμέ-

278 4985 387 5022 νων
409 4968 512 5038 τὴν
544 4969 764 5040 μνήμην
795 4970 1105 5040 πεποίηται.
1140 4971 1304 5024 Ὅταν
1325 4970 1433 5042 γὰρ
1459 4970 1607 5038 λέγει
1638 4970 1864 5042 νεκροὺς

280 5060 614 5132 ἐγείρεσθαι,
658 5061 889 5130 τυφλοὺς
937 5062 1297 5128 ἀναϐλέπειν,
1352 5062 1569 5131 κωφοὺς
1624 5062 1862 5128 ἀκούειν,

279 5151 492 5221 χωλοὺς
524 5155 864 5222 περιπατεῖν,
895 5153 990 5206 καὶ
1018 5153 1179 5207 πάλιν
1222 5152 1471 5208 ἰάσασθαι
1505 5153 1683 5206 πᾶσαν
1711 5152 1864 5206 νόσον

281 5242 376 5294 καὶ
413 5241 594 5293 πᾶσαν
628 5241 920 5311 μαλακίαν,
959 5242 1110 5295 οὐδὲν
1140 5242 1228 5295 διά
1273 5242 1476 5296 τούτων
1516 5241 1864 5312 ἀνιστόρητον

1964 4607 2092 4660 dum
2139 4604 2231 4674 qui
2273 4601 2625 4657 scriberentur
2663 4599 2823 4653 libros
2867 4612 3019 4666 posse
3065 4609 3249 4662 capere
3288 4592 3539 4646 arbitror.

1964 4698 2090 4753 time
2114 4697 2295 4752 omnia
2321 4709 2446 4749 cum
2475 4691 2634 4757 dixit,
2662 4706 2770 4744 non
2794 4688 3045 4758 intelligit
3077 4699 3346 4757 aegrorum
3381 4696 3544 4738 sana-

1965 4791 2175 4844 tionum
2211 4785 2498 4848 miracula,
2528 4783 2726 4838 horum
2756 4781 2901 4837 enim
2939 4779 3147 4834 nullum
3179 4792 3287 4832 non
3311 4788 3545 4830 comme-

1972 4887 2242 4935 moratum
2271 4875 2619 4947 praetermisit
2647 4873 2896 4937 historia,
2927 4871 3030 4927 etsi
3070 4884 3177 4924 non
3218 4863 3542 4922 nominatim

1971 4969 2218 5025 omnium
2259 4977 2578 5022 sanatorum
2622 4963 2954 5020 mentionem
3005 4959 3152 5016 fecit.
3215 4958 3351 5013 Cum
3394 4957 3539 5010 enim

1971 5063 2106 5119 dicit
2133 5069 2380 5117 mortuos
2406 5057 2756 5119 exsuscitari.
2791 5070 2970 5110 caecos
2993 5053 3197 5117 videre,
3229 5049 3427 5106 surdos
3446 5062 3542 5101 au-

1971 5155 2111 5221 dire,
2141 5153 2368 5210 claudos
2397 5150 2700 5212 ambulare,
2729 5156 2783 5203 et
2818 5161 3012 5201 rursus
3036 5157 3251 5198 onmem
3292 5137 3540 5194 morbum

1972 5253 2027 5300 et
2056 5246 2370 5315 languorem
2401 5256 2650 5305 sanasse,
2693 5240 2900 5294 nullum
2939 5251 3034 5308 per
3074 5234 3188 5289 haec
3216 5230 3540 5286 miraculum

278 5334 390 5387 τῶν
439 5333 732 5403 θαυμάτων
785 5335 1050 5399 ἀπέλιπε,
1099 5337 1217 5398 ταῖς
1267 5335 1581 5399 καθολικαῖς
1635 5334 1861 5398 ἐννοίαις

1964 5337 2204 5407 reliquit,
2238 5335 2400 5404 cujus
2425 5349 2536 5388 non
2569 5333 2642 5388 sit
2677 5330 2822 5386 facta
2860 5330 2914 5382 in
2947 5325 3179 5382 historia
3213 5334 3542 5377 commemo-

281 5425 675 5496 ἐμπεριλαϐὼν
706 5426 776 5480 τὰ
806 5428 926 5481 καθ’
956 5427 1205 5482 ἕκαστον.
1250 5427 1387 5481 Ἀλλ’
1426 5430 1600 5482 ἐκεῖνο
1625 5429 1760 5499 τάχα
1793 5427 1861 5500 τῷ

1964 5427 2123 5488 ratio,
2158 5423 2562 5480 universalibus
2623 5419 2835 5475 notitiis
2865 5413 3164 5486 singularia
3202 5411 3537 5482 complexus.

283 5514 441 5586 βάθει
467 5516 566 5586 τῆς
592 5516 846 5585 γνώσεως
879 5520 910 5572 6
938 5518 1325 5591 εὐαγγελιστὴς
1355 5519 1524 5589 λέγει,
1558 5522 1639 5577 ὅτι
1667 5521 1727 5576 τὸ
1761 5537 1859 5592 με·

1975 5519 2080 5576 Sed
2109 5517 2243 5574 illud
2302 5516 2536 5571 fortasse
2561 5529 2626 5570 ex
2660 5508 2929 5582 profunda
2959 5505 3268 5578 cognitione
3306 5517 3543 5576 evange-

370 5691 410 5720 ¹⁹
441 5690 600 5746 Joan.
642 5710 750 5754 xxi.
787 5693 877 5747 25.
