4002 6218
437 294 541 351 951

1664 288 1721 344 S.
1748 283 2083 344 GREGORII
2120 283 2163 339 Ν
2175 281 2417 341 YSSEN!

3580 282 3696 341 95?.

441 411 566 466 lista
594 407 747 475 dicit,
784 407 929 480 quod
965 406 1225 477 majestas
1252 405 1372 462 Filii
1410 406 1504 463 Dei
1536 423 1644 463 non
1671 422 1739 463 ex
1768 409 2003 464 miracu-
2029 458 2033 468 «

2136 404 2316 459 ἀλεῖον
2346 402 2439 458 τοῦ
2475 401 2607 457 Υίοῢ
2639 402 2733 457 τού
2767 400 2924 469 Θεοῦς
2959 402 3061 456 ούκ
3101 403 3166 457 ἐκ
3208 402 3318 458 τῶν
3349 402 3438 458 διὰ
3484 405 3690 476 σαρκὸς

444 500 576 556 losis
599 513 702 570 per-
731 511 954 553 carnem
996 495 1253 566 operibus
1284 497 1459 551 solum
1497 497 1872 567 cognoscenda
1907 503 2012 564 est;

454 592 571 646 haec
598 589 742 645 enim
769 601 934 658 parva
964 598 1111 655 sunt,
1138 587 1184 643 si
1211 602 1335 641 cum
1381 587 1587 658 reliqua
1631 601 1854 658 operum
1900 602 2018 640 ma-

446 679 760 751 gniﬁcentia
793 678 1063 749 exquisite
1090 686 1494 749 comparentur.
1532 676 1611 732 'l‘u
1645 693 1775 733 vero
1805 678 2017 747 respice

449 773 503 825 in
535 770 756 836 cmlum,
780 769 906 826 vide
929 770 982 824 in
1016 783 1082 825 eo
1108 768 1563 839 pulchritudines,
1602 767 1842 824 transfer
1866 775 2016 822 tuam

450 861 841 932 cogitationem
881 876 977 931 per
1012 868 1170 915 terrae
1203 860 1562 927 latitudinem,
1594 859 1664 914 ad
1694 875 1849 931 aquae
1884 875 2017 930 pro-

448 951 765 1018 funditates,
814 952 1077 1007 mundum
1126 958 1319 1015 mente,
1351 950 1686 1020 complexus.
1746 957 1800 1005 et
1837 960 2019 1005 trans-

448 1041 783 1098 mundanam
822 1052 1076 1097 naturam
1112 1041 1322 1097 ratione
1359 1056 1485 1096 cum
1517 1040 1872 1105 intellexeris,
1905 1040 2019 1095 haec

448 1148 620 1191 nosce
645 1149 773 1189 vera
798 1134 919 1204 ejus
941 1134 1036 1205 qui
1062 1141 1240 1189 tecum
1277 1133 1332 1188 in
1359 1146 1525 1188 carne
1558 1140 1914 1188 conversatus
1937 1140 2021 1189 est

450 1242 639 1298 opera.
679 1226 832 1294 Quae,
873 1225 1071 1297 inquit,
1104 1224 1151 1280 si
1193 1225 1407 1295 singula
1449 1224 1843 1290 scriberentur,
1889 1223 2020 1294 quid

455 1326 511 1373 et
540 1315 837 1389 quomodo,
892 1325 948 1373 et
997 1315 1164 1379 unde,
1198 1324 1253 1371 et
1290 1322 1577 1385 quantum,
1620 1330 1784 1385 supra
1833 1314 2021 1370 mundi

452 1409 809 1480 capacitatem
833 1408 1096 1463 doctrina:
1117 1407 1185 1462 de
1203 1408 1322 1476 ipso
1352 1407 1559 1462 mundo
1580 1406 1686 1462 erit
1708 1406 2018 1477 plenitudo:

453 1502 713 1571 quoniam
739 1500 886 1556 enim
913 1498 1095 1553 omnia
1136 1497 1279 1552 Deus
1317 1498 1371 1551 in
1410 1498 1678 1567 sapientia
1719 1497 1880 1563 fecit,
1913 1506 2024 1553 tero

456 1593 663 1647 minum
699 1598 878 1647 autem
910 1589 1006 1645 Dei
1041 1589 1309 1660 sapientia
1342 1600 1450 1643 non
1483 1589 1646 1643 habet
1678 1607 1690 1643 :
1720 1587 2025 1659 Intelligen-

457 1684 543 1737 tia:
562 1683 699 1752 ejus,
722 1681 916 1753 inquit,
947 1697 1050 1735 non
1088 1690 1166 1735 est
1197 1695 1444 1734 numerus
1476 1680 1555 1746 ²⁰;
1591 1680 1757 1747 igitur
1787 1680 2024 1749 propriis

456 1774 731 1831 mensuris
755 1773 1082 1829 terminatus
1119 1772 1356 1827 mundus
1385 1773 1442 1826 in
1482 1773 1661 1842 seipse
1688 1772 1913 1827 inlinitur
1943 1788 2026 1828 sa-

459 1865 672 1933 pientia:
694 1864 960 1919 rationem
987 1877 1095 1917 non
1118 1862 1314 1932 capiet.
1345 1864 1400 1916 Si
1430 1863 1595 1933 igitur
1612 1864 1851 1919 mundus
1878 1872 2025 1922 totus

455 1955 638 2009 minor
664 1962 770 2019 est,
791 1968 955 2026 quam
983 1962 1043 2007 ut
1074 1951 1287 2008 Domini
1315 1968 1541 2024 operum
1567 1956 1872 2012 doctrinam
1902 1974 2027 2029 pos-

458 2047 537 2102 sit
557 2060 775 2117 capere,
798 2057 930 2116 quot
954 2045 1145 2100 mundi
1169 2047 1234 2101 de
1259 2047 1368 2101 Deo
1396 2047 1775 2103 universorum
1800 2065 2026 2106 enarra-

459 2140 662 2194 tionem
691 2137 944 2208 capient?
967 2136 1222 2193 Fortasse
1246 2152 1423 2203 neque
1449 2139 1763 2209 blasphema
1783 2150 1838 2196 et
1864 2143 2028 2213 impia

459 2232 645 2301 lingua
676 2229 894 2300 negabit
926 2227 1154 2283 inﬁnitis
1186 2228 1431 2298 partibus
1471 2230 1736 2299 majorem
1762 2247 1884 2288 esse
1915 2233 2028 2288 fac-

458 2329 631 2375 torem
663 2327 717 2375 et
745 2325 1025 2374 auctorem
1055 2318 1322 2382 omnium,
1346 2334 1469 2390 quae
1490 2322 1606 2376 sola
1634 2323 1808 2392 ipsius
1834 2325 2029 2379 volun-

460 2419 571 2465 tate
593 2411 648 2465 in
682 2426 865 2466 rerum
898 2418 1094 2464 natura
1125 2411 1390 2481 producta
1420 2420 1568 2467 sunt.
1620 2412 1680 2468 Si
1715 2416 1883 2486 igitur
1908 2432 2029 2471 om-

458 2502 547 2558 nis
566 2511 817 2557 creatura
844 2502 1113 2558 sermonis
1140 2502 1207 2557 de
1226 2503 1403 2573 seipsa
1429 2504 1554 2559 lacti
1584 2520 1690 2561 non
1720 2516 1803 2562 est
1832 2522 2026 2579 capax;

460 2592 566 2660 hoc
591 2594 736 2649 enim
782 2608 1010 2665 magnus
1053 2591 1290 2651 Joannes
1342 2602 1575 2651 testatur
1628 2597 1924 2654 secundum
1975 2601 2029 2656 id

460 2681 607 2754 quod
632 2684 898 2751 diximus,
931 2684 1206 2755 quomodo
1228 2684 1464 2739 humana
1493 2687 1733 2744 brevitas
1764 2697 1937 2743 totum
1963 2689 2031 2746 de

463 2773 689 2828 domino
716 2781 981 2830 creatura:
1013 2788 1322 2830 sermonem
1352 2776 1569 2845 capiet?
1600 2776 1794 2833 Dicant
1824 2781 2033 2851 magni-

464 2864 611 2936 loqui
653 2864 764 2932 isti,
799 2865 931 2935 quid
980 2872 1065 2920 est
1111 2865 1274 2920 homo
1323 2867 1563 2923 universi
1599 2873 2028 2939 comparatione,

465 2959 592 3013 dum
628 2956 1045 3013 consideratur?
1092 2956 1263 3025 Quale
1310 2961 1696 3029 geometricum
1746 2972 2030 3032 punctum,

2117 492 2409 565 θαυμάτων
2454 491 2786 564 ποιηθέντων
2819 492 2979 563 μόνον
3015 492 3302 562 γινώσκειν
3332 495 3475 565 χρήο
3520 494 3696 565 μικρά

2115 584 2225 656 γάρ
2260 582 2437 639 ταῦτα
2462 583 2538 648 ὡς
2563 583 2699 655 πρὸς
2720 582 2819 654 τὴν
2849 582 3040 656 λοιπὴν
3069 582 3467 656 μεγαλουργίαν
3502 583 3696 650 ἐξετα-

2117 676 2338 749 ζόμενα.
2367 676 2440 728 Σὺ
2477 674 2534 728 δὲ
2576 672 2878 739 ἀνάϐλεψον
2906 675 2985 738 είς
3015 673 3107 728 τὸν
3136 674 3384 745 ούρανδν,
3425 675 3506 729 ἴδε
3533 674 3605 727 τὰ
3635 676 3696 728 ἐν

2117 767 2264 840 αὐτῷ
2313 767 2508 837 κάλλη,
2553 766 2840 837 μετένεγκε
2870 766 2971 838 τὴν
2991 766 3227 821 διάνοιαν
3268 768 3358 821 ἐπὶ
3402 768 3466 821 τὸ
3490 767 3697 831 πλάτος

2117 860 2219 931 τῆς
2249 860 2373 930 γῆς,
2401 860 2495 913 ἐπὶ
2517 858 2585 912 τά
2614 857 2751 930 βάθη
2781 858 2874 911 τοῦ
2907 858 3115 922 ὓδατος,
3152 859 3327 913 πάντα
3355 858 3451 912 τὸν
3487 859 3698 928 κόσμον

2118 953 2185 1021 τῇ
2211 948 2416 1020 διανοίᾳ
2437 946 2635 1014 λαϐὼν,
2661 947 2755 1002 καὶ
2790 947 2889 1019 τὴν
2918 946 3284 1018 ύπερκόσμιον
3308 946 3472 1016 φύσιν
3499 946 3580 1016 τῷ
3606 947 3695 1001 λο⁶

2118 1039 2304 1113 γισμῷ
2328 1041 2684 1111 κατανοήσας,
2711 1039 2885 1094 ταῦτα
2927 1038 3093 1109 γνῶθι
3119 1038 3188 1093 τὰ
3210 1038 3437 1110 ἀληθινὰ
3488 1040 3584 1092 τοῦ
3613 1056 3697 1093 σοι

2119 1132 2209 1210 διὰ
2231 1132 2431 1204 σαρκὸς
2470 1132 2903 1203 ἐπιδημήσαντος
2935 1132 3092 1203 ἔργα.
3126 1132 3338 1197 Ἀτινα,
3370 1131 3558 1202 φησὶν,
3599 1133 3698 1185 ὲάν

2121 1224 2244 1278 καθ’
2286 1224 2512 1277 ἕκαστον
2558 1223 2855 1294 γράφηται,
2884 1223 2947 1276 τὸ
2988 1223 3043 1277 τί
3083 1224 3175 1277 καὶ
3203 1224 3368 1287 ὅπως,
3414 1225 3513 1278 καὶ
3549 1224 3697 1287 ὅθεν,

2122 1315 2218 1368 καὶ
2254 1313 2438 1376 πόσον,
2489 1311 2631 1383 ὑπὲρ
2661 1311 2721 1365 τὸ
2763 1311 2997 1384 χώρημα
3037 1311 3131 1365 τοῦ
3180 1312 3385 1382 κόσμου
3422 1313 3528 1382 τῆς
3566 1314 3698 1384 περὶ

2122 1404 2286 1460 αὑτοῦ
2341 1404 2439 1459 τοῦ
2495 1405 2700 1475 κόσμου
2752 1404 3099 1467 διδασκαλίας
3148 1402 3296 1457 ἔσται
3347 1404 3408 1457 re
3464 1405 3693 1474 πλῆθος.

2135 1498 2288 1552 Ἐπεὶ
2315 1497 2425 1568 γὰρ
2453 1496 2522 1549 τὰ
2555 1497 2733 1550 πάντα
2764 1495 2793 1547 ό
2824 1495 2954 1559 Θεὸς
2984 1496 3042 1549 ὲν
3071 1496 3231 1566 σοφίᾳ.
3260 1495 3544 1567 ἐποίησεν,
3569 1498 3699 1567 ὅρον

2122 1590 2179 1644 δὲ
2214 1592 2248 1662 ή
2286 1588 2380 1642 τοῦ
2407 1587 2543 1641 Θεοῦ
2590 1586 2750 1658 σοφία
2775 1587 2875 1640 οὐκ
2910 1586 3043 1657 ἔχει,
3078 1585 3190 1656 Τῆς
3232 1588 3341 1656 γὰρ
3383 1585 3700 1653 συνέσεως

2124 1680 2329 1744 αὐτοῦ,
2357 1679 2544 1751 φησὶν,
2573 1681 2685 1734 οὐκ
2714 1678 2887 1732 ἔστιν
2915 1678 3192 1748 ἀριθμόςο
3223 1681 3251 1732 ὁ
3276 1681 3387 1741 τοῖς
3415 1680 3569 1743 ἰδίοις
3597 1681 3701 1749 μέ-

2126 1786 2272 1841 τροις
2295 1769 2703 1843 πεπερασμένος
2728 1770 2930 1840 κόσμος
2948 1769 3006 1823 ού
3034 1771 3271 1840 χωρήσει
3304 1772 3361 1823 έν
3397 1770 3580 1841 ἐαυτῷ
3598 1772 3702 1840 τῆς

2127 1864 2379 1933 ἀορίστου
2433 1864 2623 1932 σοφίας
2671 1862 2762 1915 τὸν
2809 1860 2986 1930 λόγον.
3026 1861 3090 1914 Ei
3126 1857 3218 1914 οὗν
3258 1861 3286 1913 ὁ
3325 1862 3528 1932 κόσμος
3577 1861 3702 1925 ὅλος

2127 1955 2344 2009 ἔλαττόν
2392 1955 2559 2018 ἐστιν,
2594 1952 2627 2023 ἢ
2670 1950 2811 2004 ὥστε
2853 1952 2952 2021 τὴν
2997 1951 3341 2006 διδασκαλίαν
3380 1953 3484 2007 τῶν
3517 1952 3702 2023 ἔργων

2126 2044 2221 2099 τοῦ
2256 2046 2460 2114 Κυρίου
2510 2043 2775 2114 χωρῆσαι,
2818 2041 2976 2095 πόσοι
3015 2041 3209 2114 κόσμοι
3254 2045 3563 2115 χωρήσουσι
3599 2046 3704 2114 τὴν

2129 2139 2258 2209 περὶ
2288 2136 2381 2190 τοῦ
2409 2133 2542 2189 Θεοῦ
2569 2134 2677 2187 τῶν
2716 2132 2852 2187 ὅλων
2876 2134 3155 2205 διήγησιν;
3195 2135 3349 2207 Τάχα.
3376 2136 3485 2207 γὰρ
3512 2135 3634 2189 οὐδὲ
3663 2139 3702 2206 ἡ

2131 2228 2448 2298 βλάσφημος
2496 2225 2791 2297 ἀρνήσεται
2840 2223 3082 2291 γλῶσσα,
3133 2223 3195 2277 τὺ
3243 2225 3707 2298 ἀπειροπλασίονα

2129 2317 2266 2373 εἶναι
2299 2320 2389 2374 τὸν
2435 2318 2663 2388 ποιητὴν
2690 2315 2797 2369 τῶν
2841 2315 3076 2380 πάντων,
3105 2316 3211 2369 τῶν
3247 2317 3392 2388 μόνῳ
3431 2317 3705 2389 θελήματι

2129 2409 2519 2482 παραχθέντων
2550 2410 2631 2471 είς
2673 2407 2904 2476 γένεσιν.
2934 2406 2996 2460 Εἰ
3022 2401 3115 2460 οὖν
3157 2408 3190 2476 ἡ
3224 2407 3399 2472 κτίσις
3435 2411 3586 2463 πᾶσα
3607 2407 3705 2463 τοῦ

2129 2503 2258 2574 περὶ
2278 2503 2445 2573 αὐτῆς
2472 2500 2627 2569 λόγου
2655 2500 2798 2552 ἐστὶν
2830 2497 3135 2569 ἀχώρητος·
3161 2497 3318 2552 τούτο
3344 2499 3454 2571 γὰρ
3481 2502 3509 2553 ὁ
3532 2499 3709 2570 μέγας

2142 2594 2392 2666 Ἰωάννης
2428 2591 2758 2664 μαρτύρεται
2798 2590 2941 2644 κατά
2976 2607 3040 2660 γε
3082 2590 3173 2644 τὸν
3206 2589 3475 2662 ἡμέτερον
3512 2592 3706 2661 λόγον·

2131 2685 2250 2750 πῶς
2279 2685 2345 2739 ἂν
2388 2683 2697 2757 ἀνθρωπίνη
2728 2681 3005 2755 βραχύτης
3051 2681 3170 2735 ὅλον
3200 2682 3291 2735 τὸν
3333 2681 3462 2755 περὶ
3488 2683 3584 2737 τοῦ
3612 2685 3713 2736 Δε-

2133 2776 2330 2829 σπότου
2377 2775 2477 2845 τῆς
2510 2774 2742 2837 κτίσεως
2786 2775 3027 2845 χωρήσει
3068 2771 3257 2841 ini-rev;
3298 2772 3625 2827 Είπάτωσαν
3657 2776 3710 2828 οἱ

2129 2869 2199 2922 τὰ
2235 2866 2445 2938 μεγάλα
2468 2864 2848 2935 φθεγγόμενοι,
2875 2863 2927 2915 τί
2956 2865 3101 2915 ὲστιν
3141 2862 3445 2933 ἄνθρωπος,
3477 2864 3712 2935 συγχρί-

2135 2975 2217 3013 σει
2240 2958 2333 3011 τοῦ
2364 2956 2564 3019 παντὸς
2595 2954 2999 3026 θεωρούμενος;
3035 2955 3192 3007 Ποῖον
3209 2956 3584 3026 γεωμετρικὸν
3608 2973 3712 3025 ση-

466 3049 541 3106 ita
579 3048 962 3103 individuum?
1000 3049 1142 3115 Quid
1183 3048 1404 3120 Epicuri
1454 3052 1906 3123 corpusculorum
1953 3057 2033 3111 sic

2143 3051 2290 3118 μεῖον
2323 3047 2494 3111 οὕτως
2530 3044 2771 3117 ἀμερές;
2806 3043 2870 3099 Τί
2913 3043 3020 3099 τῶν
3060 3043 3449 3115 Ἐπικουρείων
3487 3045 3712 3117 ἀτόμων

464 3140 705 3196 vanitate
725 3155 915 3197 eorum
941 3142 1034 3211 qui
1064 3140 1179 3196 haec
1205 3142 1642 3212 contemplantur
1682 3153 2029 3212 extenuatur,

466 3241 521 3286 ct
564 3247 735 3302 prope
778 3232 833 3287 id
865 3231 1013 3302 quod
1043 3248 1152 3287 non
1183 3241 1267 3289 est
1299 3233 1375 3299 lit,
1431 3242 1490 3289 ut
1524 3235 1761 3291 humana
1793 3238 2034 3296 brevitas

467 3337 593 3376 cum
643 3321 902 3378 universo
951 3330 1267 3391 comparata
1317 3331 1401 3377 est
1447 3323 1620 3377 nihil?
1674 3324 1829 3380 Sicut
1870 3327 2034 3381 ctiam

468 3426 697 3483 magnus
723 3412 893 3468 David
921 3412 1017 3477 ait,
1044 3413 1302 3481 praeclare
1331 3413 1641 3468 mortalium
1668 3414 2035 3471 inﬁrmitatem

470 3502 784 3568 meditatus,
820 3501 1085 3567 Quoniam
1124 3499 1423 3554 substantia
1460 3517 1575 3556 mea
1611 3511 1862 3575 tanquam
1894 3505 2039 3559 nihi-

472 3597 580 3649 lum
616 3602 738 3647 ante
774 3591 887 3647 te“
921 3609 933 3645 :
970 3606 1080 3647 non
1116 3590 1365 3647 absolute
1402 3591 1632 3647 nihilum
1669 3608 1792 3650 esse
1825 3594 2035 3664 dicens,

472 3686 568 3742 sed
603 3684 777 3741 nihile
806 3683 1061 3747 similem,
1095 3681 1240 3752 quod
1283 3697 1449 3753 supra
1497 3684 1717 3740 modum
1749 3693 1832 3741 est
1876 3686 2041 3744 breve

472 3794 597 3833 cum
629 3792 696 3834 eo
727 3773 875 3847 quod
895 3789 1006 3830 non
1029 3774 1243 3831 exsistit
1265 3772 1413 3831 facta
1437 3779 1845 3848 comparatione
1873 3781 2039 3853 signi-

472 3872 663 3927 lleans.

548 3960 931 4018 Verumtamen
977 3975 1008 4015 a
1045 3961 1138 4016 tali
1182 3968 1382 4017 natura
1431 3961 1724 4027 concitati,
1777 3964 2042 4022 adversus

473 4055 800 4111 ineffabilem
832 4055 1130 4125 potentiam
1166 4068 1264 4111 sua
1299 4054 1532 4110 dilatant
1562 4072 1656 4111 ora
1678 4096 1693 4121 ,
1725 4065 1779 4113 et
1807 4060 2046 4129 appella-

477 4148 622 4203 tione
647 4162 755 4202 una
783 4146 1110 4202 ineﬂahilem
1137 4153 1389 4201 naturam
1419 4147 1738 4213 metiuntur,
1763 4147 1864 4219 τῆς
1886 4150 2047 4220 ἀγεν-

476 4241 666 4312 νησῐας
704 4240 923 4295 nomine
968 4239 1061 4295 Dei
1105 4239 1402 4295 essentiam
1457 4240 1931 4311 constringentes,
1991 4249 2049 4295 ut

478 4330 742 4387 adversus
782 4328 1136 4400 Unigenitum
1172 4329 1278 4384 sibi
1322 4328 1457 4400 ipsis
1503 4343 1600 4399 per
1638 4329 1753 4384 hzec
1792 4330 2047 4400 blasphe-

2135 3140 2281 3194 οὕτω
2320 3142 2388 3210 τῇ
2433 3137 2749 3210 ματαιότητι
2796 3135 2904 3190 τῶν
2962 3132 3135 3188 ταῦτα
3184 3134 3529 3206 θεωρούντων
3576 3138 3713 3188 ἀπο-

2134 3228 2473 3297 λεπτύνεται,
2505 3229 2599 3284 καὶ
2635 3228 2801 3297 ἐγγὺς
2833 3224 2925 3281 τοῦ
2973 3226 3046 3297 μὴ
3079 3226 3230 3289 ὄντος
3256 3225 3486 3294 γίνεται,
3512 3226 3591 3291 ὡς
3619 3228 3711 3280 ἀν-

2137 3322 2380 3396 θρωπίνη
2421 3319 2696 3393 βραχύτης
2740 3319 2856 3374 ἀντ’
2901 3316 3114 3382 οὐδενός
3165 3319 3282 3370 ἐστι
3326 3317 3462 3388 πρὸς
3500 3318 3564 3371 τὸ
3603 3321 3715 3372 πᾶν

2137 3407 2456 3489 κρινομένη,
2501 3411 2680 3476 καθώς
2728 3428 2860 3483 φησι
2900 3410 2995 3464 καὶ
3024 3411 3053 3463 ὁ
3093 3408 3266 3478 μέγας
3304 3407 3488 3472 Δασιδ,
3530 3407 3716 3471 καλῶς

2139 3503 2542 3576 ὲπεσκεμμένος
2589 3501 2696 3555 τῶν
2753 3499 2959 3572 βροτῶν
3010 3498 3107 3568 τὴν
3157 3497 3461 3562 ἀσθένειαν,
3516 3497 3601 3550 ὅτι
3643 3497 3719 3552 Ἣ

2138 3595 2479 3659 ὑπόστασις
2502 3611 2615 3661 μου
2646 3591 2789 3646 ὡσεὶ
2811 3589 2990 3645 οὐθὲν
3015 3587 3274 3643 ἐνώπιόν
3298 3601 3438 3642 σου.
3471 3585 3549 3638 Οὐ
3576 3603 3718 3640 παν-

2140 3689 2309 3751 τελῶς
2352 3683 2491 3740 εἶναι
2519 3685 2692 3754 λέγων
2724 3682 2895 3746 οὐδὲν,
2930 3680 3045 3735 ἀλλ’
3089 3679 3274 3750 ὅμοιον
3308 3676 3388 3748 τῷ
3424 3676 3618 3748 μηδὲν,
3647 3676 3717 3729 τὸ

2141 3779 2263 3834 καθ’
2290 3776 2589 3849 ὑπερϐολήν
2626 3775 2805 3828 πᾶσαν
2835 3771 3007 3844 βραχὺ
3030 3773 3097 3843 τῇ
3123 3768 3256 3842 πρὸς
3275 3768 3338 3822 τὸ
3366 3766 3719 3838 ἀνύπαρκτον

2142 3870 2429 3943 συγκρίσει
2459 3865 2848 3938 διασημαίνων.
2880 3928 2885 3933 1

2215 3963 2404 4032 Ὅμως
2436 3958 2544 4013 άπὸ
2584 3955 2837 4026 τοιαύτης
2872 3952 3191 4025 ὡρμημένοι
3229 3951 3465 4022 φύσεως,
3506 3951 3721 4005 πλατύ-

2143 4069 2292 4108 νουσι
2315 4050 2457 4106 κατά
2480 4050 2579 4121 τῆς
2611 4047 2888 4118 ἀφράστου
2921 4044 3197 4114 δυνάμεως
3220 4043 3290 4097 τὰ
3312 4044 3418 4096 ἴδια
3447 4043 3720 4113 στόματα,

2149 4146 2243 4201 καλ⁹
2291 4140 2625 4214 προσηγορίᾳ
2671 4140 2769 4210 μιᾷ
2818 4137 2916 4209 τήν
2962 4136 3209 4208 ἀόριστον
3268 4135 3429 4205 φύσιν
3485 4151 3722 4206 περιμεο

2144 4234 2352 4306 τροῦσι,
2385 4231 2464 4302 τῷ
2499 4232 2719 4302 ὀνόματι
2765 4231 2865 4302 τῆς
2892 4229 3218 4299 ἀγεννησίας
3256 4227 3355 4298 τὴν
3385 4227 3577 4280 οὐσίαν
3623 4225 3722 4278 τοῦ

2144 4324 2281 4382 Θεοῦ
2315 4321 2787 4396 περισφίγγοντες,
2848 4319 2937 4374 ἵνα
2958 4320 3056 4391 τὴν
3090 4319 3230 4373 κατά
3257 4318 3352 4371 τοῦ
3380 4317 3728 4385 Μονογενοῦς

479 4424 599 4478 mia:
628 4423 770 4477 viam
801 4428 1072 4477 sternant.
1123 4419 1259 4474 Cum
1306 4427 1485 4475 autem
1531 4435 1759 4493 magnus
1808 4420 2033 4477 Basilius

2146 4416 2357 4480 ἑαυτοῖς
2389 4412 2737 4486 βλασφημίαν
2764 4409 2852 4464 διά
2885 4410 3090 4463 τούτων
3120 4409 3493 4481 όδοποιήσωσι.
3522 4408 3634 4461 Τοῦ
3660 4407 3726 4460 δὲ

477 4514 822 4569 emendasset
845 4513 1129 4582 deceptam
1155 4517 1209 4566 et
1237 4509 1429 4564 falsam
1457 4510 1802 4581 opinionem,
1825 4519 1880 4567 et
1906 4527 2046 4582 qua:-

479 4605 603 4659 dam
637 4604 704 4660 de
740 4604 1052 4659 nominibus
1085 4601 1465 4672 exposuisset,
1499 4611 1560 4656 ut
1594 4617 1718 4671 quae
1746 4617 1810 4657 ex
1853 4613 2050 4675 natura

479 4713 591 4752 non
620 4704 783 4762 sunt,
830 4697 925 4753 sed
968 4711 1034 4752 ex
1074 4694 1357 4749 hominum
1398 4692 1716 4749 inventione
1759 4708 1856 4748 seu
1898 4708 2049 4749 com-

480 4795 663 4844 mento
695 4788 862 4843 rebus
893 4787 1029 4857 ipsis
1060 4785 1233 4840 indita
1269 4783 1412 4847 sint,
1455 4789 1670 4837 tantum
1716 4782 1955 4849 absunt,
1991 4791 2053 4839 ut.

481 4880 547 4935 ad
578 4879 862 4935 Veritatem
891 4883 1256 4939 revertantur,
1291 4873 1425 4945 quin
1464 4875 1649 4944 potius
1689 4874 1855 4929 veluti
1891 4876 2048 4932 visco

482 4971 700 5030 cuidam
729 4970 1110 5025 adhaerescunt
1139 4968 1226 5022 his
1254 4982 1376 5037 quae
1406 4968 1474 5022 ab
1524 4966 1659 5036 ipsis
1703 4965 1851 5020 dicta
1884 4974 2044 5034 sunt,

483 5077 663 5136 neque
690 5061 949 5117 desinunt
981 5072 1012 5113 a
1037 5058 1283 5128 captiosa
1313 5063 1367 5113 et
1404 5056 1585 5111 fallaci
1616 5058 2049 5128 argumentatio-

482 5172 551 5211 ne
572 5197 586 5221 ,
622 5169 802 5228 neque
834 5167 898 5208 ex
933 5150 1395 5206 commentatione
1430 5150 1628 5204 mentis
1660 5149 1770 5204 dici
1798 5149 1861 5202 τὸ
1890 5149 2050 5218 ἀγέν-

483 5266 643 5321 νητον
667 5289 681 5315 ,
712 5246 808 5304 sed
840 5253 1051 5300 natura)
1074 5258 1196 5299 esse
1228 5241 1732 5312 repraesentativum
1760 5241 2048 5299 deﬁniunt.

486 5339 712 5395 Omnem
747 5339 912 5409 igitur
942 5350 1250 5393 sermonem
1281 5333 1532 5404 persequi
1561 5339 1615 5387 et
1648 5348 1931 5389 recensere
1952 5375 1966 5400 ,
1996 5340 2050 5389 et

486 5431 655 5484 delira
685 5430 1007 5501 prolixaqne
1056 5427 1122 5482 ad
1176 5428 1400 5480 verbum
1455 5424 1703 5495 apposita
1758 5425 2052 5494 nugatione

489 5519 632 5574 hanc
665 5531 909 5577 evertere
940 5519 1156 5585 conari,
1191 5518 1340 5588 longi
1371 5525 1519 5572 esset
1561 5517 1657 5572 otii
1690 5526 1745 5574 et
1785 5517 2050 5591 temporis

567 5705 609 5739 ³³
642 5701 787 5759 Psal.
810 5717 985 5766 cxm,
1014 5703 1066 5756 5.
1144 5702 1183 5734 ’τ’
1214 5700 1358 5755 Psal.
1395 5714 1623 5766 xxan,
1655 5699 1708 5756 6.

2148 4509 2383 4582 μεγάλου
2429 4503 2709 4559 Βασιλείου
2746 4501 3179 4574 διορθωσαμένου
3224 4502 3322 4572 τὴν
3357 4501 3728 4571 ἡπατημένην

2145 4600 2419 4666 ὑπόνοιαν,
2449 4597 2542 4651 καί
2574 4612 2695 4649 τινα
2737 4595 2866 4665 περὶ
2894 4595 3003 4647 τῶν
3034 4592 3312 4664 ὀνομάτων
3337 4592 3725 4657 διεξελθόντος,

2145 4693 2222 4756 ὠς
2251 4692 2349 4745 ούκ
2377 4692 2441 4742 ὲκ
2466 4687 2680 4757 φύσεως
2711 4685 2900 4749 ὄντων,
2931 4682 3065 4736 ἀλλά
3103 4682 3220 4736 κατ’
3246 4683 3483 4736 ἐπίνοιαν
3513 4682 3730 4733 ἐπικει-

2149 4785 2322 4852 μένων
2357 4782 2469 4844 τοῖς
2502 4778 2789 4850 πράγμασι
2810 4794 2827 4809 ο
2873 4777 3124 4831 τοσοῦτον
3164 4774 3424 4845 ἀπέχουσι
3468 4771 3565 4824 τοῦ
3594 4772 3733 4824 ἀνι-

2142 4875 2303 4931 λῦσαι
2339 4872 2473 4945 πρὸς
2496 4871 2594 4943 τήν
2621 4869 2896 4941 ἀλήθειαν,
2922 4870 3003 4922 ὅτι
3028 4866 3275 4936 καθάπερ
3302 4864 3395 4935 ίξῷ
3422 4880 3527 4916 τινι
3555 4880 3732 4932 προσ-

2154 4966 2472 5035 κατὲχονται
2503 4965 2612 5026 τοῖς
2637 4961 2785 5025 ἅπαξ
2810 4959 2937 5031 παρ’
2965 4958 3142 5014 αὐτῶν
3174 4956 3504 5028 εἰρημένοις,
3540 4955 3641 5006 καὶ
3664 4954 3733 5007 οὐ

2158 5054 2431 5127 μεθίενται
2460 5051 2555 5106 τοῦ
2592 5050 2943 5122 σοφίσματος,
2973 5048 3093 5102 οὐδὲ
3137 5047 3256 5101 κατ’
3296 5046 3532 5113 ἐπίνοιαν
3566 5044 3735 5111 λέγε-

2157 5148 2279 5202 σθαι
2307 5146 2366 5200 τὸ
2394 5145 2706 5215 ἀγέννητον,
2737 5142 2870 5196 άλλά
2899 5144 3000 5213 τῆς
3029 5140 3243 5210 φύσεως
3271 5135 3410 5192 εἶναι
3441 5152 3737 5208 παραστα-

2153 5239 2305 5292 τικὸν
2350 5237 2689 5309 διορίζονται.
2721 5234 2794 5287 Τὸ
2841 5234 2937 5304 μὲν
2977 5229 3070 5287 οὖν
3122 5232 3300 5285 πάντα
3337 5229 3596 5296 διεξιέναι
3640 5228 3735 5281 τὸν

2154 5328 2331 5398 λόγον,
2366 5329 2458 5381 καὶ
2482 5325 2580 5397 τὴν
2607 5322 2823 5395 ληρώδη
2861 5322 2957 5375 καὶ
2987 5319 3201 5394 μακρὰν
3236 5317 3453 5387 ἐκείνην
3483 5313 3738 5386 παραθὲ-

2160 5436 2319 5492 μενον
2372 5416 2635 5497 φλυαρίαν
2675 5416 2766 5469 ἐπὶ
2801 5413 2996 5480 λέξεως
3035 5410 3365 5483 ἀνατρέπειν
3410 5405 3739 5497 πειρᾶσθαι,

2163 5513 2379 5585 μακρᾶς
2416 5510 2480 5565 ἂν
2505 5494 2591 5576 ein
2628 5507 2822 5581 σχολῆς
2845 5504 2939 5565 καὶ
2970 5505 3161 5579 χρόνον
3188 5500 3388 5574 πολλοῦ
3415 5499 3511 5557 καὶ
3532 5494 3745 5566 πολλῆς
