  <div class='ocr_page' id='page_1' title='image "/cluster/home/n/w/nwhite01/storage/ocr_20150623/45/hvd.32044073501876/494.png"; bbox 0 0 4002 6218; ppageno 0'>
   <div class='ocr_carea' id='block_1_1' title="bbox 247 266 357 327">
    <p class='ocr_par' dir='ltr' id='par_1_1' title="bbox 247 266 357 327">
     <span class='ocr_line' id='line_1_1' title="bbox 247 266 357 327; baseline 0.027 -3"><span class='ocrx_word' id='word_1_1' title='bbox 247 266 357 327; x_wconf 74' lang='lat'><strong>953</strong></span> 
     </span>
    </p>
   </div>
   <div class='ocr_carea' id='block_1_2' title="bbox 1390 258 2428 331">
    <p class='ocr_par' dir='ltr' id='par_1_2' title="bbox 1390 258 2428 331">
     <span class='ocr_line' id='line_1_2' title="bbox 1390 258 2428 331; baseline 0 -11"><span class='ocrx_word' id='word_1_2' title='bbox 1390 262 1674 320; x_wconf 79' lang='lat' dir='ltr'><strong>CONTRA</strong></span> <span class='ocrx_word' id='word_1_3' title='bbox 1707 258 2104 331; x_wconf 71' lang='lat' dir='ltr'><strong>EUNOMIUM,</strong></span> <span class='ocrx_word' id='word_1_4' title='bbox 2146 261 2275 320; x_wconf 78' lang='lat' dir='ltr'><strong>LIB.</strong></span> <span class='ocrx_word' id='word_1_5' title='bbox 2312 262 2428 320; x_wconf 79' lang='lat' dir='ltr'><strong>XII.</strong></span> 
     </span>
    </p>
   </div>
   <div class='ocr_carea' id='block_1_3' title="bbox 3420 261 3534 325">
    <p class='ocr_par' dir='ltr' id='par_1_3' title="bbox 3420 261 3534 325">
     <span class='ocr_line' id='line_1_3' title="bbox 3420 261 3534 325; baseline -0.026 0"><span class='ocrx_word' id='word_1_6' title='bbox 3420 261 3534 325; x_wconf 69' lang='lat'><strong>956</strong></span> 
     </span>
    </p>
   </div>
   <div class='ocr_carea' id='block_1_4' title="bbox 244 381 1866 459">
    <p class='ocr_par' dir='ltr' id='par_1_4' title="bbox 244 381 1851 456">
     <span class='ocr_line' id='line_1_4' title="bbox 244 381 1851 456; baseline -0.002 -16"><span class='ocrx_word' id='word_1_7' title='bbox 244 382 525 456; x_wconf 72' lang='grc' dir='ltr'><strong>ἀπραξίας</strong></span> <span class='ocrx_word' id='word_1_8' title='bbox 568 381 843 453; x_wconf 86' lang='grc' dir='ltr'>δεόμενον.</span> <span class='ocrx_word' id='word_1_9' title='bbox 876 382 1145 456; x_wconf 76' lang='grc' dir='ltr'><strong>Καθάπερ</strong></span> <span class='ocrx_word' id='word_1_10' title='bbox 1190 382 1374 439; x_wconf 76' lang='grc' dir='ltr'>ἀκούω</span> <span class='ocrx_word' id='word_1_11' title='bbox 1414 383 1511 439; x_wconf 78' lang='grc' dir='ltr'>καὶ</span> <span class='ocrx_word' id='word_1_12' title='bbox 1556 382 1649 439; x_wconf 76' lang='grc' dir='ltr'><strong>τὸν</strong></span> <span class='ocrx_word' id='word_1_13' title='bbox 1678 382 1851 438; x_wconf 83' lang='grc' dir='ltr'>Εὐνό-</span> 
     </span>
    </p>
   </div>
   <div class='ocr_carea' id='block_1_5' title="bbox 1968 381 3530 459">
    <p class='ocr_par' dir='ltr' id='par_1_5' title="bbox 1968 384 3530 459">
     <span class='ocr_line' id='line_1_5' title="bbox 1968 384 3530 459; baseline 0.004 -21"><span class='ocrx_word' id='word_1_14' title='bbox 1968 384 2133 452; x_wconf 94' lang='lat' dir='ltr'><strong>nulti,</strong></span> <span class='ocrx_word' id='word_1_15' title='bbox 2153 386 2411 459; x_wconf 86' lang='lat' dir='ltr'><strong>quodque</strong></span> <span class='ocrx_word' id='word_1_16' title='bbox 2427 399 2624 458; x_wconf 89' lang='lat' dir='ltr'><strong>magna</strong></span> <span class='ocrx_word' id='word_1_17' title='bbox 2642 399 2674 440; x_wconf 87' lang='lat' dir='ltr'><strong>a</strong></span> <span class='ocrx_word' id='word_1_18' title='bbox 2691 385 2928 458; x_wconf 88' lang='lat' dir='ltr'><strong>negotiis</strong></span> <span class='ocrx_word' id='word_1_19' title='bbox 2951 385 3228 445; x_wconf 92' lang='lat' dir='ltr'><strong>vacuitate</strong></span> <span class='ocrx_word' id='word_1_20' title='bbox 3245 394 3299 444; x_wconf 89' lang='lat' dir='ltr'><strong>et</strong></span> <span class='ocrx_word' id='word_1_21' title='bbox 3313 402 3345 444; x_wconf 88' lang='lat' dir='ltr'><strong>a</strong></span> <span class='ocrx_word' id='word_1_22' title='bbox 3362 384 3530 445; x_wconf 80' lang='lat' dir='ltr'><strong>rebus</strong></span> 
     </span>
    </p>
   </div>
   <div class='ocr_carea' id='block_1_6' title="bbox 246 475 1850 550">
    <p class='ocr_par' dir='ltr' id='par_1_6' title="bbox 246 475 1850 550">
     <span class='ocr_line' id='line_1_6' title="bbox 246 475 1850 550; baseline -0.001 -19"><span class='ocrx_word' id='word_1_23' title='bbox 246 493 373 550; x_wconf 87' lang='grc' dir='ltr'>μιον</span> <span class='ocrx_word' id='word_1_24' title='bbox 399 475 545 547; x_wconf 63' lang='grc' dir='ltr'>ὑπὲρ</span> <span class='ocrx_word' id='word_1_25' title='bbox 572 475 663 529; x_wconf 78' lang='grc' dir='ltr'>τὸν</span> <span class='ocrx_word' id='word_1_26' title='bbox 701 476 931 530; x_wconf 82' lang='grc' dir='ltr'><strong>Ἰλιακὸν</strong></span> <span class='ocrx_word' id='word_1_27' title='bbox 965 476 1203 548; x_wconf 87' lang='grc' dir='ltr'>πόλεμον</span> <span class='ocrx_word' id='word_1_28' title='bbox 1232 480 1301 550; x_wconf 79' lang='grc' dir='ltr'><strong>τῇ</strong></span> <span class='ocrx_word' id='word_1_29' title='bbox 1332 476 1592 549; x_wconf 81' lang='grc' dir='ltr'>πολυετίᾳ</span> <span class='ocrx_word' id='word_1_30' title='bbox 1624 476 1850 547; x_wconf 78' lang='grc' dir='ltr'>φιλοπό-</span> 
     </span>
    </p>
   </div>
   <div class='ocr_carea' id='block_1_7' title="bbox 242 567 1851 641">
    <p class='ocr_par' dir='ltr' id='par_1_7' title="bbox 242 567 1851 641">
     <span class='ocr_line' id='line_1_7' title="bbox 242 567 1851 641; baseline -0.001 -20"><span class='ocrx_word' id='word_1_31' title='bbox 242 585 354 634; x_wconf 79' lang='grc' dir='ltr'><strong>νως</strong></span> <span class='ocrx_word' id='word_1_32' title='bbox 405 568 504 621; x_wconf 72' lang='grc' dir='ltr'>καὶ</span> <span class='ocrx_word' id='word_1_33' title='bbox 537 567 663 623; x_wconf 88' lang='grc' dir='ltr'>καθ’</span> <span class='ocrx_word' id='word_1_34' title='bbox 697 569 935 639; x_wconf 78' lang='grc' dir='ltr'><strong>ἡσυχίαν</strong></span> <span class='ocrx_word' id='word_1_35' title='bbox 981 568 1184 640; x_wconf 84' lang='grc' dir='ltr'>πολλὴν</span> <span class='ocrx_word' id='word_1_36' title='bbox 1237 567 1738 641; x_wconf 82' lang='grc' dir='ltr'>προσεδρεύσαντα,</span> <span class='ocrx_word' id='word_1_37' title='bbox 1786 569 1851 621; x_wconf 79' lang='grc' dir='ltr'>ἐν</span> 
     </span>
    </p>
   </div>
   <div class='ocr_carea' id='block_1_8' title="bbox 245 656 1851 732">
    <p class='ocr_par' dir='ltr' id='par_1_8' title="bbox 245 656 1851 732">
     <span class='ocr_line' id='line_1_8' title="bbox 245 656 1851 732; baseline -0.001 -18"><span class='ocrx_word' id='word_1_38' title='bbox 245 659 434 731; x_wconf 86' lang='grc' dir='ltr'>πολλῷ</span> <span class='ocrx_word' id='word_1_39' title='bbox 480 659 561 731; x_wconf 85' lang='grc' dir='ltr'><strong>τῷ</strong></span> <span class='ocrx_word' id='word_1_40' title='bbox 602 658 758 731; x_wconf 76' lang='grc' dir='ltr'>ὕπνῳ</span> <span class='ocrx_word' id='word_1_41' title='bbox 804 660 898 713; x_wconf 82' lang='grc' dir='ltr'>τὸν</span> <span class='ocrx_word' id='word_1_42' title='bbox 946 659 1157 732; x_wconf 78' lang='grc' dir='ltr'>μακρὸν</span> <span class='ocrx_word' id='word_1_43' title='bbox 1191 658 1382 713; x_wconf 77' lang='grc' dir='ltr'>τοῦτον</span> <span class='ocrx_word' id='word_1_44' title='bbox 1424 658 1632 731; x_wconf 86' lang='grc' dir='ltr'>δνειρον</span> <span class='ocrx_word' id='word_1_45' title='bbox 1670 656 1851 729; x_wconf 67' lang='grc' dir='ltr'>ἑαυτῷ</span> 
     </span>
    </p>
   </div>
   <div class='ocr_carea' id='block_1_9' title="bbox 248 750 1852 826">
    <p class='ocr_par' dir='ltr' id='par_1_9' title="bbox 248 750 1852 826">
     <span class='ocr_line' id='line_1_9' title="bbox 248 750 1852 826; baseline -0.003 -17"><span class='ocrx_word' id='word_1_46' title='bbox 248 754 595 826; x_wconf 79' lang='grc' dir='ltr'>συμπλάσαι,</span> <span class='ocrx_word' id='word_1_47' title='bbox 622 750 891 825; x_wconf 79' lang='grc' dir='ltr'>ζητοῦντα</span> <span class='ocrx_word' id='word_1_48' title='bbox 916 752 1240 822; x_wconf 81' lang='grc' dir='ltr'>φιλοπόνως,</span> <span class='ocrx_word' id='word_1_49' title='bbox 1262 752 1519 823; x_wconf 83' lang='grc' dir='ltr'>οὐχὸπως</span> <span class='ocrx_word' id='word_1_50' title='bbox 1537 750 1852 823; x_wconf 66' lang='grc' dir='ltr'>ἑρμηνεύσει</span> 
     </span>
    </p>
   </div>
   <div class='ocr_carea' id='block_1_10' title="bbox 244 844 1852 918">
    <p class='ocr_par' dir='ltr' id='par_1_10' title="bbox 244 844 1852 918">
     <span class='ocr_line' id='line_1_10' title="bbox 244 844 1852 918; baseline -0.003 -17"><span class='ocrx_word' id='word_1_51' title='bbox 244 865 302 901; x_wconf 74' lang='grc' dir='ltr'><strong>τι</strong></span> <span class='ocrx_word' id='word_1_52' title='bbox 329 847 445 901; x_wconf 88' lang='grc' dir='ltr'><strong>τῶν</strong></span> <span class='ocrx_word' id='word_1_53' title='bbox 479 846 805 918; x_wconf 79' lang='grc' dir='ltr'>νοηθέντων,</span> <span class='ocrx_word' id='word_1_54' title='bbox 841 845 955 900; x_wconf 81' lang='grc' dir='ltr'>ἀλλ’</span> <span class='ocrx_word' id='word_1_55' title='bbox 978 847 1129 910; x_wconf 80' lang='grc' dir='ltr'>ὅπως</span> <span class='ocrx_word' id='word_1_56' title='bbox 1172 844 1316 901; x_wconf 86' lang='grc' dir='ltr'><strong>κατά</strong></span> <span class='ocrx_word' id='word_1_57' title='bbox 1345 844 1454 899; x_wconf 85' lang='grc' dir='ltr'><strong>τῶν</strong></span> <span class='ocrx_word' id='word_1_58' title='bbox 1495 844 1697 911; x_wconf 81' lang='grc' dir='ltr'><strong>λέξεων</strong></span> <span class='ocrx_word' id='word_1_59' title='bbox 1727 844 1852 898; x_wconf 80' lang='grc' dir='ltr'>ἑπι-</span> 
     </span>
    </p>
   </div>
   <div class='ocr_carea' id='block_1_11' title="bbox 252 934 1854 1012">
    <p class='ocr_par' dir='ltr' id='par_1_11' title="bbox 252 934 1854 1012">
     <span class='ocr_line' id='line_1_11' title="bbox 252 934 1854 1012; baseline -0.003 -19"><span class='ocrx_word' id='word_1_60' title='bbox 252 940 494 1012; x_wconf 64' lang='grc' dir='ltr'>σῦρηται</span> <span class='ocrx_word' id='word_1_61' title='bbox 540 938 1040 1011; x_wconf 77' lang='grc' dir='ltr'><strong>κατηναγκασμένα</strong></span> <span class='ocrx_word' id='word_1_62' title='bbox 1085 940 1357 1010; x_wconf 83' lang='grc' dir='ltr'><strong>νοήματα,</strong></span> <span class='ocrx_word' id='word_1_63' title='bbox 1393 937 1488 991; x_wconf 78' lang='grc' dir='ltr'>καὶ</span> <span class='ocrx_word' id='word_1_64' title='bbox 1530 934 1854 1009; x_wconf 88' lang='grc' dir='ltr'>περισυλλέ-</span> 
     </span>
    </p>
   </div>
   <div class='ocr_carea' id='block_1_12' title="bbox 250 1028 1853 1103">
    <p class='ocr_par' dir='ltr' id='par_1_12' title="bbox 250 1028 1853 1103">
     <span class='ocr_line' id='line_1_12' title="bbox 250 1028 1853 1103; baseline -0.004 -16"><span class='ocrx_word' id='word_1_65' title='bbox 250 1049 422 1102; x_wconf 78' lang='grc' dir='ltr'>γοντα</span> <span class='ocrx_word' id='word_1_66' title='bbox 446 1031 547 1096; x_wconf 75' lang='grc' dir='ltr'><strong>τάς</strong></span> <span class='ocrx_word' id='word_1_67' title='bbox 580 1032 916 1103; x_wconf 83' lang='grc' dir='ltr'>εὐηχοτίρας</span> <span class='ocrx_word' id='word_1_68' title='bbox 961 1031 1147 1101; x_wconf 80' lang='grc' dir='ltr'>φωνάς</span> <span class='ocrx_word' id='word_1_69' title='bbox 1180 1033 1246 1085; x_wconf 84' lang='grc' dir='ltr'>ὲκ</span> <span class='ocrx_word' id='word_1_70' title='bbox 1289 1028 1741 1103; x_wconf 77' lang='grc' dir='ltr'><strong>συγγραμμάτων</strong></span> <span class='ocrx_word' id='word_1_71' title='bbox 1767 1045 1853 1082; x_wconf 77' lang='grc' dir='ltr'>τι·</span> 
     </span>
    </p>
   </div>
   <div class='ocr_carea' id='block_1_13' title="bbox 250 1120 1854 1194">
    <p class='ocr_par' dir='ltr' id='par_1_13' title="bbox 250 1120 1854 1194">
     <span class='ocr_line' id='line_1_13' title="bbox 250 1120 1854 1194; baseline -0.004 -17"><span class='ocrx_word' id='word_1_72' title='bbox 250 1122 383 1177; x_wconf 88' lang='grc' dir='ltr'>νῶν.</span> <span class='ocrx_word' id='word_1_73' title='bbox 412 1122 524 1176; x_wconf 82' lang='grc' dir='ltr'>Καὶ</span> <span class='ocrx_word' id='word_1_74' title='bbox 565 1120 754 1193; x_wconf 87' lang='grc' dir='ltr'>ῶσπερ</span> <span class='ocrx_word' id='word_1_75' title='bbox 782 1124 832 1175; x_wconf 89' lang='grc' dir='ltr'><strong>οί</strong></span> <span class='ocrx_word' id='word_1_76' title='bbox 861 1123 1069 1192; x_wconf 77' lang='grc' dir='ltr'>πτωχοὶ</span> <span class='ocrx_word' id='word_1_77' title='bbox 1109 1122 1197 1176; x_wconf 82' lang='grc' dir='ltr'>διὰ</span> <span class='ocrx_word' id='word_1_78' title='bbox 1230 1122 1464 1194; x_wconf 83' lang='grc' dir='ltr'>ἀπορίαν</span> <span class='ocrx_word' id='word_1_79' title='bbox 1508 1120 1760 1190; x_wconf 78' lang='grc' dir='ltr'>ἐσθῆτος,</span> <span class='ocrx_word' id='word_1_80' title='bbox 1787 1120 1854 1171; x_wconf 77' lang='grc' dir='ltr'>ἐκ</span> 
     </span>
    </p>
   </div>
   <div class='ocr_carea' id='block_1_14' title="bbox 251 1209 1855 1286">
    <p class='ocr_par' dir='ltr' id='par_1_14' title="bbox 251 1209 1855 1286">
     <span class='ocr_line' id='line_1_14' title="bbox 251 1209 1855 1286; baseline -0.003 -18"><span class='ocrx_word' id='word_1_81' title='bbox 251 1213 604 1286; x_wconf 74' lang='grc' dir='ltr'>ρακωμάτων</span> <span class='ocrx_word' id='word_1_82' title='bbox 633 1212 795 1267; x_wconf 89' lang='grc' dir='ltr'>τινῶν</span> <span class='ocrx_word' id='word_1_83' title='bbox 816 1213 942 1278; x_wconf 83' lang='grc' dir='ltr'>τοὺς</span> <span class='ocrx_word' id='word_1_84' title='bbox 975 1213 1211 1285; x_wconf 82' lang='grc' dir='ltr'>χιτῶνας</span> <span class='ocrx_word' id='word_1_85' title='bbox 1233 1214 1443 1277; x_wconf 79' lang='grc' dir='ltr'>ἑαυτοῖς</span> <span class='ocrx_word' id='word_1_86' title='bbox 1469 1209 1855 1285; x_wconf 81' lang='grc' dir='ltr'>περικεντοῦν-</span> 
     </span>
    </p>
   </div>
   <div class='ocr_carea' id='block_1_15' title="bbox 250 1301 1853 1376">
    <p class='ocr_par' dir='ltr' id='par_1_15' title="bbox 250 1301 1853 1376">
     <span class='ocr_line' id='line_1_15' title="bbox 250 1301 1853 1376; baseline -0.001 -19"><span class='ocrx_word' id='word_1_87' title='bbox 250 1322 346 1369; x_wconf 86' lang='grc' dir='ltr'><strong>τες</strong></span> <span class='ocrx_word' id='word_1_88' title='bbox 392 1304 800 1376; x_wconf 79' lang='grc' dir='ltr'>συρράπτουσιν</span> <span class='ocrx_word' id='word_1_89' title='bbox 818 1320 835 1335; x_wconf 71' lang='grc' dir='ltr'><strong>ο</strong></span> <span class='ocrx_word' id='word_1_90' title='bbox 875 1304 1020 1359; x_wconf 78' lang='grc' dir='ltr'>οὕτω</span> <span class='ocrx_word' id='word_1_91' title='bbox 1060 1305 1155 1358; x_wconf 74' lang='grc' dir='ltr'>καὶ</span> <span class='ocrx_word' id='word_1_92' title='bbox 1183 1304 1372 1359; x_wconf 80' lang='grc' dir='ltr'>τοῦτον</span> <span class='ocrx_word' id='word_1_93' title='bbox 1403 1304 1569 1376; x_wconf 84' lang='grc' dir='ltr'>ἀλλην</span> <span class='ocrx_word' id='word_1_94' title='bbox 1597 1301 1853 1373; x_wconf 86' lang='grc' dir='ltr'>ἀλλαχόθι</span> 
     </span>
    </p>
   </div>
   <div class='ocr_carea' id='block_1_16' title="bbox 222 1386 1855 1466">
    <p class='ocr_par' dir='ltr' id='par_1_16' title="bbox 222 1386 1855 1466">
     <span class='ocr_line' id='line_1_16' title="bbox 222 1386 1855 1466; baseline -0.001 -20"><span class='ocrx_word' id='word_1_95' title='bbox 222 1386 404 1461; x_wconf 75' lang='grc' dir='ltr'>λέξιν</span> <span class='ocrx_word' id='word_1_96' title='bbox 466 1393 951 1466; x_wconf 78' lang='grc' dir='ltr'>περιϐοσκόμενον,</span> <span class='ocrx_word' id='word_1_97' title='bbox 993 1393 1083 1449; x_wconf 84' lang='grc' dir='ltr'><strong>διά</strong></span> <span class='ocrx_word' id='word_1_98' title='bbox 1119 1394 1326 1448; x_wconf 84' lang='grc' dir='ltr'>τούτων</span> <span class='ocrx_word' id='word_1_99' title='bbox 1369 1392 1630 1465; x_wconf 76' lang='grc' dir='ltr'>ὲξυφῆναι</span> <span class='ocrx_word' id='word_1_100' title='bbox 1673 1390 1855 1463; x_wconf 77' lang='grc' dir='ltr'>ἑαυτῷ</span> 
     </span>
    </p>
   </div>
   <div class='ocr_carea' id='block_1_17' title="bbox 253 1480 1855 1558">
    <p class='ocr_par' dir='ltr' id='par_1_17' title="bbox 253 1480 1855 1558">
     <span class='ocr_line' id='line_1_17' title="bbox 253 1480 1855 1558; baseline -0.002 -21"><span class='ocrx_word' id='word_1_101' title='bbox 253 1485 351 1540; x_wconf 73' lang='grc' dir='ltr'>τοῦ</span> <span class='ocrx_word' id='word_1_102' title='bbox 379 1484 541 1554; x_wconf 84' lang='grc' dir='ltr'>λόγου</span> <span class='ocrx_word' id='word_1_103' title='bbox 585 1484 679 1539; x_wconf 81' lang='grc' dir='ltr'>τὸν</span> <span class='ocrx_word' id='word_1_104' title='bbox 726 1485 1028 1558; x_wconf 82' lang='grc' dir='ltr'>κέντρωνα,</span> <span class='ocrx_word' id='word_1_105' title='bbox 1071 1486 1175 1539; x_wconf 83' lang='grc' dir='ltr'>οὐκ</span> <span class='ocrx_word' id='word_1_106' title='bbox 1201 1482 1599 1555; x_wconf 84' lang='grc' dir='ltr'>ἀταλαιπώρως</span> <span class='ocrx_word' id='word_1_107' title='bbox 1637 1480 1855 1536; x_wconf 80' lang='grc' dir='ltr'>διακολ-</span> 
     </span>
    </p>
   </div>
   <div class='ocr_carea' id='block_1_18' title="bbox 254 1571 1850 1646">
    <p class='ocr_par' dir='ltr' id='par_1_18' title="bbox 254 1571 1850 1646">
     <span class='ocr_line' id='line_1_18' title="bbox 254 1571 1850 1646; baseline 0.002 -22"><span class='ocrx_word' id='word_1_108' title='bbox 254 1571 434 1626; x_wconf 88' lang='grc' dir='ltr'>λῶντα</span> <span class='ocrx_word' id='word_1_109' title='bbox 456 1571 558 1645; x_wconf 77' lang='grc' dir='ltr'>τὴν</span> <span class='ocrx_word' id='word_1_110' title='bbox 585 1590 650 1627; x_wconf 92' lang='grc' dir='ltr'><strong>συ</strong></span> <span class='ocrx_word' id='word_1_111' title='bbox 657 1573 861 1646; x_wconf 75' lang='grc' dir='ltr'>μδολὴν</span> <span class='ocrx_word' id='word_1_112' title='bbox 882 1573 993 1629; x_wconf 90' lang='grc' dir='ltr'><strong>τῶν</strong></span> <span class='ocrx_word' id='word_1_113' title='bbox 1021 1575 1287 1646; x_wconf 79' lang='grc' dir='ltr'>ῥημάτων</span> <span class='ocrx_word' id='word_1_114' title='bbox 1306 1574 1402 1628; x_wconf 82' lang='grc' dir='ltr'>καὶ</span> <span class='ocrx_word' id='word_1_115' title='bbox 1423 1572 1850 1645; x_wconf 74' lang='grc' dir='ltr'>συναρμόζοντα.</span> 
     </span>
    </p>
   </div>
   <div class='ocr_carea' id='block_1_19' title="bbox 256 1656 1856 1739">
    <p class='ocr_par' dir='ltr' id='par_1_19' title="bbox 256 1656 1856 1739">
     <span class='ocr_line' id='line_1_19' title="bbox 256 1656 1856 1739; baseline 0.001 -21"><span class='ocrx_word' id='word_1_116' title='bbox 256 1656 333 1718; x_wconf 76' lang='grc' dir='ltr'>Οὗ</span> <span class='ocrx_word' id='word_1_117' title='bbox 366 1664 432 1717; x_wconf 83' lang='grc' dir='ltr'>τὸ</span> <span class='ocrx_word' id='word_1_118' title='bbox 467 1664 727 1736; x_wconf 77' lang='grc' dir='ltr'><strong>γλίσχρον</strong></span> <span class='ocrx_word' id='word_1_119' title='bbox 764 1666 860 1720; x_wconf 80' lang='grc' dir='ltr'>καὶ</span> <span class='ocrx_word' id='word_1_120' title='bbox 894 1667 1261 1739; x_wconf 87' lang='grc' dir='ltr'>μειρακιῶδες</span> <span class='ocrx_word' id='word_1_121' title='bbox 1300 1667 1401 1738; x_wconf 86' lang='grc' dir='ltr'>τῆς</span> <span class='ocrx_word' id='word_1_122' title='bbox 1433 1665 1744 1737; x_wconf 77' lang='grc' dir='ltr'>φιλοτιμίας</span> <span class='ocrx_word' id='word_1_123' title='bbox 1773 1666 1856 1728; x_wconf 71' lang='grc' dir='ltr'>εἰς</span> 
     </span>
    </p>
   </div>
   <div class='ocr_carea' id='block_1_20' title="bbox 258 1742 1929 1829">
    <p class='ocr_par' dir='ltr' id='par_1_20' title="bbox 258 1742 1929 1829">
     <span class='ocr_line' id='line_1_20' title="bbox 258 1742 1929 1829; baseline 0 -18"><span class='ocrx_word' id='word_1_124' title='bbox 258 1756 498 1828; x_wconf 76' lang='grc' dir='ltr'>ἅμιλλαν</span> <span class='ocrx_word' id='word_1_125' title='bbox 521 1757 678 1828; x_wconf 74' lang='grc' dir='ltr'>ἀνδρὶ</span> <span class='ocrx_word' id='word_1_126' title='bbox 709 1757 848 1829; x_wconf 82' lang='grc' dir='ltr'>πρὸς</span> <span class='ocrx_word' id='word_1_127' title='bbox 874 1757 1134 1829; x_wconf 79' lang='grc' dir='ltr'>ἀλήθειαν</span> <span class='ocrx_word' id='word_1_128' title='bbox 1161 1758 1410 1829; x_wconf 81' lang='grc' dir='ltr'>βλέποντι</span> <span class='ocrx_word' id='word_1_129' title='bbox 1436 1756 1694 1811; x_wconf 82' lang='grc' dir='ltr'>τοσοῦτον</span> <span class='ocrx_word' id='word_1_130' title='bbox 1719 1754 1857 1812; x_wconf 81' lang='grc' dir='ltr'>ἀπό·</span> <span class='ocrx_word' id='word_1_131' title='bbox 1889 1742 1929 1797; x_wconf 75' lang='grc' dir='ltr'><strong><em>Β</em></strong></span> 
     </span>
    </p>
   </div>
   <div class='ocr_carea' id='block_1_21' title="bbox 260 1846 1858 1922">
    <p class='ocr_par' dir='ltr' id='par_1_21' title="bbox 260 1846 1858 1922">
     <span class='ocr_line' id='line_1_21' title="bbox 260 1846 1858 1922; baseline 0 -21"><span class='ocrx_word' id='word_1_132' title='bbox 260 1849 481 1920; x_wconf 75' lang='grc' dir='ltr'>ὄλητον,</span> <span class='ocrx_word' id='word_1_133' title='bbox 512 1849 639 1903; x_wconf 84' lang='grc' dir='ltr'>ὅσον</span> <span class='ocrx_word' id='word_1_134' title='bbox 670 1848 876 1921; x_wconf 79' lang='grc' dir='ltr'>ἀθλητῇ</span> <span class='ocrx_word' id='word_1_135' title='bbox 921 1867 1029 1904; x_wconf 88' lang='grc' dir='ltr'>τινι</span> <span class='ocrx_word' id='word_1_136' title='bbox 1056 1848 1167 1904; x_wconf 88' lang='grc' dir='ltr'><strong>τῶν</strong></span> <span class='ocrx_word' id='word_1_137' title='bbox 1209 1848 1494 1922; x_wconf 80' lang='grc' dir='ltr'>καρτερῶν</span> <span class='ocrx_word' id='word_1_138' title='bbox 1525 1864 1588 1902; x_wconf 85' lang='grc' dir='ltr'><strong>τε</strong></span> <span class='ocrx_word' id='word_1_139' title='bbox 1631 1847 1728 1902; x_wconf 78' lang='grc' dir='ltr'>καὶ</span> <span class='ocrx_word' id='word_1_140' title='bbox 1770 1846 1858 1914; x_wconf 75' lang='grc' dir='ltr'><strong>ἐξ·</strong></span> 
     </span>
    </p>
   </div>
   <div class='ocr_carea' id='block_1_22' title="bbox 258 1936 1854 2013">
    <p class='ocr_par' dir='ltr' id='par_1_22' title="bbox 258 1936 1854 2013">
     <span class='ocr_line' id='line_1_22' title="bbox 258 1936 1854 2013; baseline 0 -22"><span class='ocrx_word' id='word_1_141' title='bbox 258 1939 421 2010; x_wconf 82' lang='grc' dir='ltr'>ὠρων</span> <span class='ocrx_word' id='word_1_142' title='bbox 460 1940 524 1995; x_wconf 82' lang='grc' dir='ltr'>τὸ</span> <span class='ocrx_word' id='word_1_143' title='bbox 554 1940 643 1995; x_wconf 87' lang='grc' dir='ltr'><strong>διά</strong></span> <span class='ocrx_word' id='word_1_144' title='bbox 674 1941 996 2012; x_wconf 81' lang='grc' dir='ltr'>περιεργίας</span> <span class='ocrx_word' id='word_1_145' title='bbox 1022 1941 1384 2013; x_wconf 63' lang='grc' dir='ltr'>κομμωικῆς</span> <span class='ocrx_word' id='word_1_146' title='bbox 1416 1936 1854 2009; x_wconf 77' lang='grc' dir='ltr'>γυναικίςεσθαι.</span> 
     </span>
    </p>
   </div>
   <div class='ocr_carea' id='block_1_23' title="bbox 273 2030 1858 2103">
    <p class='ocr_par' dir='ltr' id='par_1_23' title="bbox 273 2030 1858 2103">
     <span class='ocr_line' id='line_1_23' title="bbox 273 2030 1858 2103; baseline -0.001 -19"><span class='ocrx_word' id='word_1_147' title='bbox 273 2030 439 2085; x_wconf 80' lang='grc' dir='ltr'>Ἀλλά</span> <span class='ocrx_word' id='word_1_148' title='bbox 470 2049 560 2102; x_wconf 91' lang='grc' dir='ltr'><strong>μοι</strong></span> <span class='ocrx_word' id='word_1_149' title='bbox 584 2032 733 2087; x_wconf 86' lang='grc' dir='ltr'><strong>δοκεῖ</strong></span> <span class='ocrx_word' id='word_1_150' title='bbox 757 2033 850 2087; x_wconf 82' lang='grc' dir='ltr'>τὸν</span> <span class='ocrx_word' id='word_1_151' title='bbox 872 2032 1073 2088; x_wconf 81' lang='grc' dir='ltr'>σκοπὸν</span> <span class='ocrx_word' id='word_1_152' title='bbox 1102 2032 1199 2087; x_wconf 82' lang='grc' dir='ltr'>τοῦ</span> <span class='ocrx_word' id='word_1_153' title='bbox 1228 2032 1431 2097; x_wconf 78' lang='grc' dir='ltr'>παντὸς</span> <span class='ocrx_word' id='word_1_154' title='bbox 1457 2031 1858 2103; x_wconf 76' lang='grc' dir='ltr'>ἐγχειρήματος</span> 
     </span>
    </p>
   </div>
   <div class='ocr_carea' id='block_1_24' title="bbox 257 2121 1859 2202">
    <p class='ocr_par' dir='ltr' id='par_1_24' title="bbox 257 2121 1859 2202">
     <span class='ocr_line' id='line_1_24' title="bbox 257 2121 1859 2202; baseline -0.002 -24"><span class='ocrx_word' id='word_1_155' title='bbox 257 2123 328 2179; x_wconf 79' lang='grc' dir='ltr'><strong>δι’</strong></span> <span class='ocrx_word' id='word_1_156' title='bbox 367 2124 570 2193; x_wconf 82' lang='grc' dir='ltr'>ὀλίγων</span> <span class='ocrx_word' id='word_1_157' title='bbox 610 2124 1003 2197; x_wconf 69' lang='grc' dir='ltr'>ἐπιδραμόντα,</span> <span class='ocrx_word' id='word_1_158' title='bbox 1036 2125 1137 2190; x_wconf 80' lang='grc' dir='ltr'><strong>τὰς</strong></span> <span class='ocrx_word' id='word_1_159' title='bbox 1179 2125 1397 2199; x_wconf 77' lang='grc' dir='ltr'>μακρὰς</span> <span class='ocrx_word' id='word_1_160' title='bbox 1431 2123 1711 2202; x_wconf 77' lang='grc' dir='ltr'>περιόδους</span> <span class='ocrx_word' id='word_1_161' title='bbox 1740 2121 1859 2193; x_wconf 85' lang='grc' dir='ltr'>χαί-</span> 
     </span>
    </p>
   </div>
   <div class='ocr_carea' id='block_1_25' title="bbox 264 2215 1858 2293">
    <p class='ocr_par' dir='ltr' id='par_1_25' title="bbox 264 2215 1858 2293">
     <span class='ocr_line' id='line_1_25' title="bbox 264 2215 1858 2293; baseline -0.002 -22"><span class='ocrx_word' id='word_1_162' title='bbox 264 2235 382 2289; x_wconf 80' lang='grc' dir='ltr'>ρειν</span> <span class='ocrx_word' id='word_1_163' title='bbox 420 2219 603 2273; x_wconf 70' lang='grc' dir='ltr'>ἐᾶσαι.</span> <span class='ocrx_word' id='word_1_164' title='bbox 648 2217 859 2272; x_wconf 76' lang='grc' dir='ltr'>Οὐκοῦν</span> <span class='ocrx_word' id='word_1_165' title='bbox 904 2218 1123 2290; x_wconf 74' lang='grc' dir='ltr'>εἴρηται</span> <span class='ocrx_word' id='word_1_166' title='bbox 1164 2220 1293 2293; x_wconf 81' lang='grc' dir='ltr'>παρ’</span> <span class='ocrx_word' id='word_1_167' title='bbox 1322 2217 1483 2290; x_wconf 77' lang='grc' dir='ltr'>ἡμῶν</span> <span class='ocrx_word' id='word_1_168' title='bbox 1506 2231 1521 2246; x_wconf 81' lang='grc'><strong>⁸</strong></span> <span class='ocrx_word' id='word_1_169' title='bbox 1553 2215 1858 2285; x_wconf 79' lang='grc' dir='ltr'>οἱκειοῦμαι</span> 
     </span>
    </p>
   </div>
   <div class='ocr_carea' id='block_1_26' title="bbox 261 2306 1859 2382">
    <p class='ocr_par' dir='ltr' id='par_1_26' title="bbox 261 2306 1859 2382">
     <span class='ocr_line' id='line_1_26' title="bbox 261 2306 1859 2382; baseline -0.003 -19"><span class='ocrx_word' id='word_1_170' title='bbox 261 2310 374 2382; x_wconf 81' lang='grc' dir='ltr'><strong>γάρ</strong></span> <span class='ocrx_word' id='word_1_171' title='bbox 400 2309 499 2364; x_wconf 83' lang='grc' dir='ltr'><strong>τοῦ</strong></span> <span class='ocrx_word' id='word_1_172' title='bbox 530 2310 853 2365; x_wconf 75' lang='grc' dir='ltr'>διδασκάλου</span> <span class='ocrx_word' id='word_1_173' title='bbox 879 2310 972 2364; x_wconf 79' lang='grc' dir='ltr'>τὸν</span> <span class='ocrx_word' id='word_1_174' title='bbox 1001 2310 1158 2380; x_wconf 87' lang='grc' dir='ltr'>λόγον</span> <span class='ocrx_word' id='word_1_175' title='bbox 1176 2328 1192 2342; x_wconf 92' lang='grc'><strong>·</strong></span> <span class='ocrx_word' id='word_1_176' title='bbox 1224 2311 1309 2364; x_wconf 85' lang='grc' dir='ltr'>ὅτι</span> <span class='ocrx_word' id='word_1_177' title='bbox 1339 2310 1442 2380; x_wconf 82' lang='grc' dir='ltr'>τῆς</span> <span class='ocrx_word' id='word_1_178' title='bbox 1464 2307 1617 2371; x_wconf 80' lang='grc' dir='ltr'>Θείας</span> <span class='ocrx_word' id='word_1_179' title='bbox 1646 2306 1859 2378; x_wconf 80' lang='grc' dir='ltr'>φύσεως</span> 
     </span>
    </p>
   </div>
   <div class='ocr_carea' id='block_1_27' title="bbox 262 2397 1860 2475">
    <p class='ocr_par' dir='ltr' id='par_1_27' title="bbox 262 2397 1860 2475">
     <span class='ocr_line' id='line_1_27' title="bbox 262 2397 1860 2475; baseline -0.004 -20"><span class='ocrx_word' id='word_1_180' title='bbox 262 2402 522 2473; x_wconf 69' lang='grc' dir='ltr'>ἀμυδρὰν</span> <span class='ocrx_word' id='word_1_181' title='bbox 553 2402 652 2473; x_wconf 81' lang='grc' dir='ltr'>μὲν</span> <span class='ocrx_word' id='word_1_182' title='bbox 680 2403 773 2455; x_wconf 76' lang='grc' dir='ltr'>καὶ</span> <span class='ocrx_word' id='word_1_183' title='bbox 818 2401 1165 2475; x_wconf 81' lang='grc' dir='ltr'>βραχυτάτην</span> <span class='ocrx_word' id='word_1_184' title='bbox 1192 2401 1389 2473; x_wconf 76' lang='grc' dir='ltr'>ἔχομεν</span> <span class='ocrx_word' id='word_1_185' title='bbox 1433 2398 1524 2455; x_wconf 83' lang='grc' dir='ltr'><strong>διά</strong></span> <span class='ocrx_word' id='word_1_186' title='bbox 1561 2398 1673 2453; x_wconf 88' lang='grc' dir='ltr'><strong>τῶν</strong></span> <span class='ocrx_word' id='word_1_187' title='bbox 1711 2397 1860 2466; x_wconf 83' lang='grc' dir='ltr'>λογι-</span> 
     </span>
    </p>
   </div>
   <div class='ocr_carea' id='block_1_28' title="bbox 264 2487 1862 2564">
    <p class='ocr_par' dir='ltr' id='par_1_28' title="bbox 264 2487 1862 2564">
     <span class='ocr_line' id='line_1_28' title="bbox 264 2487 1862 2564; baseline -0.002 -19"><span class='ocrx_word' id='word_1_188' title='bbox 264 2491 427 2563; x_wconf 88' lang='grc' dir='ltr'>σμῶν</span> <span class='ocrx_word' id='word_1_189' title='bbox 460 2490 561 2563; x_wconf 84' lang='grc' dir='ltr'>τὴν</span> <span class='ocrx_word' id='word_1_190' title='bbox 596 2491 910 2564; x_wconf 67' lang='grc' dir='ltr'>ἀντίληψιν*</span> <span class='ocrx_word' id='word_1_191' title='bbox 944 2492 1274 2563; x_wconf 83' lang='grc' dir='ltr'>ἀποχρῶσαν</span> <span class='ocrx_word' id='word_1_192' title='bbox 1297 2492 1344 2545; x_wconf 77' lang='grc' dir='ltr'>δ’</span> <span class='ocrx_word' id='word_1_193' title='bbox 1377 2492 1527 2563; x_wconf 82' lang='grc' dir='ltr'>ὅμως</span> <span class='ocrx_word' id='word_1_194' title='bbox 1555 2490 1621 2561; x_wconf 77' lang='grc' dir='ltr'>τῇ</span> <span class='ocrx_word' id='word_1_195' title='bbox 1659 2487 1862 2562; x_wconf 79' lang='grc' dir='ltr'>βραχύ-</span> 
     </span>
    </p>
   </div>
   <div class='ocr_carea' id='block_1_29' title="bbox 260 2571 1861 2659">
    <p class='ocr_par' dir='ltr' id='par_1_29' title="bbox 260 2571 1861 2659">
     <span class='ocr_line' id='line_1_29' title="bbox 260 2571 1861 2659; baseline 0 -20"><span class='ocrx_word' id='word_1_196' title='bbox 260 2602 392 2657; x_wconf 80' lang='grc' dir='ltr'>τητι</span> <span class='ocrx_word' id='word_1_197' title='bbox 420 2586 520 2656; x_wconf 84' lang='grc' dir='ltr'>τῆς</span> <span class='ocrx_word' id='word_1_198' title='bbox 547 2585 829 2656; x_wconf 83' lang='grc' dir='ltr'>δυνάμεως</span> <span class='ocrx_word' id='word_1_199' title='bbox 854 2585 1012 2658; x_wconf 81' lang='grc' dir='ltr'>ἡμῶν</span> <span class='ocrx_word' id='word_1_200' title='bbox 1038 2571 1129 2638; x_wconf 72' lang='grc' dir='ltr'><strong>διᾶ</strong></span> <span class='ocrx_word' id='word_1_201' title='bbox 1151 2586 1260 2639; x_wconf 90' lang='grc' dir='ltr'><strong>τῶν</strong></span> <span class='ocrx_word' id='word_1_202' title='bbox 1288 2585 1570 2656; x_wconf 83' lang='grc' dir='ltr'>ὀνομάτων</span> <span class='ocrx_word' id='word_1_203' title='bbox 1591 2587 1701 2642; x_wconf 89' lang='grc' dir='ltr'><strong>τῶν</strong></span> <span class='ocrx_word' id='word_1_204' title='bbox 1732 2604 1799 2641; x_wconf 86' lang='grc' dir='ltr'><strong>πε</strong></span> <span class='ocrx_word' id='word_1_205' title='bbox 1808 2587 1861 2659; x_wconf 77' lang='grc' dir='ltr'>ρὶ</span> 
     </span>
    </p>
   </div>
   <div class='ocr_carea' id='block_1_30' title="bbox 263 2676 1859 2751">
    <p class='ocr_par' dir='ltr' id='par_1_30' title="bbox 263 2676 1859 2751">
     <span class='ocr_line' id='line_1_30' title="bbox 263 2676 1859 2751; baseline 0.001 -18"><span class='ocrx_word' id='word_1_206' title='bbox 263 2678 441 2751; x_wconf 78' lang='grc' dir='ltr'>αὐτὴν</span> <span class='ocrx_word' id='word_1_207' title='bbox 472 2678 711 2742; x_wconf 74' lang='grc' dir='ltr'>εὐσεϐῶς</span> <span class='ocrx_word' id='word_1_208' title='bbox 757 2678 1066 2750; x_wconf 83' lang='grc' dir='ltr'>λεγομένων</span> <span class='ocrx_word' id='word_1_209' title='bbox 1094 2676 1193 2751; x_wconf 82' lang='grc' dir='ltr'>τὴν</span> <span class='ocrx_word' id='word_1_210' title='bbox 1231 2678 1434 2747; x_wconf 89' lang='grc' dir='ltr'>γνῶσιν</span> <span class='ocrx_word' id='word_1_211' title='bbox 1473 2678 1859 2751; x_wconf 80' lang='grc' dir='ltr'>ὲρανιζόμεθα.</span> 
     </span>
    </p>
   </div>
   <div class='ocr_carea' id='block_1_31' title="bbox 260 2768 1861 2843">
    <p class='ocr_par' dir='ltr' id='par_1_31' title="bbox 260 2768 1861 2843">
     <span class='ocr_line' id='line_1_31' title="bbox 260 2768 1861 2843; baseline 0.002 -22"><span class='ocrx_word' id='word_1_212' title='bbox 260 2768 495 2822; x_wconf 78' lang='grc' dir='ltr'>Τούτων</span> <span class='ocrx_word' id='word_1_213' title='bbox 521 2768 578 2823; x_wconf 79' lang='grc' dir='ltr'>δέ</span> <span class='ocrx_word' id='word_1_214' title='bbox 607 2785 790 2841; x_wconf 84' lang='grc' dir='ltr'>φαμεν</span> <span class='ocrx_word' id='word_1_215' title='bbox 816 2768 927 2822; x_wconf 88' lang='grc' dir='ltr'><strong>τῶν</strong></span> <span class='ocrx_word' id='word_1_216' title='bbox 954 2768 1237 2840; x_wconf 80' lang='grc' dir='ltr'>ὀνομάτων</span> <span class='ocrx_word' id='word_1_217' title='bbox 1262 2770 1325 2822; x_wconf 81' lang='grc' dir='ltr'>οὐ</span> <span class='ocrx_word' id='word_1_218' title='bbox 1363 2770 1608 2843; x_wconf 80' lang='grc' dir='ltr'>μονοειδῆ</span> <span class='ocrx_word' id='word_1_219' title='bbox 1643 2771 1861 2825; x_wconf 77' lang='grc' dir='ltr'>πάντων</span> 
     </span>
    </p>
   </div>
   <div class='ocr_carea' id='block_1_32' title="bbox 262 2858 1864 2935">
    <p class='ocr_par' dir='ltr' id='par_1_32' title="bbox 262 2858 1864 2935">
     <span class='ocr_line' id='line_1_32' title="bbox 262 2858 1864 2935; baseline 0 -20"><span class='ocrx_word' id='word_1_220' title='bbox 262 2858 414 2916; x_wconf 76' lang='grc' dir='ltr'>εἶναι</span> <span class='ocrx_word' id='word_1_221' title='bbox 438 2860 539 2933; x_wconf 81' lang='grc' dir='ltr'>τὴν</span> <span class='ocrx_word' id='word_1_222' title='bbox 567 2862 863 2933; x_wconf 82' lang='grc' dir='ltr'>σημασίαν,</span> <span class='ocrx_word' id='word_1_223' title='bbox 889 2860 1025 2916; x_wconf 86' lang='grc' dir='ltr'><strong>ἀλλά</strong></span> <span class='ocrx_word' id='word_1_224' title='bbox 1059 2860 1128 2915; x_wconf 84' lang='grc' dir='ltr'><strong>τά</strong></span> <span class='ocrx_word' id='word_1_225' title='bbox 1160 2862 1258 2932; x_wconf 86' lang='grc' dir='ltr'>μὲν</span> <span class='ocrx_word' id='word_1_226' title='bbox 1298 2861 1408 2915; x_wconf 87' lang='grc' dir='ltr'><strong>τῶν</strong></span> <span class='ocrx_word' id='word_1_227' title='bbox 1446 2864 1757 2935; x_wconf 83' lang='grc' dir='ltr'>προσόντων</span> <span class='ocrx_word' id='word_1_228' title='bbox 1782 2861 1864 2935; x_wconf 83' lang='grc' dir='ltr'>τῷ</span> 
     </span>
    </p>
   </div>
   <div class='ocr_carea' id='block_1_33' title="bbox 216 2920 1860 3029">
    <p class='ocr_par' dir='ltr' id='par_1_33' title="bbox 216 2920 1860 3029">
     <span class='ocr_line' id='line_1_33' title="bbox 216 2920 1860 3029; baseline -0.001 -17"><span class='ocrx_word' id='word_1_229' title='bbox 216 2920 415 3027; x_wconf 61' lang='grc' dir='ltr'>(Θεῷ,</span> <span class='ocrx_word' id='word_1_230' title='bbox 457 2920 527 3009; x_wconf 69' lang='grc' dir='ltr'><strong>τά</strong></span> <span class='ocrx_word' id='word_1_231' title='bbox 571 2920 777 3010; x_wconf 48' lang='grc' dir='ltr'>δίτῶν</span> <span class='ocrx_word' id='word_1_232' title='bbox 811 2920 1244 3025; x_wconf 69' lang='grc' dir='ltr'>ἀποπεφυκότων</span> <span class='ocrx_word' id='word_1_233' title='bbox 1290 2953 1403 3025; x_wconf 74' lang='grc' dir='ltr'>ἔχει</span> <span class='ocrx_word' id='word_1_234' title='bbox 1449 2920 1548 3028; x_wconf 58' lang='grc' dir='ltr'><strong>την</strong></span> <span class='ocrx_word' id='word_1_235' title='bbox 1591 2920 1860 3029; x_wconf 52' lang='lat' dir='ltr'><strong>{generer</strong></span> 
     </span>
    </p>
   </div>
   <div class='ocr_carea' id='block_1_34' title="bbox 262 3044 1866 3119">
    <p class='ocr_par' dir='ltr' id='par_1_34' title="bbox 262 3044 1866 3119">
     <span class='ocr_line' id='line_1_34' title="bbox 262 3044 1866 3119; baseline 0.001 -18"><span class='ocrx_word' id='word_1_236' title='bbox 262 3044 408 3114; x_wconf 72' lang='grc' dir='ltr'>οἷον,</span> <span class='ocrx_word' id='word_1_237' title='bbox 442 3047 648 3103; x_wconf 89' lang='grc' dir='ltr'>δίκαιον</span> <span class='ocrx_word' id='word_1_238' title='bbox 668 3047 831 3102; x_wconf 78' lang='grc' dir='ltr'>αὑτὸν</span> <span class='ocrx_word' id='word_1_239' title='bbox 859 3047 954 3103; x_wconf 65' lang='grc' dir='ltr'>καὶ</span> <span class='ocrx_word' id='word_1_240' title='bbox 976 3046 1254 3119; x_wconf 76' lang='grc' dir='ltr'>ἄφθαρτον</span> <span class='ocrx_word' id='word_1_241' title='bbox 1274 3046 1528 3119; x_wconf 83' lang='grc' dir='ltr'>λέγομεν,</span> <span class='ocrx_word' id='word_1_242' title='bbox 1562 3047 1642 3118; x_wconf 84' lang='grc' dir='ltr'>τῷ</span> <span class='ocrx_word' id='word_1_243' title='bbox 1676 3048 1775 3119; x_wconf 83' lang='grc' dir='ltr'>μὲν</span> <span class='ocrx_word' id='word_1_244' title='bbox 1792 3049 1866 3102; x_wconf 87' lang='grc' dir='ltr'>δι-</span> 
     </span>
    </p>
   </div>
   <div class='ocr_carea' id='block_1_35' title="bbox 265 3138 1865 3212">
    <p class='ocr_par' dir='ltr' id='par_1_35' title="bbox 265 3138 1865 3212">
     <span class='ocr_line' id='line_1_35' title="bbox 265 3138 1865 3212; baseline -0.002 -16"><span class='ocrx_word' id='word_1_245' title='bbox 265 3141 439 3212; x_wconf 86' lang='grc' dir='ltr'>καίῳ,</span> <span class='ocrx_word' id='word_1_246' title='bbox 478 3140 542 3195; x_wconf 74' lang='grc' dir='ltr'><strong>τὸ</strong></span> <span class='ocrx_word' id='word_1_247' title='bbox 579 3143 862 3212; x_wconf 82' lang='grc' dir='ltr'>προσεῖναι</span> <span class='ocrx_word' id='word_1_248' title='bbox 898 3138 1279 3211; x_wconf 82' lang='grc' dir='ltr'>δικαιοσύνην·</span> <span class='ocrx_word' id='word_1_249' title='bbox 1306 3139 1386 3211; x_wconf 84' lang='grc' dir='ltr'>τῷ</span> <span class='ocrx_word' id='word_1_250' title='bbox 1420 3138 1477 3193; x_wconf 79' lang='grc' dir='ltr'>δὲ</span> <span class='ocrx_word' id='word_1_251' title='bbox 1506 3139 1769 3212; x_wconf 79' lang='grc' dir='ltr'>ἀφθάρτῳ</span> <span class='ocrx_word' id='word_1_252' title='bbox 1803 3139 1865 3193; x_wconf 83' lang='grc' dir='ltr'>τὸ</span> 
     </span>
    </p>
   </div>
   <div class='ocr_carea' id='block_1_36' title="bbox 271 3217 1865 3306">
    <p class='ocr_par' dir='ltr' id='par_1_36' title="bbox 271 3217 1865 3306">
     <span class='ocr_line' id='line_1_36' title="bbox 271 3217 1865 3306; baseline -0.001 -19"><span class='ocrx_word' id='word_1_253' title='bbox 271 3235 353 3306; x_wconf 81' lang='grc' dir='ltr'>μὴ</span> <span class='ocrx_word' id='word_1_254' title='bbox 383 3236 670 3305; x_wconf 79' lang='grc' dir='ltr'>προσεῖναι</span> <span class='ocrx_word' id='word_1_255' title='bbox 705 3232 911 3306; x_wconf 70' lang='grc' dir='ltr'>φθορὰν</span> <span class='ocrx_word' id='word_1_256' title='bbox 951 3217 1369 3304; x_wconf 71' lang='grc' dir='ltr'>ἐνδεικνύμενοι.</span> <span class='ocrx_word' id='word_1_257' title='bbox 1414 3230 1631 3298; x_wconf 81' lang='grc' dir='ltr'>Ἔξεστι</span> <span class='ocrx_word' id='word_1_258' title='bbox 1672 3231 1731 3285; x_wconf 80' lang='grc' dir='ltr'>δὲ</span> <span class='ocrx_word' id='word_1_259' title='bbox 1760 3229 1865 3286; x_wconf 87' lang='grc' dir='ltr'>πά-</span> 
     </span>
    </p>
   </div>
   <div class='ocr_carea' id='block_1_37' title="bbox 268 3323 1865 3397">
    <p class='ocr_par' dir='ltr' id='par_1_37' title="bbox 268 3323 1865 3397">
     <span class='ocr_line' id='line_1_37' title="bbox 268 3323 1865 3397; baseline -0.003 -15"><span class='ocrx_word' id='word_1_260' title='bbox 268 3327 357 3382; x_wconf 87' lang='grc' dir='ltr'><strong>λιν</strong></span> <span class='ocrx_word' id='word_1_261' title='bbox 386 3328 485 3381; x_wconf 82' lang='grc' dir='ltr'><strong>καὶ</strong></span> <span class='ocrx_word' id='word_1_262' title='bbox 522 3325 906 3392; x_wconf 79' lang='grc' dir='ltr'>ὑπαλλάξαντα</span> <span class='ocrx_word' id='word_1_263' title='bbox 932 3324 1032 3389; x_wconf 82' lang='grc' dir='ltr'>τὰς</span> <span class='ocrx_word' id='word_1_264' title='bbox 1064 3323 1337 3397; x_wconf 76' lang='grc' dir='ltr'>σημασίας</span> <span class='ocrx_word' id='word_1_265' title='bbox 1372 3323 1513 3378; x_wconf 86' lang='grc' dir='ltr'><strong>κατά</strong></span> <span class='ocrx_word' id='word_1_266' title='bbox 1541 3324 1603 3377; x_wconf 83' lang='grc' dir='ltr'>τὸ</span> <span class='ocrx_word' id='word_1_267' title='bbox 1633 3323 1865 3394; x_wconf 85' lang='grc' dir='ltr'>ἔμπαλιν</span> 
     </span>
    </p>
   </div>
   <div class='ocr_carea' id='block_1_38' title="bbox 271 3414 1866 3491">
    <p class='ocr_par' dir='ltr' id='par_1_38' title="bbox 271 3414 1866 3491">
     <span class='ocr_line' id='line_1_38' title="bbox 271 3414 1866 3491; baseline -0.003 -18"><span class='ocrx_word' id='word_1_268' title='bbox 271 3417 575 3491; x_wconf 73' lang='grc' dir='ltr'>προσφυῶς</span> <span class='ocrx_word' id='word_1_269' title='bbox 603 3417 913 3490; x_wconf 75' lang='grc' dir='ltr'>ἐφαρμόσαι</span> <span class='ocrx_word' id='word_1_270' title='bbox 946 3416 1026 3489; x_wconf 82' lang='grc' dir='ltr'><strong>τῷ</strong></span> <span class='ocrx_word' id='word_1_271' title='bbox 1062 3416 1183 3488; x_wconf 84' lang='grc' dir='ltr'><strong>Θεῷ</strong></span> <span class='ocrx_word' id='word_1_272' title='bbox 1210 3415 1281 3469; x_wconf 83' lang='grc' dir='ltr'>τὰ</span> <span class='ocrx_word' id='word_1_273' title='bbox 1315 3416 1588 3486; x_wconf 80' lang='grc' dir='ltr'>ὀνόματα’</span> <span class='ocrx_word' id='word_1_274' title='bbox 1624 3414 1764 3469; x_wconf 80' lang='grc' dir='ltr'>ὥστε</span> <span class='ocrx_word' id='word_1_275' title='bbox 1787 3415 1866 3488; x_wconf 79' lang='grc' dir='ltr'><strong>τῷ</strong></span> 
     </span>
    </p>
   </div>
   <div class='ocr_carea' id='block_1_39' title="bbox 274 3507 1868 3584">
    <p class='ocr_par' dir='ltr' id='par_1_39' title="bbox 274 3507 1868 3584">
     <span class='ocr_line' id='line_1_39' title="bbox 274 3507 1868 3584; baseline -0.003 -18"><span class='ocrx_word' id='word_1_276' title='bbox 274 3513 377 3584; x_wconf 72' lang='grc' dir='ltr'>μὲν</span> <span class='ocrx_word' id='word_1_277' title='bbox 410 3511 837 3582; x_wconf 77' lang='grc' dir='ltr'>ἀπεμφαίνοντι,</span> <span class='ocrx_word' id='word_1_278' title='bbox 885 3509 948 3564; x_wconf 79' lang='grc' dir='ltr'>τὸ</span> <span class='ocrx_word' id='word_1_279' title='bbox 993 3512 1215 3573; x_wconf 86' lang='grc' dir='ltr'>οίκείον,</span> <span class='ocrx_word' id='word_1_280' title='bbox 1266 3507 1346 3580; x_wconf 87' lang='grc' dir='ltr'>τῷ</span> <span class='ocrx_word' id='word_1_281' title='bbox 1375 3507 1432 3562; x_wconf 84' lang='grc' dir='ltr'>δὲ</span> <span class='ocrx_word' id='word_1_282' title='bbox 1484 3508 1762 3579; x_wconf 89' lang='grc' dir='ltr'>προσόντι,</span> <span class='ocrx_word' id='word_1_283' title='bbox 1806 3508 1868 3562; x_wconf 80' lang='grc' dir='ltr'>τὸ</span> 
     </span>
    </p>
   </div>
   <div class='ocr_carea' id='block_1_40' title="bbox 272 3598 1868 3677">
    <p class='ocr_par' dir='ltr' id='par_1_40' title="bbox 272 3598 1868 3677">
     <span class='ocr_line' id='line_1_40' title="bbox 272 3598 1868 3677; baseline -0.004 -18"><span class='ocrx_word' id='word_1_284' title='bbox 272 3606 560 3676; x_wconf 80' lang='grc' dir='ltr'>ἀλλότριον</span> <span class='ocrx_word' id='word_1_285' title='bbox 602 3602 1081 3677; x_wconf 84' lang='grc' dir='ltr'>παραστήσασθαι.</span> <span class='ocrx_word' id='word_1_286' title='bbox 1123 3602 1202 3673; x_wconf 75' lang='grc' dir='ltr'><strong>Τῇ</strong></span> <span class='ocrx_word' id='word_1_287' title='bbox 1248 3600 1358 3671; x_wconf 82' lang='grc' dir='ltr'>γὰρ</span> <span class='ocrx_word' id='word_1_288' title='bbox 1410 3599 1726 3673; x_wconf 85' lang='grc' dir='ltr'>δικαιοσύνῃ</span> <span class='ocrx_word' id='word_1_289' title='bbox 1768 3598 1868 3670; x_wconf 82' lang='grc' dir='ltr'>τῆς</span> 
     </span>
    </p>
   </div>
   <div class='ocr_carea' id='block_1_41' title="bbox 274 3692 1870 3767">
    <p class='ocr_par' dir='ltr' id='par_1_41' title="bbox 274 3692 1870 3767">
     <span class='ocr_line' id='line_1_41' title="bbox 274 3692 1870 3767; baseline -0.004 -14"><span class='ocrx_word' id='word_1_290' title='bbox 274 3699 495 3762; x_wconf 77' lang='grc' dir='ltr'>ἀδικίας</span> <span class='ocrx_word' id='word_1_291' title='bbox 542 3695 979 3767; x_wconf 82' lang='grc' dir='ltr'>ἁντινοουμένης,</span> <span class='ocrx_word' id='word_1_292' title='bbox 1018 3697 1085 3766; x_wconf 80' lang='grc' dir='ltr'><strong>τῇ</strong></span> <span class='ocrx_word' id='word_1_293' title='bbox 1128 3694 1185 3748; x_wconf 84' lang='grc' dir='ltr'>δὲ</span> <span class='ocrx_word' id='word_1_294' title='bbox 1229 3694 1405 3766; x_wconf 81' lang='grc' dir='ltr'>φθορᾷ</span> <span class='ocrx_word' id='word_1_295' title='bbox 1433 3694 1534 3766; x_wconf 84' lang='grc' dir='ltr'>τῆς</span> <span class='ocrx_word' id='word_1_296' title='bbox 1569 3692 1870 3760; x_wconf 85' lang='grc' dir='ltr'>ἀῖδιότητος</span> 
     </span>
    </p>
   </div>
   <div class='ocr_carea' id='block_1_42' title="bbox 274 3785 1871 3863">
    <p class='ocr_par' dir='ltr' id='par_1_42' title="bbox 274 3785 1871 3863">
     <span class='ocr_line' id='line_1_42' title="bbox 274 3785 1871 3863; baseline -0.006 -16"><span class='ocrx_word' id='word_1_297' title='bbox 274 3792 688 3863; x_wconf 84' lang='grc' dir='ltr'>ἀντικειμένης,</span> <span class='ocrx_word' id='word_1_298' title='bbox 740 3788 966 3845; x_wconf 87' lang='grc' dir='ltr'>δυνατόν</span> <span class='ocrx_word' id='word_1_299' title='bbox 1018 3789 1134 3843; x_wconf 76' lang='grc' dir='ltr'>ἐστι</span> <span class='ocrx_word' id='word_1_300' title='bbox 1191 3786 1496 3861; x_wconf 83' lang='grc' dir='ltr'>χρήσασθαι</span> <span class='ocrx_word' id='word_1_301' title='bbox 1545 3785 1871 3857; x_wconf 78' lang='grc' dir='ltr'>προσφόρως</span> 
     </span>
    </p>
   </div>
   <div class='ocr_carea' id='block_1_43' title="bbox 274 3876 1869 3953">
    <p class='ocr_par' dir='ltr' id='par_1_43' title="bbox 274 3876 1869 3953">
     <span class='ocr_line' id='line_1_43' title="bbox 274 3876 1869 3953; baseline -0.005 -14"><span class='ocrx_word' id='word_1_302' title='bbox 274 3887 373 3939; x_wconf 72' lang='grc' dir='ltr'><strong>ἐπὶ</strong></span> <span class='ocrx_word' id='word_1_303' title='bbox 411 3884 508 3938; x_wconf 80' lang='grc' dir='ltr'>τοῦ</span> <span class='ocrx_word' id='word_1_304' title='bbox 541 3882 676 3938; x_wconf 77' lang='grc' dir='ltr'>Θεοῦ</span> <span class='ocrx_word' id='word_1_305' title='bbox 722 3885 835 3947; x_wconf 82' lang='grc' dir='ltr'>τοῖς</span> <span class='ocrx_word' id='word_1_306' title='bbox 870 3882 1155 3947; x_wconf 75' lang='grc' dir='ltr'>ἐναντίοις,</span> <span class='ocrx_word' id='word_1_307' title='bbox 1192 3882 1287 3935; x_wconf 79' lang='grc' dir='ltr'>καὶ</span> <span class='ocrx_word' id='word_1_308' title='bbox 1327 3879 1402 3953; x_wconf 83' lang='grc' dir='ltr'>μὴ</span> <span class='ocrx_word' id='word_1_309' title='bbox 1427 3880 1747 3952; x_wconf 86' lang='grc' dir='ltr'>διαμαρτεῖν</span> <span class='ocrx_word' id='word_1_310' title='bbox 1774 3876 1869 3932; x_wconf 78' lang='grc' dir='ltr'><strong>τοῦ</strong></span> 
     </span>
    </p>
   </div>
   <div class='ocr_carea' id='block_1_44' title="bbox 279 3964 1872 4049">
    <p class='ocr_par' dir='ltr' id='par_1_44' title="bbox 279 3964 1872 4049">
     <span class='ocr_line' id='line_1_44' title="bbox 279 3964 1872 4049; baseline -0.005 -18"><span class='ocrx_word' id='word_1_311' title='bbox 279 3977 657 4049; x_wconf 85' lang='grc' dir='ltr'>προσήκοντος</span> <span class='ocrx_word' id='word_1_312' title='bbox 706 3976 764 4029; x_wconf 76' lang='grc' dir='ltr'>ἒν</span> <span class='ocrx_word' id='word_1_313' title='bbox 802 3972 881 4045; x_wconf 84' lang='grc' dir='ltr'><strong>τῷ</strong></span> <span class='ocrx_word' id='word_1_314' title='bbox 920 3976 1115 4035; x_wconf 82' lang='grc' dir='ltr'>εἰπεῖν,</span> <span class='ocrx_word' id='word_1_315' title='bbox 1160 3972 1251 4026; x_wconf 79' lang='grc' dir='ltr'>’ἀεί</span> <span class='ocrx_word' id='word_1_316' title='bbox 1287 3988 1348 4025; x_wconf 87' lang='grc' dir='ltr'><strong>τε</strong></span> <span class='ocrx_word' id='word_1_317' title='bbox 1396 3971 1559 4025; x_wconf 80' lang='grc' dir='ltr'>αὐτὸν</span> <span class='ocrx_word' id='word_1_318' title='bbox 1604 3964 1743 4024; x_wconf 73' lang='grc' dir='ltr'>εἶναι</span> <span class='ocrx_word' id='word_1_319' title='bbox 1776 3969 1872 4024; x_wconf 77' lang='grc' dir='ltr'><strong>καὶ</strong></span> 
     </span>
    </p>
   </div>
   <div class='ocr_carea' id='block_1_45' title="bbox 275 4057 1873 4140">
    <p class='ocr_par' dir='ltr' id='par_1_45' title="bbox 275 4057 1873 4140">
     <span class='ocr_line' id='line_1_45' title="bbox 275 4057 1873 4140; baseline -0.006 -16"><span class='ocrx_word' id='word_1_320' title='bbox 275 4069 466 4125; x_wconf 75' lang='grc' dir='ltr'>ἀδικον</span> <span class='ocrx_word' id='word_1_321' title='bbox 500 4066 576 4140; x_wconf 83' lang='grc' dir='ltr'>μὴ</span> <span class='ocrx_word' id='word_1_322' title='bbox 597 4064 772 4122; x_wconf 75' lang='grc' dir='ltr'>εἶναι’</span> <span class='ocrx_word' id='word_1_323' title='bbox 802 4068 941 4138; x_wconf 84' lang='grc' dir='ltr'>ὅπερ</span> <span class='ocrx_word' id='word_1_324' title='bbox 967 4060 1086 4119; x_wconf 78' lang='grc' dir='ltr'>ἶσόν</span> <span class='ocrx_word' id='word_1_325' title='bbox 1129 4068 1245 4119; x_wconf 73' lang='grc' dir='ltr'>ἐστι</span> <span class='ocrx_word' id='word_1_326' title='bbox 1292 4063 1372 4135; x_wconf 79' lang='grc' dir='ltr'><strong>τῷ</strong></span> <span class='ocrx_word' id='word_1_327' title='bbox 1403 4062 1611 4117; x_wconf 88' lang='grc' dir='ltr'>δίκαιόν</span> <span class='ocrx_word' id='word_1_328' title='bbox 1636 4079 1697 4117; x_wconf 84' lang='grc' dir='ltr'><strong>τε</strong></span> <span class='ocrx_word' id='word_1_329' title='bbox 1732 4057 1873 4115; x_wconf 77' lang='grc' dir='ltr'>εἶναι</span> 
     </span>
    </p>
   </div>
   <div class='ocr_carea' id='block_1_46' title="bbox 276 4152 1873 4231">
    <p class='ocr_par' dir='ltr' id='par_1_46' title="bbox 276 4152 1873 4231">
     <span class='ocr_line' id='line_1_46' title="bbox 276 4152 1873 4231; baseline -0.005 -17"><span class='ocrx_word' id='word_1_330' title='bbox 276 4163 484 4231; x_wconf 82' lang='grc' dir='ltr'>λέγειν,</span> <span class='ocrx_word' id='word_1_331' title='bbox 522 4162 619 4215; x_wconf 76' lang='grc' dir='ltr'>καὶ</span> <span class='ocrx_word' id='word_1_332' title='bbox 662 4158 870 4229; x_wconf 81' lang='grc' dir='ltr'>φθορὰν</span> <span class='ocrx_word' id='word_1_333' title='bbox 912 4157 987 4230; x_wconf 79' lang='grc' dir='ltr'>μὴ</span> <span class='ocrx_word' id='word_1_334' title='bbox 1036 4156 1449 4229; x_wconf 81' lang='grc' dir='ltr'>προσδέχεσθαι.</span> <span class='ocrx_word' id='word_1_335' title='bbox 1490 4154 1647 4209; x_wconf 76' lang='grc' dir='ltr'>Οὕτω</span> <span class='ocrx_word' id='word_1_336' title='bbox 1683 4152 1777 4208; x_wconf 76' lang='grc' dir='ltr'><strong>καὶ</strong></span> <span class='ocrx_word' id='word_1_337' title='bbox 1804 4152 1873 4206; x_wconf 88' lang='grc' dir='ltr'><strong>τά</strong></span> 
     </span>
    </p>
   </div>
   <div class='ocr_carea' id='block_1_47' title="bbox 276 4245 1873 4323">
    <p class='ocr_par' dir='ltr' id='par_1_47' title="bbox 276 4245 1873 4323">
     <span class='ocr_line' id='line_1_47' title="bbox 276 4245 1873 4323; baseline -0.006 -16"><span class='ocrx_word' id='word_1_338' title='bbox 276 4253 449 4307; x_wconf 64' lang='grc' dir='ltr'><strong>λωπά</strong></span> <span class='ocrx_word' id='word_1_339' title='bbox 474 4252 585 4307; x_wconf 89' lang='grc' dir='ltr'><strong>τῶν</strong></span> <span class='ocrx_word' id='word_1_340' title='bbox 637 4251 918 4323; x_wconf 85' lang='grc' dir='ltr'>ὀνομάτων</span> <span class='ocrx_word' id='word_1_341' title='bbox 943 4252 1010 4321; x_wconf 77' lang='grc' dir='ltr'>τῇ</span> <span class='ocrx_word' id='word_1_342' title='bbox 1055 4250 1185 4320; x_wconf 76' lang='grc' dir='ltr'>ποιᾷ</span> <span class='ocrx_word' id='word_1_343' title='bbox 1220 4246 1517 4318; x_wconf 78' lang='grc' dir='ltr'>μεταλήψει</span> <span class='ocrx_word' id='word_1_344' title='bbox 1563 4245 1664 4317; x_wconf 79' lang='grc' dir='ltr'>τῆς</span> <span class='ocrx_word' id='word_1_345' title='bbox 1693 4261 1873 4315; x_wconf 83' lang='grc' dir='ltr'>σημα-</span> 
     </span>
    </p>
   </div>
   <div class='ocr_carea' id='block_1_48' title="bbox 280 4335 1874 4416">
    <p class='ocr_par' dir='ltr' id='par_1_48' title="bbox 280 4335 1874 4416">
     <span class='ocr_line' id='line_1_48' title="bbox 280 4335 1874 4416; baseline -0.008 -18"><span class='ocrx_word' id='word_1_346' title='bbox 280 4345 407 4409; x_wconf 83' lang='grc' dir='ltr'>σίας</span> <span class='ocrx_word' id='word_1_347' title='bbox 463 4343 603 4416; x_wconf 73' lang='grc' dir='ltr'>πρδς</span> <span class='ocrx_word' id='word_1_348' title='bbox 639 4343 903 4413; x_wconf 72' lang='grc' dir='ltr'>ἑκατέραν</span> <span class='ocrx_word' id='word_1_349' title='bbox 932 4341 1032 4413; x_wconf 78' lang='grc' dir='ltr'>τὴν</span> <span class='ocrx_word' id='word_1_350' title='bbox 1079 4339 1316 4410; x_wconf 74' lang='grc' dir='ltr'>ἔμφασιν</span> <span class='ocrx_word' id='word_1_351' title='bbox 1368 4337 1688 4410; x_wconf 78' lang='grc' dir='ltr'>ἐπιτηδείως</span> <span class='ocrx_word' id='word_1_352' title='bbox 1731 4335 1874 4406; x_wconf 75' lang='grc' dir='ltr'>ἔχειν</span> 
     </span>
    </p>
   </div>
   <div class='ocr_carea' id='block_1_49' title="bbox 1951 475 3531 548">
    <p class='ocr_par' dir='ltr' id='par_1_49' title="bbox 1951 475 3531 548">
     <span class='ocr_line' id='line_1_49' title="bbox 1951 475 3531 548; baseline 0.001 -16"><span class='ocrx_word' id='word_1_353' title='bbox 1951 477 2207 547; x_wconf 76' lang='lat' dir='ltr'><strong>gerendis</strong></span> <span class='ocrx_word' id='word_1_354' title='bbox 2223 477 2549 533; x_wconf 78' lang='lat' dir='ltr'><strong>avocatione</strong></span> <span class='ocrx_word' id='word_1_355' title='bbox 2567 476 2859 548; x_wconf 91' lang='lat' dir='ltr'><strong>indigeret.</strong></span> <span class='ocrx_word' id='word_1_356' title='bbox 2874 475 3349 543; x_wconf 83' lang='lat' dir='ltr'><strong>Quemadmodum</strong></span> <span class='ocrx_word' id='word_1_357' title='bbox 3365 476 3531 534; x_wconf 83' lang='lat' dir='ltr'><strong>audio</strong></span> 
     </span>
    </p>
   </div>
   <div class='ocr_carea' id='block_1_50' title="bbox 1957 566 3532 639">
    <p class='ocr_par' dir='ltr' id='par_1_50' title="bbox 1957 566 3532 639">
     <span class='ocr_line' id='line_1_50' title="bbox 1957 566 3532 639; baseline 0.001 -18"><span class='ocrx_word' id='word_1_358' title='bbox 1957 566 2290 623; x_wconf 84' lang='lat' dir='ltr'><strong>Eunomium</strong></span> <span class='ocrx_word' id='word_1_359' title='bbox 2320 583 2488 639; x_wconf 85' lang='lat' dir='ltr'><strong>super</strong></span> <span class='ocrx_word' id='word_1_360' title='bbox 2515 566 2741 622; x_wconf 86' lang='lat' dir='ltr'><strong>Iliacum</strong></span> <span class='ocrx_word' id='word_1_361' title='bbox 2784 568 2991 624; x_wconf 88' lang='lat' dir='ltr'><strong>bellum</strong></span> <span class='ocrx_word' id='word_1_362' title='bbox 3024 581 3299 622; x_wconf 87' lang='lat' dir='ltr'><strong>annorum</strong></span> <span class='ocrx_word' id='word_1_363' title='bbox 3338 567 3532 622; x_wconf 87' lang='lat' dir='ltr'><strong>multi-</strong></span> 
     </span>
    </p>
   </div>
   <div class='ocr_carea' id='block_1_51' title="bbox 1954 658 3533 730">
    <p class='ocr_par' dir='ltr' id='par_1_51' title="bbox 1954 658 3533 730">
     <span class='ocr_line' id='line_1_51' title="bbox 1954 658 3533 730; baseline -0.001 -16"><span class='ocrx_word' id='word_1_364' title='bbox 1954 660 2147 715; x_wconf 89' lang='lat' dir='ltr'><strong>tudine</strong></span> <span class='ocrx_word' id='word_1_365' title='bbox 2171 659 2448 716; x_wconf 85' lang='lat' dir='ltr'><strong>laboriose</strong></span> <span class='ocrx_word' id='word_1_366' title='bbox 2466 667 2521 715; x_wconf 93' lang='lat' dir='ltr'><strong>et</strong></span> <span class='ocrx_word' id='word_1_367' title='bbox 2545 658 2758 725; x_wconf 91' lang='lat' dir='ltr'><strong>sedulo,</strong></span> <span class='ocrx_word' id='word_1_368' title='bbox 2778 668 2835 716; x_wconf 91' lang='lat' dir='ltr'><strong>et</strong></span> <span class='ocrx_word' id='word_1_369' title='bbox 2866 659 2922 714; x_wconf 90' lang='lat' dir='ltr'><strong>in</strong></span> <span class='ocrx_word' id='word_1_370' title='bbox 2946 658 3338 730; x_wconf 88' lang='lat' dir='ltr'><strong>tranquillitate</strong></span> <span class='ocrx_word' id='word_1_371' title='bbox 3359 658 3533 713; x_wconf 87' lang='lat' dir='ltr'><strong>multa</strong></span> 
     </span>
    </p>
   </div>
   <div class='ocr_carea' id='block_1_52' title="bbox 1952 750 3532 821">
    <p class='ocr_par' dir='ltr' id='par_1_52' title="bbox 1952 750 3532 821">
     <span class='ocr_line' id='line_1_52' title="bbox 1952 750 3532 821; baseline -0.001 -14"><span class='ocrx_word' id='word_1_372' title='bbox 1952 752 2394 821; x_wconf 87' lang='lat' dir='ltr'><strong>incumbentem,</strong></span> <span class='ocrx_word' id='word_1_373' title='bbox 2430 755 2483 809; x_wconf 92' lang='lat' dir='ltr'><strong>in</strong></span> <span class='ocrx_word' id='word_1_374' title='bbox 2511 754 2682 810; x_wconf 92' lang='lat' dir='ltr'><strong>multo</strong></span> <span class='ocrx_word' id='word_1_375' title='bbox 2720 767 2916 809; x_wconf 87' lang='lat' dir='ltr'><strong>somno</strong></span> <span class='ocrx_word' id='word_1_376' title='bbox 2953 752 3061 807; x_wconf 87' lang='lat' dir='ltr'><strong>boc</strong></span> <span class='ocrx_word' id='word_1_377' title='bbox 3106 754 3381 807; x_wconf 89' lang='lat' dir='ltr'><strong>somnium</strong></span> <span class='ocrx_word' id='word_1_378' title='bbox 3423 750 3532 807; x_wconf 84' lang='lat' dir='ltr'><strong>sibi</strong></span> 
     </span>
    </p>
   </div>
   <div class='ocr_carea' id='block_1_53' title="bbox 1952 843 3532 916">
    <p class='ocr_par' dir='ltr' id='par_1_53' title="bbox 1952 843 3532 916">
     <span class='ocr_line' id='line_1_53' title="bbox 1952 843 3532 916; baseline 0.001 -19"><span class='ocrx_word' id='word_1_379' title='bbox 1952 843 2320 911; x_wconf 78' lang='lat' dir='ltr'><strong>conﬁnxisse,</strong></span> <span class='ocrx_word' id='word_1_380' title='bbox 2351 853 2686 916; x_wconf 70' lang='lat' dir='ltr'><strong>quaerentem</strong></span> <span class='ocrx_word' id='word_1_381' title='bbox 2718 844 3014 915; x_wconf 76' lang='lat' dir='ltr'><strong>diligenter</strong></span> <span class='ocrx_word' id='word_1_382' title='bbox 3039 850 3095 900; x_wconf 87' lang='lat' dir='ltr'><strong>et</strong></span> <span class='ocrx_word' id='word_1_383' title='bbox 3124 843 3382 910; x_wconf 85' lang='lat' dir='ltr'><strong>solerter,</strong></span> <span class='ocrx_word' id='word_1_384' title='bbox 3418 859 3532 899; x_wconf 91' lang='lat' dir='ltr'><strong>non</strong></span> 
     </span>
    </p>
   </div>
   <div class='ocr_carea' id='block_1_54' title="bbox 1954 935 3535 1009">
    <p class='ocr_par' dir='ltr' id='par_1_54' title="bbox 1954 935 3535 1009">
     <span class='ocr_line' id='line_1_54' title="bbox 1954 935 3535 1009; baseline 0 -18"><span class='ocrx_word' id='word_1_385' title='bbox 1954 937 2230 1006; x_wconf 87' lang='lat' dir='ltr'><strong>quomodo</strong></span> <span class='ocrx_word' id='word_1_386' title='bbox 2253 938 2648 1008; x_wconf 85' lang='lat' dir='ltr'><strong>interpretetur</strong></span> <span class='ocrx_word' id='word_1_387' title='bbox 2669 937 2802 1009; x_wconf 88' lang='lat' dir='ltr'><strong>quid</strong></span> <span class='ocrx_word' id='word_1_388' title='bbox 2835 952 3027 993; x_wconf 88' lang='lat' dir='ltr'><strong>eorum</strong></span> <span class='ocrx_word' id='word_1_389' title='bbox 3061 952 3185 1008; x_wconf 68' lang='lat' dir='ltr'><strong>quae</strong></span> <span class='ocrx_word' id='word_1_390' title='bbox 3216 935 3535 1007; x_wconf 84' lang='lat' dir='ltr'><strong>intelligun—</strong></span> 
     </span>
    </p>
   </div>
   <div class='ocr_carea' id='block_1_55' title="bbox 1954 1029 3536 1100">
    <p class='ocr_par' dir='ltr' id='par_1_55' title="bbox 1954 1029 3536 1100">
     <span class='ocr_line' id='line_1_55' title="bbox 1954 1029 3536 1100; baseline 0.001 -17"><span class='ocrx_word' id='word_1_391' title='bbox 1954 1035 2065 1094; x_wconf 87' lang='lat' dir='ltr'><strong>tur,</strong></span> <span class='ocrx_word' id='word_1_392' title='bbox 2090 1029 2187 1085; x_wconf 87' lang='lat' dir='ltr'><strong>sed</strong></span> <span class='ocrx_word' id='word_1_393' title='bbox 2222 1030 2498 1100; x_wconf 91' lang='lat' dir='ltr'><strong>quomodo</strong></span> <span class='ocrx_word' id='word_1_394' title='bbox 2520 1030 2589 1084; x_wconf 88' lang='lat' dir='ltr'><strong>ad</strong></span> <span class='ocrx_word' id='word_1_395' title='bbox 2612 1029 2885 1086; x_wconf 87' lang='lat' dir='ltr'><strong>dictiones</strong></span> <span class='ocrx_word' id='word_1_396' title='bbox 2908 1042 3071 1085; x_wconf 87' lang='lat' dir='ltr'><strong>sensa</strong></span> <span class='ocrx_word' id='word_1_397' title='bbox 3102 1038 3294 1084; x_wconf 90' lang='lat' dir='ltr'><strong>coacta</strong></span> <span class='ocrx_word' id='word_1_398' title='bbox 3321 1035 3536 1100; x_wconf 78' lang='lat' dir='ltr'><strong>pertra-</strong></span> 
     </span>
    </p>
   </div>
   <div class='ocr_carea' id='block_1_56' title="bbox 1956 1119 3536 1193">
    <p class='ocr_par' dir='ltr' id='par_1_56' title="bbox 1956 1119 3536 1193">
     <span class='ocr_line' id='line_1_56' title="bbox 1956 1119 3536 1193; baseline 0 -18"><span class='ocrx_word' id='word_1_399' title='bbox 1956 1119 2080 1186; x_wconf 86' lang='lat' dir='ltr'><strong>hat,</strong></span> <span class='ocrx_word' id='word_1_400' title='bbox 2112 1130 2277 1193; x_wconf 89' lang='lat' dir='ltr'><strong>atque</strong></span> <span class='ocrx_word' id='word_1_401' title='bbox 2315 1123 2664 1179; x_wconf 82' lang='lat' dir='ltr'><strong>sonantiores</strong></span> <span class='ocrx_word' id='word_1_402' title='bbox 2697 1136 2862 1178; x_wconf 88' lang='lat' dir='ltr'><strong>voces</strong></span> <span class='ocrx_word' id='word_1_403' title='bbox 2901 1120 3251 1193; x_wconf 88' lang='lat' dir='ltr'><strong>colligentem</strong></span> <span class='ocrx_word' id='word_1_404' title='bbox 3296 1135 3366 1177; x_wconf 80' lang='lat' dir='ltr'><strong>ex</strong></span> <span class='ocrx_word' id='word_1_405' title='bbox 3409 1120 3536 1191; x_wconf 91' lang='lat' dir='ltr'><strong>qui-</strong></span> 
     </span>
    </p>
   </div>
   <div class='ocr_carea' id='block_1_57' title="bbox 1955 1208 3537 1283">
    <p class='ocr_par' dir='ltr' id='par_1_57' title="bbox 1955 1208 3537 1283">
     <span class='ocr_line' id='line_1_57' title="bbox 1955 1208 3537 1283; baseline -0.001 -16"><span class='ocrx_word' id='word_1_406' title='bbox 1955 1210 2190 1267; x_wconf 91' lang='lat' dir='ltr'><strong>busdam</strong></span> <span class='ocrx_word' id='word_1_407' title='bbox 2213 1212 2456 1283; x_wconf 87' lang='lat' dir='ltr'><strong>scriptis.</strong></span> <span class='ocrx_word' id='word_1_408' title='bbox 2477 1210 2545 1266; x_wconf 89' lang='lat' dir='ltr'><strong>Et</strong></span> <span class='ocrx_word' id='word_1_409' title='bbox 2566 1210 3025 1283; x_wconf 83' lang='lat' dir='ltr'><strong>quemadmodum</strong></span> <span class='ocrx_word' id='word_1_410' title='bbox 3053 1208 3290 1266; x_wconf 88' lang='lat' dir='ltr'><strong>mendici</strong></span> <span class='ocrx_word' id='word_1_411' title='bbox 3312 1218 3537 1281; x_wconf 79' lang='lat' dir='ltr'><strong>propter</strong></span> 
     </span>
    </p>
   </div>
   <div class='ocr_carea' id='block_1_58' title="bbox 1955 1300 3534 1374">
    <p class='ocr_par' dir='ltr' id='par_1_58' title="bbox 1955 1300 3534 1374">
     <span class='ocr_line' id='line_1_58' title="bbox 1955 1300 3534 1374; baseline -0.002 -15"><span class='ocrx_word' id='word_1_412' title='bbox 1955 1303 2245 1374; x_wconf 84' lang='lat' dir='ltr'><strong>penuriam</strong></span> <span class='ocrx_word' id='word_1_413' title='bbox 2293 1304 2464 1360; x_wconf 80' lang='lat' dir='ltr'><strong>vestis</strong></span> <span class='ocrx_word' id='word_1_414' title='bbox 2495 1319 2564 1360; x_wconf 79' lang='lat' dir='ltr'><strong>ex</strong></span> <span class='ocrx_word' id='word_1_415' title='bbox 2598 1303 2796 1359; x_wconf 85' lang='lat' dir='ltr'><strong>laceris</strong></span> <span class='ocrx_word' id='word_1_416' title='bbox 2840 1310 2894 1359; x_wconf 92' lang='lat' dir='ltr'><strong>et</strong></span> <span class='ocrx_word' id='word_1_417' title='bbox 2938 1302 3157 1358; x_wconf 77' lang='lat' dir='ltr'><strong>detritis</strong></span> <span class='ocrx_word' id='word_1_418' title='bbox 3202 1300 3534 1373; x_wconf 85' lang='lat' dir='ltr'><strong>quibusdam</strong></span> 
     </span>
    </p>
   </div>
   <div class='ocr_carea' id='block_1_59' title="bbox 1956 1394 3537 1469">
    <p class='ocr_par' dir='ltr' id='par_1_59' title="bbox 1956 1394 3537 1469">
     <span class='ocr_line' id='line_1_59' title="bbox 1956 1394 3537 1469; baseline -0.001 -19"><span class='ocrx_word' id='word_1_419' title='bbox 1956 1397 2271 1467; x_wconf 86' lang='lat' dir='ltr'><strong>panniculis</strong></span> <span class='ocrx_word' id='word_1_420' title='bbox 2299 1395 2522 1453; x_wconf 86' lang='lat' dir='ltr'><strong>tunicas</strong></span> <span class='ocrx_word' id='word_1_421' title='bbox 2553 1410 2656 1452; x_wconf 92' lang='lat' dir='ltr'><strong>acu</strong></span> <span class='ocrx_word' id='word_1_422' title='bbox 2685 1406 2993 1469; x_wconf 85' lang='lat' dir='ltr'><strong>pungentes</strong></span> <span class='ocrx_word' id='word_1_423' title='bbox 3018 1403 3294 1450; x_wconf 90' lang='lat' dir='ltr'><strong>eonsunnt</strong></span> <span class='ocrx_word' id='word_1_424' title='bbox 3320 1412 3334 1449; x_wconf 92' lang='lat'><strong>:</strong></span> <span class='ocrx_word' id='word_1_425' title='bbox 3370 1394 3454 1451; x_wconf 89' lang='lat' dir='ltr'><strong>sic</strong></span> <span class='ocrx_word' id='word_1_426' title='bbox 3479 1400 3537 1450; x_wconf 81' lang='lat' dir='ltr'><strong>et</strong></span> 
     </span>
    </p>
   </div>
   <div class='ocr_carea' id='block_1_60' title="bbox 1956 1487 3537 1560">
    <p class='ocr_par' dir='ltr' id='par_1_60' title="bbox 1956 1487 3537 1560">
     <span class='ocr_line' id='line_1_60' title="bbox 1956 1487 3537 1560; baseline 0 -16"><span class='ocrx_word' id='word_1_427' title='bbox 1956 1490 2104 1546; x_wconf 80' lang='lat' dir='ltr'><strong>hunc</strong></span> <span class='ocrx_word' id='word_1_428' title='bbox 2136 1491 2299 1544; x_wconf 87' lang='lat' dir='ltr'><strong>aliam</strong></span> <span class='ocrx_word' id='word_1_429' title='bbox 2335 1490 2468 1545; x_wconf 88' lang='lat' dir='ltr'><strong>alibi</strong></span> <span class='ocrx_word' id='word_1_430' title='bbox 2502 1489 2798 1546; x_wconf 89' lang='lat' dir='ltr'><strong>dictionem</strong></span> <span class='ocrx_word' id='word_1_431' title='bbox 2833 1491 3218 1560; x_wconf 91' lang='lat' dir='ltr'><strong>decerpentem</strong></span> <span class='ocrx_word' id='word_1_432' title='bbox 3241 1527 3256 1553; x_wconf 94' lang='lat'><strong>,</strong></span> <span class='ocrx_word' id='word_1_433' title='bbox 3299 1502 3399 1559; x_wconf 89' lang='lat' dir='ltr'><strong>per</strong></span> <span class='ocrx_word' id='word_1_434' title='bbox 3435 1487 3537 1544; x_wconf 83' lang='lat' dir='ltr'><strong>bas</strong></span> 
     </span>
    </p>
   </div>
   <div class='ocr_carea' id='block_1_61' title="bbox 1958 1582 3537 1653">
    <p class='ocr_par' dir='ltr' id='par_1_61' title="bbox 1958 1582 3537 1653">
     <span class='ocr_line' id='line_1_61' title="bbox 1958 1582 3537 1653; baseline -0.004 -12"><span class='ocrx_word' id='word_1_435' title='bbox 1958 1584 2065 1641; x_wconf 86' lang='lat' dir='ltr'><strong>sibi</strong></span> <span class='ocrx_word' id='word_1_436' title='bbox 2114 1583 2282 1653; x_wconf 89' lang='lat' dir='ltr'><strong>hujus</strong></span> <span class='ocrx_word' id='word_1_437' title='bbox 2335 1583 2604 1639; x_wconf 86' lang='lat' dir='ltr'><strong>orationis</strong></span> <span class='ocrx_word' id='word_1_438' title='bbox 2655 1592 2943 1639; x_wconf 88' lang='lat' dir='ltr'><strong>centonem</strong></span> <span class='ocrx_word' id='word_1_439' title='bbox 2995 1582 3380 1647; x_wconf 77' lang='lat' dir='ltr'><strong>contexuisse,</strong></span> <span class='ocrx_word' id='word_1_440' title='bbox 3426 1595 3537 1635; x_wconf 90' lang='lat' dir='ltr'><strong>non</strong></span> 
     </span>
    </p>
   </div>
   <div class='ocr_carea' id='block_1_62' title="bbox 1959 1665 3617 1744">
    <p class='ocr_par' dir='ltr' id='par_1_62' title="bbox 1959 1665 3617 1744">
     <span class='ocr_line' id='line_1_62' title="bbox 1959 1665 3617 1744; baseline -0.005 -12"><span class='ocrx_word' id='word_1_441' title='bbox 1959 1675 2081 1732; x_wconf 80' lang='lat' dir='ltr'><strong>sine</strong></span> <span class='ocrx_word' id='word_1_442' title='bbox 2097 1675 2323 1732; x_wconf 89' lang='lat' dir='ltr'><strong>miseria</strong></span> <span class='ocrx_word' id='word_1_443' title='bbox 2341 1675 2633 1731; x_wconf 80' lang='lat' dir='ltr'><strong>verborum</strong></span> <span class='ocrx_word' id='word_1_444' title='bbox 2657 1665 3082 1730; x_wconf 85' lang='lat' dir='ltr'><strong>commissuram</strong></span> <span class='ocrx_word' id='word_1_445' title='bbox 3105 1671 3537 1744; x_wconf 87' lang='lat' dir='ltr'><strong>compingcntem</strong></span> <span class='ocrx_word' id='word_1_446' title='bbox 3612 1714 3617 1719; x_wconf 91' lang='lat'><strong>.</strong></span> 
     </span>
    </p>
   </div>
   <div class='ocr_carea' id='block_1_63' title="bbox 1957 1763 3540 1837">
    <p class='ocr_par' dir='ltr' id='par_1_63' title="bbox 1957 1763 3540 1837">
     <span class='ocr_line' id='line_1_63' title="bbox 1957 1763 3540 1837; baseline -0.004 -14"><span class='ocrx_word' id='word_1_447' title='bbox 1957 1774 2013 1823; x_wconf 87' lang='lat' dir='ltr'><strong>et</strong></span> <span class='ocrx_word' id='word_1_448' title='bbox 2042 1775 2465 1837; x_wconf 89' lang='lat' dir='ltr'><strong>componentem</strong></span> <span class='ocrx_word' id='word_1_449' title='bbox 2484 1803 2501 1829; x_wconf 92' lang='lat'><strong>,</strong></span> <span class='ocrx_word' id='word_1_450' title='bbox 2523 1764 2686 1834; x_wconf 91' lang='lat' dir='ltr'><strong>cujus</strong></span> <span class='ocrx_word' id='word_1_451' title='bbox 2712 1765 2923 1821; x_wconf 89' lang='lat' dir='ltr'><strong>lubrica</strong></span> <span class='ocrx_word' id='word_1_452' title='bbox 2946 1763 3277 1835; x_wconf 88' lang='lat' dir='ltr'><strong>etjuveuilis</strong></span> <span class='ocrx_word' id='word_1_453' title='bbox 3307 1763 3540 1819; x_wconf 84' lang='lat' dir='ltr'><strong>ambitio</strong></span> 
     </span>
    </p>
   </div>
   <div class='ocr_carea' id='block_1_64' title="bbox 1956 1855 3542 1926">
    <p class='ocr_par' dir='ltr' id='par_1_64' title="bbox 1956 1855 3542 1926">
     <span class='ocr_line' id='line_1_64' title="bbox 1956 1855 3542 1926; baseline -0.003 -12"><span class='ocrx_word' id='word_1_454' title='bbox 1956 1857 2027 1914; x_wconf 90' lang='lat' dir='ltr'><strong>ad</strong></span> <span class='ocrx_word' id='word_1_455' title='bbox 2057 1866 2339 1913; x_wconf 86' lang='lat' dir='ltr'><strong>certamen</strong></span> <span class='ocrx_word' id='word_1_456' title='bbox 2375 1858 2495 1913; x_wconf 89' lang='lat' dir='ltr'><strong>viro</strong></span> <span class='ocrx_word' id='word_1_457' title='bbox 2525 1856 2593 1911; x_wconf 88' lang='lat' dir='ltr'><strong>ad</strong></span> <span class='ocrx_word' id='word_1_458' title='bbox 2621 1857 2908 1911; x_wconf 85' lang='lat' dir='ltr'><strong>veritatem</strong></span> <span class='ocrx_word' id='word_1_459' title='bbox 2945 1855 3215 1926; x_wconf 85' lang='lat' dir='ltr'><strong>spectanti</strong></span> <span class='ocrx_word' id='word_1_460' title='bbox 3244 1862 3357 1909; x_wconf 89' lang='lat' dir='ltr'><strong>tam</strong></span> <span class='ocrx_word' id='word_1_461' title='bbox 3384 1869 3542 1925; x_wconf 85' lang='lat' dir='ltr'><strong>repu-</strong></span> 
     </span>
    </p>
   </div>
   <div class='ocr_carea' id='block_1_65' title="bbox 1956 1947 3542 2021">
    <p class='ocr_par' dir='ltr' id='par_1_65' title="bbox 1956 1947 3542 2021">
     <span class='ocr_line' id='line_1_65' title="bbox 1956 1947 3542 2021; baseline -0.003 -14"><span class='ocrx_word' id='word_1_462' title='bbox 1956 1948 2157 2007; x_wconf 91' lang='lat' dir='ltr'><strong>dianda</strong></span> <span class='ocrx_word' id='word_1_463' title='bbox 2184 1959 2308 2016; x_wconf 90' lang='lat' dir='ltr'><strong>est,</strong></span> <span class='ocrx_word' id='word_1_464' title='bbox 2338 1965 2502 2021; x_wconf 82' lang='lat' dir='ltr'><strong>quam</strong></span> <span class='ocrx_word' id='word_1_465' title='bbox 2529 1950 2744 2005; x_wconf 74' lang='lat' dir='ltr'><strong>atltlette</strong></span> <span class='ocrx_word' id='word_1_466' title='bbox 2778 1948 2942 2003; x_wconf 89' lang='lat' dir='ltr'><strong>alicui</strong></span> <span class='ocrx_word' id='word_1_467' title='bbox 2977 1947 3104 2002; x_wconf 82' lang='lat' dir='ltr'><strong>l‘orti</strong></span> <span class='ocrx_word' id='word_1_468' title='bbox 3132 1954 3188 2002; x_wconf 90' lang='lat' dir='ltr'><strong>et</strong></span> <span class='ocrx_word' id='word_1_469' title='bbox 3215 1954 3345 2001; x_wconf 90' lang='lat' dir='ltr'><strong>natu</strong></span> <span class='ocrx_word' id='word_1_470' title='bbox 3378 1962 3542 2015; x_wconf 83' lang='lat' dir='ltr'><strong>gran—</strong></span> 
     </span>
    </p>
   </div>
   <div class='ocr_carea' id='block_1_66' title="bbox 1957 2039 3540 2115">
    <p class='ocr_par' dir='ltr' id='par_1_66' title="bbox 1957 2039 3540 2115">
     <span class='ocr_line' id='line_1_66' title="bbox 1957 2039 3540 2115; baseline -0.004 -14"><span class='ocrx_word' id='word_1_471' title='bbox 1957 2045 2098 2101; x_wconf 89' lang='lat' dir='ltr'><strong>diori</strong></span> <span class='ocrx_word' id='word_1_472' title='bbox 2118 2086 2133 2111; x_wconf 94' lang='lat'><strong>,</strong></span> <span class='ocrx_word' id='word_1_473' title='bbox 2168 2059 2350 2115; x_wconf 90' lang='lat' dir='ltr'><strong>neque</strong></span> <span class='ocrx_word' id='word_1_474' title='bbox 2376 2043 2661 2101; x_wconf 90' lang='lat' dir='ltr'><strong>amoribus</strong></span> <span class='ocrx_word' id='word_1_475' title='bbox 2696 2043 2933 2114; x_wconf 88' lang='lat' dir='ltr'><strong>amplius</strong></span> <span class='ocrx_word' id='word_1_476' title='bbox 2964 2042 3194 2106; x_wconf 90' lang='lat' dir='ltr'><strong>idoneo,</strong></span> <span class='ocrx_word' id='word_1_477' title='bbox 3227 2039 3540 2110; x_wconf 84' lang='lat' dir='ltr'><strong>superﬂuus</strong></span> 
     </span>
    </p>
   </div>
   <div class='ocr_carea' id='block_1_67' title="bbox 1957 2131 3541 2211">
    <p class='ocr_par' dir='ltr' id='par_1_67' title="bbox 1957 2131 3541 2211">
     <span class='ocr_line' id='line_1_67' title="bbox 1957 2131 3541 2211; baseline -0.005 -16"><span class='ocrx_word' id='word_1_478' title='bbox 1957 2147 2013 2195; x_wconf 88' lang='lat' dir='ltr'><strong>et</strong></span> <span class='ocrx_word' id='word_1_479' title='bbox 2067 2145 2324 2208; x_wconf 92' lang='lat' dir='ltr'><strong>comptus</strong></span> <span class='ocrx_word' id='word_1_480' title='bbox 2365 2135 2654 2193; x_wconf 88' lang='lat' dir='ltr'><strong>muliebris</strong></span> <span class='ocrx_word' id='word_1_481' title='bbox 2702 2136 2883 2192; x_wconf 91' lang='lat' dir='ltr'><strong>cultus</strong></span> <span class='ocrx_word' id='word_1_482' title='bbox 2934 2141 2989 2190; x_wconf 86' lang='lat' dir='ltr'><strong>et</strong></span> <span class='ocrx_word' id='word_1_483' title='bbox 3040 2141 3281 2211; x_wconf 38' lang='lat' dir='ltr'><strong>ornatus.</strong></span> <span class='ocrx_word' id='word_1_484' title='bbox 3318 2139 3402 2188; x_wconf 87' lang='lat' dir='ltr'><strong>est</strong></span> <span class='ocrx_word' id='word_1_485' title='bbox 3450 2131 3541 2187; x_wconf 80' lang='lat' dir='ltr'><strong>fu-</strong></span> 
     </span>
    </p>
   </div>
   <div class='ocr_carea' id='block_1_68' title="bbox 1958 2225 3541 2302">
    <p class='ocr_par' dir='ltr' id='par_1_68' title="bbox 1958 2225 3541 2302">
     <span class='ocr_line' id='line_1_68' title="bbox 1958 2225 3541 2302; baseline -0.004 -18"><span class='ocrx_word' id='word_1_486' title='bbox 1958 2229 2212 2302; x_wconf 84' lang='lat' dir='ltr'><strong>giendus.</strong></span> <span class='ocrx_word' id='word_1_487' title='bbox 2267 2227 2375 2285; x_wconf 92' lang='lat' dir='ltr'><strong>Sed</strong></span> <span class='ocrx_word' id='word_1_488' title='bbox 2424 2227 2592 2285; x_wconf 88' lang='lat' dir='ltr'><strong>t0tius</strong></span> <span class='ocrx_word' id='word_1_489' title='bbox 2646 2225 3145 2300; x_wconf 82' lang='lat' dir='ltr'><strong>argumentationis</strong></span> <span class='ocrx_word' id='word_1_490' title='bbox 3194 2232 3251 2281; x_wconf 88' lang='lat' dir='ltr'><strong>et</strong></span> <span class='ocrx_word' id='word_1_491' title='bbox 3304 2231 3541 2281; x_wconf 89' lang='lat' dir='ltr'><strong>conatus</strong></span> 
     </span>
    </p>
   </div>
   <div class='ocr_carea' id='block_1_69' title="bbox 1959 2313 3542 2392">
    <p class='ocr_par' dir='ltr' id='par_1_69' title="bbox 1959 2313 3542 2392">
     <span class='ocr_line' id='line_1_69' title="bbox 1959 2313 3542 2392; baseline -0.005 -16"><span class='ocrx_word' id='word_1_492' title='bbox 1959 2335 2128 2392; x_wconf 90' lang='lat' dir='ltr'><strong>scopo</strong></span> <span class='ocrx_word' id='word_1_493' title='bbox 2161 2319 2402 2375; x_wconf 86' lang='lat' dir='ltr'><strong>breviter</strong></span> <span class='ocrx_word' id='word_1_494' title='bbox 2434 2333 2704 2389; x_wconf 85' lang='lat' dir='ltr'><strong>percurso</strong></span> <span class='ocrx_word' id='word_1_495' title='bbox 2727 2359 2742 2383; x_wconf 88' lang='lat'><strong>,</strong></span> <span class='ocrx_word' id='word_1_496' title='bbox 2787 2318 2979 2388; x_wconf 84' lang='lat' dir='ltr'><strong>longas</strong></span> <span class='ocrx_word' id='word_1_497' title='bbox 3016 2315 3312 2372; x_wconf 88' lang='lat' dir='ltr'><strong>verborum</strong></span> <span class='ocrx_word' id='word_1_498' title='bbox 3352 2313 3542 2369; x_wconf 89' lang='lat' dir='ltr'><strong>amba-</strong></span> 
     </span>
    </p>
   </div>
   <div class='ocr_carea' id='block_1_70' title="bbox 1957 2404 3542 2479">
    <p class='ocr_par' dir='ltr' id='par_1_70' title="bbox 1957 2404 3542 2479">
     <span class='ocr_line' id='line_1_70' title="bbox 1957 2404 3542 2479; baseline -0.003 -17"><span class='ocrx_word' id='word_1_499' title='bbox 1957 2422 2054 2479; x_wconf 81' lang='lat' dir='ltr'><strong>ges</strong></span> <span class='ocrx_word' id='word_1_500' title='bbox 2079 2415 2135 2463; x_wconf 89' lang='lat' dir='ltr'><strong>et</strong></span> <span class='ocrx_word' id='word_1_501' title='bbox 2163 2406 2427 2463; x_wconf 85' lang='lat' dir='ltr'><strong>circuitus</strong></span> <span class='ocrx_word' id='word_1_502' title='bbox 2452 2407 2651 2477; x_wconf 81' lang='lat' dir='ltr'><strong>jubere</strong></span> <span class='ocrx_word' id='word_1_503' title='bbox 2678 2407 2861 2463; x_wconf 91' lang='lat' dir='ltr'><strong>valere</strong></span> <span class='ocrx_word' id='word_1_504' title='bbox 2888 2421 3110 2463; x_wconf 89' lang='lat' dir='ltr'><strong>censeo.</strong></span> <span class='ocrx_word' id='word_1_505' title='bbox 3139 2406 3310 2479; x_wconf 85' lang='lat' dir='ltr'><strong>Igitur</strong></span> <span class='ocrx_word' id='word_1_506' title='bbox 3334 2404 3542 2460; x_wconf 90' lang='lat' dir='ltr'><strong>dictum</strong></span> 
     </span>
    </p>
   </div>
   <div class='ocr_carea' id='block_1_71' title="bbox 1958 2496 3537 2568">
    <p class='ocr_par' dir='ltr' id='par_1_71' title="bbox 1958 2496 3537 2568">
     <span class='ocr_line' id='line_1_71' title="bbox 1958 2496 3537 2568; baseline -0.003 -13"><span class='ocrx_word' id='word_1_507' title='bbox 1958 2509 2037 2555; x_wconf 86' lang='lat' dir='ltr'><strong>est</strong></span> <span class='ocrx_word' id='word_1_508' title='bbox 2078 2513 2109 2553; x_wconf 91' lang='lat' dir='ltr'><strong>a</strong></span> <span class='ocrx_word' id='word_1_509' title='bbox 2150 2498 2314 2555; x_wconf 90' lang='lat' dir='ltr'><strong>nobis</strong></span> <span class='ocrx_word' id='word_1_510' title='bbox 2357 2498 2647 2568; x_wconf 88' lang='lat' dir='ltr'><strong>(doctoris</strong></span> <span class='ocrx_word' id='word_1_511' title='bbox 2689 2498 2834 2554; x_wconf 91' lang='lat' dir='ltr'><strong>enim</strong></span> <span class='ocrx_word' id='word_1_512' title='bbox 2875 2512 3184 2554; x_wconf 90' lang='lat' dir='ltr'><strong>sermonem</strong></span> <span class='ocrx_word' id='word_1_513' title='bbox 3229 2496 3365 2551; x_wconf 86' lang='lat' dir='ltr'><strong>mibi</strong></span> <span class='ocrx_word' id='word_1_514' title='bbox 3408 2510 3537 2567; x_wconf 84' lang='lat' dir='ltr'><strong>pro-</strong></span> 
     </span>
    </p>
   </div>
   <div class='ocr_carea' id='block_1_72' title="bbox 1958 2586 3545 2662">
    <p class='ocr_par' dir='ltr' id='par_1_72' title="bbox 1958 2586 3545 2662">
     <span class='ocr_line' id='line_1_72' title="bbox 1958 2586 3545 2662; baseline -0.002 -17"><span class='ocrx_word' id='word_1_515' title='bbox 1958 2590 2139 2662; x_wconf 85' lang='lat' dir='ltr'><strong>prium</strong></span> <span class='ocrx_word' id='word_1_516' title='bbox 2165 2598 2220 2646; x_wconf 89' lang='lat' dir='ltr'><strong>et</strong></span> <span class='ocrx_word' id='word_1_517' title='bbox 2252 2589 2611 2648; x_wconf 79' lang='lat' dir='ltr'><strong>domeSticum</strong></span> <span class='ocrx_word' id='word_1_518' title='bbox 2645 2587 2827 2656; x_wconf 81' lang='lat' dir='ltr'><strong>facio)</strong></span> <span class='ocrx_word' id='word_1_519' title='bbox 2862 2587 2931 2643; x_wconf 90' lang='lat' dir='ltr'><strong>de</strong></span> <span class='ocrx_word' id='word_1_520' title='bbox 2957 2586 3144 2642; x_wconf 89' lang='lat' dir='ltr'><strong>divina</strong></span> <span class='ocrx_word' id='word_1_521' title='bbox 3192 2593 3390 2642; x_wconf 88' lang='lat' dir='ltr'><strong>natura</strong></span> <span class='ocrx_word' id='word_1_522' title='bbox 3437 2601 3545 2642; x_wconf 86' lang='lat' dir='ltr'><strong>nos</strong></span> 
     </span>
    </p>
   </div>
   <div class='ocr_carea' id='block_1_73' title="bbox 1961 2678 3543 2754">
    <p class='ocr_par' dir='ltr' id='par_1_73' title="bbox 1961 2678 3543 2754">
     <span class='ocr_line' id='line_1_73' title="bbox 1961 2678 3543 2754; baseline 0 -19"><span class='ocrx_word' id='word_1_523' title='bbox 1961 2682 2400 2754; x_wconf 49' lang='lat' dir='ltr'><strong>perexiguatn&#39;et</strong></span> <span class='ocrx_word' id='word_1_524' title='bbox 2428 2681 2722 2738; x_wconf 88' lang='lat' dir='ltr'><strong>obscuram</strong></span> <span class='ocrx_word' id='word_1_525' title='bbox 2747 2679 2905 2735; x_wconf 87' lang='lat' dir='ltr'><strong>valde</strong></span> <span class='ocrx_word' id='word_1_526' title='bbox 2944 2695 3043 2750; x_wconf 85' lang='lat' dir='ltr'><strong>per</strong></span> <span class='ocrx_word' id='word_1_527' title='bbox 3087 2678 3543 2735; x_wconf 88' lang='lat' dir='ltr'><strong>ratiocinationes</strong></span> 
     </span>
    </p>
   </div>
   <div class='ocr_carea' id='block_1_74' title="bbox 1958 2769 3548 2847">
    <p class='ocr_par' dir='ltr' id='par_1_74' title="bbox 1958 2769 3548 2847">
     <span class='ocr_line' id='line_1_74' title="bbox 1958 2769 3548 2847; baseline -0.005 -15"><span class='ocrx_word' id='word_1_528' title='bbox 1958 2776 2363 2847; x_wconf 88' lang='lat' dir='ltr'><strong>perceptionem</strong></span> <span class='ocrx_word' id='word_1_529' title='bbox 2392 2784 2447 2830; x_wconf 89' lang='lat' dir='ltr'><strong>et</strong></span> <span class='ocrx_word' id='word_1_530' title='bbox 2471 2774 3018 2843; x_wconf 86' lang='lat' dir='ltr'><strong>comprehensionem</strong></span> <span class='ocrx_word' id='word_1_531' title='bbox 3051 2769 3251 2826; x_wconf 89' lang='lat' dir='ltr'><strong>habere</strong></span> <span class='ocrx_word' id='word_1_532' title='bbox 3278 2787 3293 2823; x_wconf 86' lang='lat'><strong>:</strong></span> <span class='ocrx_word' id='word_1_533' title='bbox 3327 2783 3548 2825; x_wconf 88' lang='lat' dir='ltr'><strong>verum-</strong></span> 
     </span>
    </p>
   </div>
   <div class='ocr_carea' id='block_1_75' title="bbox 1960 2861 3547 2932">
    <p class='ocr_par' dir='ltr' id='par_1_75' title="bbox 1960 2861 3547 2932">
     <span class='ocr_line' id='line_1_75' title="bbox 1960 2861 3547 2932; baseline -0.003 -13"><span class='ocrx_word' id='word_1_534' title='bbox 1960 2873 2145 2919; x_wconf 90' lang='lat' dir='ltr'><strong>tamen</strong></span> <span class='ocrx_word' id='word_1_535' title='bbox 2178 2872 2381 2919; x_wconf 71' lang='lat' dir='ltr'><strong>nostm</strong></span> <span class='ocrx_word' id='word_1_536' title='bbox 2409 2862 2691 2918; x_wconf 80' lang='lat' dir='ltr'><strong>facultatis</strong></span> <span class='ocrx_word' id='word_1_537' title='bbox 2716 2861 3012 2932; x_wconf 77' lang='lat' dir='ltr'><strong>exiguitate</strong></span> <span class='ocrx_word' id='word_1_538' title='bbox 3037 2867 3326 2919; x_wconf 84' lang='lat' dir='ltr'><strong>contentos</strong></span> <span class='ocrx_word' id='word_1_539' title='bbox 3355 2875 3453 2931; x_wconf 87' lang='lat' dir='ltr'><strong>per</strong></span> <span class='ocrx_word' id='word_1_540' title='bbox 3482 2875 3547 2914; x_wconf 87' lang='lat' dir='ltr'><strong>ea</strong></span> 
     </span>
    </p>
   </div>
   <div class='ocr_carea' id='block_1_76' title="bbox 1962 2950 3549 3027">
    <p class='ocr_par' dir='ltr' id='par_1_76' title="bbox 1962 2950 3549 3027">
     <span class='ocr_line' id='line_1_76' title="bbox 1962 2950 3549 3027; baseline -0.003 -16"><span class='ocrx_word' id='word_1_541' title='bbox 1962 2956 2187 3011; x_wconf 87' lang='lat' dir='ltr'><strong>nomina</strong></span> <span class='ocrx_word' id='word_1_542' title='bbox 2216 2970 2339 3027; x_wconf 79' lang='lat' dir='ltr'><strong>qua:</strong></span> <span class='ocrx_word' id='word_1_543' title='bbox 2368 2953 2435 3010; x_wconf 88' lang='lat' dir='ltr'><strong>de</strong></span> <span class='ocrx_word' id='word_1_544' title='bbox 2468 2954 2586 3025; x_wconf 87' lang='lat' dir='ltr'><strong>ipsa</strong></span> <span class='ocrx_word' id='word_1_545' title='bbox 2624 2954 2713 3025; x_wconf 90' lang='lat' dir='ltr'><strong>pie</strong></span> <span class='ocrx_word' id='word_1_546' title='bbox 2741 2953 3025 3020; x_wconf 89' lang='lat' dir='ltr'><strong>dicuntur,</strong></span> <span class='ocrx_word' id='word_1_547' title='bbox 3061 2950 3419 3008; x_wconf 83' lang='lat' dir='ltr'><strong>suﬂicientem</strong></span> <span class='ocrx_word' id='word_1_548' title='bbox 3455 2965 3549 3007; x_wconf 84' lang='lat' dir='ltr'><strong>co-</strong></span> 
     </span>
    </p>
   </div>
   <div class='ocr_carea' id='block_1_77' title="bbox 1965 3044 3548 3121">
    <p class='ocr_par' dir='ltr' id='par_1_77' title="bbox 1965 3044 3548 3121">
     <span class='ocr_line' id='line_1_77' title="bbox 1965 3044 3548 3121; baseline -0.004 -16"><span class='ocrx_word' id='word_1_549' title='bbox 1965 3049 2267 3121; x_wconf 90' lang='lat' dir='ltr'><strong>gnitionem</strong></span> <span class='ocrx_word' id='word_1_550' title='bbox 2314 3062 2417 3104; x_wconf 89' lang='lat' dir='ltr'><strong>nos</strong></span> <span class='ocrx_word' id='word_1_551' title='bbox 2460 3047 2758 3119; x_wconf 87' lang='lat' dir='ltr'><strong>colligere:</strong></span> <span class='ocrx_word' id='word_1_552' title='bbox 2805 3045 3003 3101; x_wconf 87' lang='lat' dir='ltr'><strong>borum</strong></span> <span class='ocrx_word' id='word_1_553' title='bbox 3043 3052 3220 3101; x_wconf 88' lang='lat' dir='ltr'><strong>autem</strong></span> <span class='ocrx_word' id='word_1_554' title='bbox 3264 3044 3548 3101; x_wconf 89' lang='lat' dir='ltr'><strong>nominum</strong></span> 
     </span>
    </p>
   </div>
   <div class='ocr_carea' id='block_1_78' title="bbox 1972 3137 3550 3210">
    <p class='ocr_par' dir='ltr' id='par_1_78' title="bbox 1972 3137 3550 3210">
     <span class='ocr_line' id='line_1_78' title="bbox 1972 3137 3550 3210; baseline -0.004 -10"><span class='ocrx_word' id='word_1_555' title='bbox 1972 3144 2212 3201; x_wconf 90' lang='lat' dir='ltr'><strong>dicimus</strong></span> <span class='ocrx_word' id='word_1_556' title='bbox 2247 3156 2356 3198; x_wconf 90' lang='lat' dir='ltr'><strong>non</strong></span> <span class='ocrx_word' id='word_1_557' title='bbox 2390 3156 2514 3198; x_wconf 85' lang='lat' dir='ltr'><strong>esse</strong></span> <span class='ocrx_word' id='word_1_558' title='bbox 2546 3140 2792 3196; x_wconf 90' lang='lat' dir='ltr'><strong>omnium</strong></span> <span class='ocrx_word' id='word_1_559' title='bbox 2829 3138 3155 3195; x_wconf 81' lang='lat' dir='ltr'><strong>uniformem</strong></span> <span class='ocrx_word' id='word_1_560' title='bbox 3192 3137 3550 3210; x_wconf 78' lang='lat' dir='ltr'><strong>signiﬁcatio-</strong></span> 
     </span>
    </p>
   </div>
   <div class='ocr_carea' id='block_1_79' title="bbox 1971 3229 3600 3305">
    <p class='ocr_par' dir='ltr' id='par_1_79' title="bbox 1971 3229 3600 3305">
     <span class='ocr_line' id='line_1_79' title="bbox 1971 3229 3600 3305; baseline -0.006 -12"><span class='ocrx_word' id='word_1_561' title='bbox 1971 3251 2136 3301; x_wconf 90' lang='lat' dir='ltr'><strong>nem,</strong></span> <span class='ocrx_word' id='word_1_562' title='bbox 2186 3235 2282 3291; x_wconf 88' lang='lat' dir='ltr'><strong>sed</strong></span> <span class='ocrx_word' id='word_1_563' title='bbox 2333 3233 2579 3305; x_wconf 69' lang='lat' dir='ltr'><strong>quaedam</strong></span> <span class='ocrx_word' id='word_1_564' title='bbox 2631 3247 2821 3289; x_wconf 90' lang='lat' dir='ltr'><strong>eorum</strong></span> <span class='ocrx_word' id='word_1_565' title='bbox 2875 3246 2997 3303; x_wconf 67' lang='lat' dir='ltr'><strong>quae</strong></span> <span class='ocrx_word' id='word_1_566' title='bbox 3042 3232 3231 3287; x_wconf 89' lang='lat' dir='ltr'><strong>insunt</strong></span> <span class='ocrx_word' id='word_1_567' title='bbox 3260 3230 3408 3294; x_wconf 87' lang='lat' dir='ltr'><strong>Deo,</strong></span> <span class='ocrx_word' id='word_1_568' title='bbox 3442 3229 3551 3284; x_wconf 86' lang='lat' dir='ltr'><strong>alia</strong></span> <span class='ocrx_word' id='word_1_569' title='bbox 3579 3267 3600 3303; x_wconf 86' lang='grc'><strong>,</strong></span> 
     </span>
    </p>
   </div>
   <div class='ocr_carea' id='block_1_80' title="bbox 1971 3320 3550 3396">
    <p class='ocr_par' dir='ltr' id='par_1_80' title="bbox 1971 3320 3550 3396">
     <span class='ocr_line' id='line_1_80' title="bbox 1971 3320 3550 3396; baseline -0.006 -11"><span class='ocrx_word' id='word_1_570' title='bbox 1971 3344 2104 3385; x_wconf 88' lang='lat' dir='ltr'><strong>vero</strong></span> <span class='ocrx_word' id='word_1_571' title='bbox 2129 3342 2318 3384; x_wconf 88' lang='lat' dir='ltr'><strong>eorum</strong></span> <span class='ocrx_word' id='word_1_572' title='bbox 2346 3341 2470 3396; x_wconf 66' lang='lat' dir='ltr'><strong>quae</strong></span> <span class='ocrx_word' id='word_1_573' title='bbox 2496 3325 2567 3381; x_wconf 91' lang='lat' dir='ltr'><strong>ab</strong></span> <span class='ocrx_word' id='word_1_574' title='bbox 2595 3340 2660 3381; x_wconf 92' lang='lat' dir='ltr'><strong>eo</strong></span> <span class='ocrx_word' id='word_1_575' title='bbox 2684 3324 2925 3389; x_wconf 87' lang='lat' dir='ltr'><strong>absunt,</strong></span> <span class='ocrx_word' id='word_1_576' title='bbox 2953 3322 3293 3378; x_wconf 88' lang='lat' dir='ltr'><strong>notationem</strong></span> <span class='ocrx_word' id='word_1_577' title='bbox 3322 3320 3550 3386; x_wconf 85' lang='lat' dir='ltr'><strong>habere,</strong></span> 
     </span>
    </p>
   </div>
   <div class='ocr_carea' id='block_1_81' title="bbox 1972 3412 3550 3490">
    <p class='ocr_par' dir='ltr' id='par_1_81' title="bbox 1972 3412 3550 3490">
     <span class='ocr_line' id='line_1_81' title="bbox 1972 3412 3550 3490; baseline -0.005 -14"><span class='ocrx_word' id='word_1_578' title='bbox 1972 3427 2035 3476; x_wconf 91' lang='lat' dir='ltr'><strong>ut</strong></span> <span class='ocrx_word' id='word_1_579' title='bbox 2066 3435 2191 3475; x_wconf 91' lang='lat' dir='ltr'><strong>cum</strong></span> <span class='ocrx_word' id='word_1_580' title='bbox 2220 3418 2431 3490; x_wconf 90' lang='lat' dir='ltr'><strong>justum</strong></span> <span class='ocrx_word' id='word_1_581' title='bbox 2465 3418 2645 3489; x_wconf 90' lang='lat' dir='ltr'><strong>ipsum</strong></span> <span class='ocrx_word' id='word_1_582' title='bbox 2679 3424 2735 3472; x_wconf 92' lang='lat' dir='ltr'><strong>et</strong></span> <span class='ocrx_word' id='word_1_583' title='bbox 2770 3414 3240 3485; x_wconf 88' lang='lat' dir='ltr'><strong>incorruptibilem</strong></span> <span class='ocrx_word' id='word_1_584' title='bbox 3279 3412 3550 3477; x_wconf 90' lang='lat' dir='ltr'><strong>dicimus,</strong></span> 
     </span>
    </p>
   </div>
   <div class='ocr_carea' id='block_1_82' title="bbox 1969 3506 3554 3584">
    <p class='ocr_par' dir='ltr' id='par_1_82' title="bbox 1969 3506 3554 3584">
     <span class='ocr_line' id='line_1_82' title="bbox 1969 3506 3554 3584; baseline -0.005 -16"><span class='ocrx_word' id='word_1_585' title='bbox 1969 3511 2123 3584; x_wconf 82' lang='lat' dir='ltr'><strong>justo</strong></span> <span class='ocrx_word' id='word_1_586' title='bbox 2148 3512 2368 3584; x_wconf 87' lang='lat' dir='ltr'><strong>quidem</strong></span> <span class='ocrx_word' id='word_1_587' title='bbox 2407 3511 2593 3567; x_wconf 79' lang='lat' dir='ltr'><strong>inesse</strong></span> <span class='ocrx_word' id='word_1_588' title='bbox 2629 3509 2935 3582; x_wconf 86' lang='lat' dir='ltr'><strong>justitiam,</strong></span> <span class='ocrx_word' id='word_1_589' title='bbox 2972 3506 3384 3579; x_wconf 86' lang='lat' dir='ltr'><strong>incorruptibili</strong></span> <span class='ocrx_word' id='word_1_590' title='bbox 3422 3521 3554 3562; x_wconf 83' lang='lat' dir='ltr'><strong>vero</strong></span> 
     </span>
    </p>
   </div>
   <div class='ocr_carea' id='block_1_83' title="bbox 1975 3598 3552 3662">
    <p class='ocr_par' dir='ltr' id='par_1_83' title="bbox 1975 3598 3552 3662">
     <span class='ocr_line' id='line_1_83' title="bbox 1975 3598 3552 3662; baseline -0.007 0"><span class='ocrx_word' id='word_1_591' title='bbox 1975 3620 2085 3662; x_wconf 90' lang='lat' dir='ltr'><strong>non</strong></span> <span class='ocrx_word' id='word_1_592' title='bbox 2116 3606 2299 3661; x_wconf 89' lang='lat' dir='ltr'><strong>inesse</strong></span> <span class='ocrx_word' id='word_1_593' title='bbox 2343 3602 2627 3657; x_wconf 82' lang='lat' dir='ltr'><strong>interitum</strong></span> <span class='ocrx_word' id='word_1_594' title='bbox 2672 3602 3137 3657; x_wconf 89' lang='lat' dir='ltr'><strong>demonstramus.</strong></span> <span class='ocrx_word' id='word_1_595' title='bbox 3175 3598 3327 3654; x_wconf 87' lang='lat' dir='ltr'><strong>Licet</strong></span> <span class='ocrx_word' id='word_1_596' title='bbox 3358 3612 3552 3652; x_wconf 88' lang='lat' dir='ltr'><strong>rursus</strong></span> 
     </span>
    </p>
   </div>
   <div class='ocr_carea' id='block_1_84' title="bbox 1976 3685 3557 3762">
    <p class='ocr_par' dir='ltr' id='par_1_84' title="bbox 1976 3685 3557 3762">
     <span class='ocr_line' id='line_1_84' title="bbox 1976 3685 3557 3762; baseline -0.004 -13"><span class='ocrx_word' id='word_1_597' title='bbox 1976 3694 2142 3749; x_wconf 91' lang='lat' dir='ltr'><strong>etiam</strong></span> <span class='ocrx_word' id='word_1_598' title='bbox 2173 3692 2397 3748; x_wconf 87' lang='lat' dir='ltr'><strong>mutatis</strong></span> <span class='ocrx_word' id='word_1_599' title='bbox 2428 3690 2927 3762; x_wconf 75' lang='lat' dir='ltr'><strong>significationibus</strong></span> <span class='ocrx_word' id='word_1_600' title='bbox 2959 3689 3077 3743; x_wconf 88' lang='lat' dir='ltr'><strong>vice</strong></span> <span class='ocrx_word' id='word_1_601' title='bbox 3108 3701 3267 3744; x_wconf 84' lang='lat' dir='ltr'><strong>versa</strong></span> <span class='ocrx_word' id='word_1_602' title='bbox 3306 3685 3418 3742; x_wconf 90' lang='lat' dir='ltr'><strong>Deo</strong></span> <span class='ocrx_word' id='word_1_603' title='bbox 3453 3702 3557 3742; x_wconf 83' lang='lat' dir='ltr'><strong>no-</strong></span> 
     </span>
    </p>
   </div>
   <div class='ocr_carea' id='block_1_85' title="bbox 1977 3778 3554 3848">
    <p class='ocr_par' dir='ltr' id='par_1_85' title="bbox 1977 3778 3554 3848">
     <span class='ocr_line' id='line_1_85' title="bbox 1977 3778 3554 3848; baseline -0.004 -8"><span class='ocrx_word' id='word_1_604' title='bbox 1977 3785 2127 3840; x_wconf 88' lang='lat' dir='ltr'><strong>mina</strong></span> <span class='ocrx_word' id='word_1_605' title='bbox 2161 3784 2504 3839; x_wconf 68' lang='lat' dir='ltr'><strong>cohaerenter</strong></span> <span class='ocrx_word' id='word_1_606' title='bbox 2532 3780 2985 3847; x_wconf 87' lang='lat' dir='ltr'><strong>accommodare,</strong></span> <span class='ocrx_word' id='word_1_607' title='bbox 3011 3779 3083 3834; x_wconf 87' lang='lat' dir='ltr'><strong>ita</strong></span> <span class='ocrx_word' id='word_1_608' title='bbox 3115 3788 3177 3833; x_wconf 92' lang='lat' dir='ltr'><strong>ut</strong></span> <span class='ocrx_word' id='word_1_609' title='bbox 3196 3778 3309 3833; x_wconf 78' lang='lat' dir='ltr'><strong>hoc</strong></span> <span class='ocrx_word' id='word_1_610' title='bbox 3331 3778 3554 3848; x_wconf 88' lang='lat' dir='ltr'><strong>quidem</strong></span> 
     </span>
    </p>
   </div>
   <div class='ocr_carea' id='block_1_86' title="bbox 1983 3868 3554 3948">
    <p class='ocr_par' dir='ltr' id='par_1_86' title="bbox 1983 3868 3554 3948">
     <span class='ocr_line' id='line_1_86' title="bbox 1983 3868 3554 3948; baseline -0.004 -18"><span class='ocrx_word' id='word_1_611' title='bbox 1983 3875 2132 3948; x_wconf 88' lang='lat' dir='ltr'><strong>quod</strong></span> <span class='ocrx_word' id='word_1_612' title='bbox 2167 3875 2321 3930; x_wconf 90' lang='lat' dir='ltr'><strong>nullo</strong></span> <span class='ocrx_word' id='word_1_613' title='bbox 2364 3872 2527 3929; x_wconf 90' lang='lat' dir='ltr'><strong>modo</strong></span> <span class='ocrx_word' id='word_1_614' title='bbox 2570 3873 2861 3938; x_wconf 84' lang='lat' dir='ltr'><strong>convenit,</strong></span> <span class='ocrx_word' id='word_1_615' title='bbox 2915 3869 3064 3941; x_wconf 90' lang='lat' dir='ltr'><strong>quod</strong></span> <span class='ocrx_word' id='word_1_616' title='bbox 3114 3868 3221 3939; x_wconf 85' lang='lat' dir='ltr'><strong>ipsi</strong></span> <span class='ocrx_word' id='word_1_617' title='bbox 3271 3869 3554 3940; x_wconf 89' lang='lat' dir='ltr'><strong>pr0prium</strong></span> 
     </span>
    </p>
   </div>
   <div class='ocr_carea' id='block_1_87' title="bbox 1980 3960 3553 4037">
    <p class='ocr_par' dir='ltr' id='par_1_87' title="bbox 1980 3960 3553 4037">
     <span class='ocr_line' id='line_1_87' title="bbox 1980 3960 3553 4037; baseline -0.007 -12"><span class='ocrx_word' id='word_1_618' title='bbox 1980 3976 2065 4026; x_wconf 90' lang='lat' dir='ltr'><strong>est</strong></span> <span class='ocrx_word' id='word_1_619' title='bbox 2085 4008 2100 4033; x_wconf 93' lang='lat'><strong>,</strong></span> <span class='ocrx_word' id='word_1_620' title='bbox 2133 3982 2199 4023; x_wconf 91' lang='lat' dir='ltr'><strong>eo</strong></span> <span class='ocrx_word' id='word_1_621' title='bbox 2229 3982 2363 4022; x_wconf 88' lang='lat' dir='ltr'><strong>vero</strong></span> <span class='ocrx_word' id='word_1_622' title='bbox 2392 3965 2538 4037; x_wconf 91' lang='lat' dir='ltr'><strong>quod</strong></span> <span class='ocrx_word' id='word_1_623' title='bbox 2568 3963 2757 4029; x_wconf 90' lang='lat' dir='ltr'><strong>adest,</strong></span> <span class='ocrx_word' id='word_1_624' title='bbox 2792 3961 2939 4033; x_wconf 89' lang='lat' dir='ltr'><strong>quod</strong></span> <span class='ocrx_word' id='word_1_625' title='bbox 2969 3962 3038 4017; x_wconf 85' lang='lat' dir='ltr'><strong>ab</strong></span> <span class='ocrx_word' id='word_1_626' title='bbox 3076 3975 3141 4017; x_wconf 91' lang='lat' dir='ltr'><strong>eo</strong></span> <span class='ocrx_word' id='word_1_627' title='bbox 3184 3967 3270 4017; x_wconf 89' lang='lat' dir='ltr'><strong>est</strong></span> <span class='ocrx_word' id='word_1_628' title='bbox 3316 3960 3553 4034; x_wconf 81' lang='lat' dir='ltr'><strong>alienum</strong></span> 
     </span>
    </p>
   </div>
   <div class='ocr_carea' id='block_1_88' title="bbox 1978 4049 3555 4129">
    <p class='ocr_par' dir='ltr' id='par_1_88' title="bbox 1978 4049 3555 4129">
     <span class='ocr_line' id='line_1_88' title="bbox 1978 4049 3555 4129; baseline -0.007 -14"><span class='ocrx_word' id='word_1_629' title='bbox 1978 4065 2423 4129; x_wconf 70' lang='lat' dir='ltr'><strong>reprmsentetur.</strong></span> <span class='ocrx_word' id='word_1_630' title='bbox 2454 4055 2592 4109; x_wconf 85' lang='lat' dir='ltr'><strong>Nam</strong></span> <span class='ocrx_word' id='word_1_631' title='bbox 2623 4067 2747 4109; x_wconf 91' lang='lat' dir='ltr'><strong>cum</strong></span> <span class='ocrx_word' id='word_1_632' title='bbox 2774 4050 3050 4122; x_wconf 85' lang='lat' dir='ltr'><strong>injustitia</strong></span> <span class='ocrx_word' id='word_1_633' title='bbox 3078 4049 3309 4121; x_wconf 72' lang='lat' dir='ltr'><strong>justitize</strong></span> <span class='ocrx_word' id='word_1_634' title='bbox 3339 4059 3555 4105; x_wconf 84' lang='lat' dir='ltr'><strong>contra-</strong></span> 
     </span>
    </p>
   </div>
   <div class='ocr_carea' id='block_1_89' title="bbox 1979 4144 3555 4221">
    <p class='ocr_par' dir='ltr' id='par_1_89' title="bbox 1979 4144 3555 4221">
     <span class='ocr_line' id='line_1_89' title="bbox 1979 4144 3555 4221; baseline -0.006 -13"><span class='ocrx_word' id='word_1_635' title='bbox 1979 4153 2063 4208; x_wconf 88' lang='lat' dir='ltr'><strong>ria</strong></span> <span class='ocrx_word' id='word_1_636' title='bbox 2112 4151 2469 4221; x_wconf 89' lang='lat' dir='ltr'><strong>intelligatur,</strong></span> <span class='ocrx_word' id='word_1_637' title='bbox 2508 4156 2562 4203; x_wconf 91' lang='lat' dir='ltr'><strong>et</strong></span> <span class='ocrx_word' id='word_1_638' title='bbox 2604 4144 2850 4201; x_wconf 87' lang='lat' dir='ltr'><strong>interitui</strong></span> <span class='ocrx_word' id='word_1_639' title='bbox 2888 4145 3169 4202; x_wconf 66' lang='lat' dir='ltr'><strong>aeternitas</strong></span> <span class='ocrx_word' id='word_1_640' title='bbox 3210 4144 3555 4210; x_wconf 87' lang='lat' dir='ltr'><strong>adversetur,</strong></span> 
     </span>
    </p>
   </div>
   <div class='ocr_carea' id='block_1_90' title="bbox 1980 4236 3557 4308">
    <p class='ocr_par' dir='ltr' id='par_1_90' title="bbox 1980 4236 3557 4308">
     <span class='ocr_line' id='line_1_90' title="bbox 1980 4236 3557 4308; baseline -0.006 -7"><span class='ocrx_word' id='word_1_641' title='bbox 1980 4245 2065 4301; x_wconf 81' lang='lat' dir='ltr'><strong>fas</strong></span> <span class='ocrx_word' id='word_1_642' title='bbox 2089 4258 2174 4301; x_wconf 72' lang='grc' dir='ltr'><strong>εει</strong></span> <span class='ocrx_word' id='word_1_643' title='bbox 2205 4242 2597 4299; x_wconf 81' lang='lat' dir='ltr'><strong>convenienter</strong></span> <span class='ocrx_word' id='word_1_644' title='bbox 2630 4238 2711 4294; x_wconf 91' lang='lat' dir='ltr'><strong>uti</strong></span> <span class='ocrx_word' id='word_1_645' title='bbox 2756 4238 2811 4294; x_wconf 93' lang='lat' dir='ltr'><strong>in</strong></span> <span class='ocrx_word' id='word_1_646' title='bbox 2846 4236 2956 4294; x_wconf 87' lang='lat' dir='ltr'><strong>Deo</strong></span> <span class='ocrx_word' id='word_1_647' title='bbox 2998 4237 3332 4303; x_wconf 89' lang='lat' dir='ltr'><strong>contrariis,</strong></span> <span class='ocrx_word' id='word_1_648' title='bbox 3379 4252 3557 4308; x_wconf 85' lang='lat' dir='ltr'><strong>neque</strong></span> 
     </span>
    </p>
   </div>
   <div class='ocr_carea' id='block_1_91' title="bbox 1982 4330 3559 4405">
    <p class='ocr_par' dir='ltr' id='par_1_91' title="bbox 1982 4330 3559 4405">
     <span class='ocr_line' id='line_1_91' title="bbox 1982 4330 3559 4405; baseline -0.005 -13"><span class='ocrx_word' id='word_1_649' title='bbox 1982 4339 2242 4394; x_wconf 86' lang='lat' dir='ltr'><strong>aberrare</strong></span> <span class='ocrx_word' id='word_1_650' title='bbox 2274 4335 2342 4390; x_wconf 91' lang='lat' dir='ltr'><strong>ab</strong></span> <span class='ocrx_word' id='word_1_651' title='bbox 2373 4349 2441 4391; x_wconf 91' lang='lat' dir='ltr'><strong>eo</strong></span> <span class='ocrx_word' id='word_1_652' title='bbox 2466 4332 2612 4405; x_wconf 90' lang='lat' dir='ltr'><strong>quod</strong></span> <span class='ocrx_word' id='word_1_653' title='bbox 2639 4332 2901 4389; x_wconf 88' lang='lat' dir='ltr'><strong>convenit</strong></span> <span class='ocrx_word' id='word_1_654' title='bbox 2922 4370 2938 4397; x_wconf 97' lang='lat'><strong>,</strong></span> <span class='ocrx_word' id='word_1_655' title='bbox 2971 4330 3202 4387; x_wconf 89' lang='lat' dir='ltr'><strong>dicendo</strong></span> <span class='ocrx_word' id='word_1_656' title='bbox 3231 4345 3559 4401; x_wconf 88' lang='lat' dir='ltr'><strong>semperque</strong></span> 
     </span>
    </p>
   </div>
   <div class='ocr_carea' id='block_1_92' title="bbox 280 4419 1866 4519">
    <p class='ocr_par' dir='ltr' id='par_1_92' title="bbox 280 4432 1866 4511">
     <span class='ocr_line' id='line_1_92' title="bbox 280 4432 1866 4511; baseline -0.003 -18"><span class='ocrx_word' id='word_1_657' title='bbox 280 4439 494 4511; x_wconf 71' lang='grc' dir='ltr'>φαμὲν,</span> <span class='ocrx_word' id='word_1_658' title='bbox 531 4432 642 4491; x_wconf 77' lang='grc' dir='ltr'>οἷον</span> <span class='ocrx_word' id='word_1_659' title='bbox 683 4436 744 4490; x_wconf 78' lang='grc' dir='ltr'><strong>τὸ</strong></span> <span class='ocrx_word' id='word_1_660' title='bbox 776 4434 978 4505; x_wconf 82' lang='grc' dir='ltr'>ἀγαθὸν</span> <span class='ocrx_word' id='word_1_661' title='bbox 1006 4434 1101 4489; x_wconf 81' lang='grc' dir='ltr'>καὶ</span> <span class='ocrx_word' id='word_1_662' title='bbox 1132 4433 1417 4500; x_wconf 86' lang='grc' dir='ltr'>ἀθάνατον,</span> <span class='ocrx_word' id='word_1_663' title='bbox 1449 4433 1544 4488; x_wconf 81' lang='grc' dir='ltr'><strong>καὶ</strong></span> <span class='ocrx_word' id='word_1_664' title='bbox 1596 4432 1778 4488; x_wconf 88' lang='grc' dir='ltr'>πάντα</span> <span class='ocrx_word' id='word_1_665' title='bbox 1804 4434 1866 4489; x_wconf 65' lang='grc' dir='ltr'>τὰ</span> 
     </span>
    </p>
   </div>
   <div class='ocr_carea' id='block_1_93' title="bbox 1968 4419 3560 4519">
    <p class='ocr_par' dir='ltr' id='par_1_93' title="bbox 1984 4419 3560 4499">
     <span class='ocr_line' id='line_1_93' title="bbox 1984 4419 3560 4499; baseline -0.005 -16"><span class='ocrx_word' id='word_1_666' title='bbox 1984 4429 2163 4499; x_wconf 90' lang='lat' dir='ltr'><strong>ipsum</strong></span> <span class='ocrx_word' id='word_1_667' title='bbox 2191 4440 2315 4482; x_wconf 88' lang='lat' dir='ltr'><strong>esse</strong></span> <span class='ocrx_word' id='word_1_668' title='bbox 2337 4431 2390 4480; x_wconf 90' lang='lat' dir='ltr'><strong>ct</strong></span> <span class='ocrx_word' id='word_1_669' title='bbox 2415 4422 2680 4494; x_wconf 87' lang='lat' dir='ltr'><strong>injustum</strong></span> <span class='ocrx_word' id='word_1_670' title='bbox 2703 4437 2814 4477; x_wconf 88' lang='lat' dir='ltr'><strong>non</strong></span> <span class='ocrx_word' id='word_1_671' title='bbox 2841 4437 2964 4478; x_wconf 88' lang='lat' dir='ltr'><strong>esse</strong></span> <span class='ocrx_word' id='word_1_672' title='bbox 2986 4441 3001 4477; x_wconf 87' lang='lat'><strong>:</strong></span> <span class='ocrx_word' id='word_1_673' title='bbox 3026 4419 3173 4492; x_wconf 90' lang='lat' dir='ltr'><strong>quod</strong></span> <span class='ocrx_word' id='word_1_674' title='bbox 3201 4420 3328 4477; x_wconf 81' lang='lat' dir='ltr'><strong>huic</strong></span> <span class='ocrx_word' id='word_1_675' title='bbox 3350 4419 3560 4491; x_wconf 74' lang='lat' dir='ltr'><strong>aequale</strong></span> 
     </span>
    </p>
   </div>
   <div class='ocr_carea' id='block_1_94' title="bbox 281 4511 1866 4601">
    <p class='ocr_par' dir='ltr' id='par_1_94' title="bbox 281 4525 1866 4601">
     <span class='ocr_line' id='line_1_94' title="bbox 281 4525 1866 4601; baseline -0.004 -14"><span class='ocrx_word' id='word_1_676' title='bbox 281 4531 436 4587; x_wconf 76' lang='grc' dir='ltr'><strong>κατά</strong></span> <span class='ocrx_word' id='word_1_677' title='bbox 483 4531 576 4585; x_wconf 65' lang='grc' dir='ltr'><strong>τὸν</strong></span> <span class='ocrx_word' id='word_1_678' title='bbox 624 4530 808 4601; x_wconf 83' lang='grc' dir='ltr'>ὅμοιον</span> <span class='ocrx_word' id='word_1_679' title='bbox 860 4528 1203 4599; x_wconf 71' lang='grc' dir='ltr'>ἐκφερόμενα</span> <span class='ocrx_word' id='word_1_680' title='bbox 1249 4525 1439 4583; x_wconf 85' lang='grc' dir='ltr'>τύπον.</span> <span class='ocrx_word' id='word_1_681' title='bbox 1487 4525 1720 4581; x_wconf 74' lang='grc' dir='ltr'>Δύναται</span> <span class='ocrx_word' id='word_1_682' title='bbox 1766 4526 1866 4599; x_wconf 68' lang='grc' dir='ltr'><strong>γὰρ</strong></span> 
     </span>
    </p>
   </div>
   <div class='ocr_carea' id='block_1_95' title="bbox 1968 4511 3561 4601">
    <p class='ocr_par' dir='ltr' id='par_1_95' title="bbox 1984 4511 3561 4589">
     <span class='ocr_line' id='line_1_95' title="bbox 1984 4511 3561 4589; baseline -0.007 -12"><span class='ocrx_word' id='word_1_683' title='bbox 1984 4529 2090 4586; x_wconf 88' lang='lat' dir='ltr'><strong>est,</strong></span> <span class='ocrx_word' id='word_1_684' title='bbox 2114 4533 2307 4589; x_wconf 90' lang='lat' dir='ltr'><strong>nempe</strong></span> <span class='ocrx_word' id='word_1_685' title='bbox 2329 4517 2514 4572; x_wconf 88' lang='lat' dir='ltr'><strong>dicere</strong></span> <span class='ocrx_word' id='word_1_686' title='bbox 2534 4514 2743 4585; x_wconf 86' lang='lat' dir='ltr'><strong>justum</strong></span> <span class='ocrx_word' id='word_1_687' title='bbox 2766 4529 2889 4570; x_wconf 90' lang='lat' dir='ltr'><strong>esse</strong></span> <span class='ocrx_word' id='word_1_688' title='bbox 2904 4521 3087 4569; x_wconf 90' lang='lat' dir='ltr'><strong>etnon</strong></span> <span class='ocrx_word' id='word_1_689' title='bbox 3111 4511 3388 4569; x_wconf 90' lang='lat' dir='ltr'><strong>interitum</strong></span> <span class='ocrx_word' id='word_1_690' title='bbox 3416 4511 3561 4567; x_wconf 90' lang='lat' dir='ltr'><strong>acci-</strong></span> 
     </span>
    </p>
   </div>
   <div class='ocr_carea' id='block_1_96' title="bbox 282 4616 1881 4689">
    <p class='ocr_par' dir='ltr' id='par_1_96' title="bbox 282 4616 1881 4689">
     <span class='ocr_line' id='line_1_96' title="bbox 282 4616 1881 4689; baseline -0.006 -10"><span class='ocrx_word' id='word_1_691' title='bbox 282 4626 525 4679; x_wconf 68' lang='grc' dir='ltr'>ἕκαςτον</span> <span class='ocrx_word' id='word_1_692' title='bbox 575 4620 756 4675; x_wconf 81' lang='grc' dir='ltr'>αὐτῶν</span> <span class='ocrx_word' id='word_1_693' title='bbox 792 4619 969 4683; x_wconf 81' lang='grc' dir='ltr'>άλλως</span> <span class='ocrx_word' id='word_1_694' title='bbox 1022 4620 1115 4673; x_wconf 80' lang='grc' dir='ltr'>καὶ</span> <span class='ocrx_word' id='word_1_695' title='bbox 1158 4617 1333 4682; x_wconf 78' lang='grc' dir='ltr'>ἄλλως</span> <span class='ocrx_word' id='word_1_696' title='bbox 1383 4616 1747 4689; x_wconf 76' lang='grc' dir='ltr'>μεταληφθὲν,</span> <span class='ocrx_word' id='word_1_697' title='bbox 1786 4620 1881 4671; x_wconf 72' lang='grc' dir='ltr'>καὶ</span> 
     </span>
    </p>
   </div>
   <div class='ocr_carea' id='block_1_97' title="bbox 285 4708 1882 4787">
    <p class='ocr_par' dir='ltr' id='par_1_97' title="bbox 285 4708 1882 4787">
     <span class='ocr_line' id='line_1_97' title="bbox 285 4708 1882 4787; baseline -0.004 -18"><span class='ocrx_word' id='word_1_698' title='bbox 285 4716 351 4769; x_wconf 73' lang='grc' dir='ltr'>τὸ</span> <span class='ocrx_word' id='word_1_699' title='bbox 375 4713 584 4787; x_wconf 77' lang='grc' dir='ltr'>προσὸν</span> <span class='ocrx_word' id='word_1_700' title='bbox 613 4712 708 4766; x_wconf 69' lang='grc' dir='ltr'><strong>καὶ</strong></span> <span class='ocrx_word' id='word_1_701' title='bbox 734 4712 796 4765; x_wconf 77' lang='grc' dir='ltr'>τὸ</span> <span class='ocrx_word' id='word_1_702' title='bbox 822 4711 896 4783; x_wconf 79' lang='grc' dir='ltr'>μὴ</span> <span class='ocrx_word' id='word_1_703' title='bbox 918 4710 1117 4783; x_wconf 84' lang='grc' dir='ltr'>προσὸν</span> <span class='ocrx_word' id='word_1_704' title='bbox 1140 4711 1234 4764; x_wconf 71' lang='grc' dir='ltr'><strong>ἐπὶ</strong></span> <span class='ocrx_word' id='word_1_705' title='bbox 1255 4711 1354 4781; x_wconf 83' lang='grc' dir='ltr'>τῆς</span> <span class='ocrx_word' id='word_1_706' title='bbox 1378 4709 1526 4774; x_wconf 89' lang='grc' dir='ltr'>θείας</span> <span class='ocrx_word' id='word_1_707' title='bbox 1545 4708 1882 4775; x_wconf 78' lang='grc' dir='ltr'>ἐνδείξασθαι</span> 
     </span>
    </p>
   </div>
   <div class='ocr_carea' id='block_1_98' title="bbox 289 4801 1883 4879">
    <p class='ocr_par' dir='ltr' id='par_1_98' title="bbox 289 4801 1883 4879">
     <span class='ocr_line' id='line_1_98' title="bbox 289 4801 1883 4879; baseline -0.004 -17"><span class='ocrx_word' id='word_1_708' title='bbox 289 4808 543 4879; x_wconf 67' lang='grc' dir='ltr'>ςὺσεωςο</span> <span class='ocrx_word' id='word_1_709' title='bbox 576 4805 718 4860; x_wconf 81' lang='grc' dir='ltr'>ὥστε</span> <span class='ocrx_word' id='word_1_710' title='bbox 774 4803 870 4858; x_wconf 81' lang='grc' dir='ltr'>τοῦ</span> <span class='ocrx_word' id='word_1_711' title='bbox 914 4804 1190 4875; x_wconf 82' lang='grc' dir='ltr'>σχήματος</span> <span class='ocrx_word' id='word_1_712' title='bbox 1237 4803 1346 4857; x_wconf 89' lang='grc' dir='ltr'><strong>τῶν</strong></span> <span class='ocrx_word' id='word_1_713' title='bbox 1392 4802 1670 4873; x_wconf 84' lang='grc' dir='ltr'>ὀνομάτων</span> <span class='ocrx_word' id='word_1_714' title='bbox 1710 4801 1883 4856; x_wconf 85' lang='grc' dir='ltr'>ὑπαλ-</span> 
     </span>
    </p>
   </div>
   <div class='ocr_carea' id='block_1_99' title="bbox 290 4894 1888 4983">
    <p class='ocr_par' dir='ltr' id='par_1_99' title="bbox 290 4894 1888 4983">
     <span class='ocr_line' id='line_1_99' title="bbox 290 4894 1888 4983; baseline -0.005 -27"><span class='ocrx_word' id='word_1_715' title='bbox 290 4901 655 4973; x_wconf 80' lang='grc' dir='ltr'>λασσομένου,</span> <span class='ocrx_word' id='word_1_716' title='bbox 685 4899 785 4983; x_wconf 65' lang='grc' dir='ltr'>τὴν</span> <span class='ocrx_word' id='word_1_717' title='bbox 803 4897 1004 4968; x_wconf 76' lang='grc' dir='ltr'>εὐσεϐῆ</span> <span class='ocrx_word' id='word_1_718' title='bbox 1027 4897 1153 4968; x_wconf 74' lang='grc' dir='ltr'>περὶ</span> <span class='ocrx_word' id='word_1_719' title='bbox 1178 4895 1238 4949; x_wconf 86' lang='grc' dir='ltr'>τὸ</span> <span class='ocrx_word' id='word_1_720' title='bbox 1264 4894 1621 4965; x_wconf 79' lang='grc' dir='ltr'>ὑποκείμενον</span> <span class='ocrx_word' id='word_1_721' title='bbox 1648 4895 1888 4949; x_wconf 86' lang='grc' dir='ltr'>διάνοιαν</span> 
     </span>
    </p>
   </div>
   <div class='ocr_carea' id='block_1_100' title="bbox 295 4983 1887 5064">
    <p class='ocr_par' dir='ltr' id='par_1_100' title="bbox 295 4983 1887 5064">
     <span class='ocr_line' id='line_1_100' title="bbox 295 4983 1887 5064; baseline -0.005 -19"><span class='ocrx_word' id='word_1_722' title='bbox 295 4993 484 5064; x_wconf 80' lang='grc' dir='ltr'>μένειν</span> <span class='ocrx_word' id='word_1_723' title='bbox 536 4989 814 5059; x_wconf 86' lang='grc' dir='ltr'>ἀκίνητον.</span> <span class='ocrx_word' id='word_1_724' title='bbox 867 4985 1044 5039; x_wconf 80' lang='grc' dir='ltr'>Ταὺτὺ</span> <span class='ocrx_word' id='word_1_725' title='bbox 1080 4984 1189 5055; x_wconf 87' lang='grc' dir='ltr'><strong>γάρ</strong></span> <span class='ocrx_word' id='word_1_726' title='bbox 1235 4986 1401 5048; x_wconf 78' lang='grc' dir='ltr'>ἐστιν,</span> <span class='ocrx_word' id='word_1_727' title='bbox 1449 4983 1795 5037; x_wconf 79' lang='grc' dir='ltr'>ἁνεπίδεκτόν</span> <span class='ocrx_word' id='word_1_728' title='bbox 1828 5001 1887 5037; x_wconf 85' lang='grc' dir='ltr'><strong>τε</strong></span> 
     </span>
    </p>
   </div>
   <div class='ocr_carea' id='block_1_101' title="bbox 294 5075 1889 5155">
    <p class='ocr_par' dir='ltr' id='par_1_101' title="bbox 294 5075 1889 5155">
     <span class='ocr_line' id='line_1_101' title="bbox 294 5075 1889 5155; baseline -0.006 -16"><span class='ocrx_word' id='word_1_729' title='bbox 294 5084 572 5155; x_wconf 71' lang='grc' dir='ltr'>πονηρίας</span> <span class='ocrx_word' id='word_1_730' title='bbox 598 5082 691 5136; x_wconf 78' lang='grc' dir='ltr'>τὸν</span> <span class='ocrx_word' id='word_1_731' title='bbox 720 5081 854 5135; x_wconf 72' lang='grc' dir='ltr'>Θεὸν</span> <span class='ocrx_word' id='word_1_732' title='bbox 884 5081 1074 5142; x_wconf 73' lang='grc' dir='ltr'>εἰπεῖν,</span> <span class='ocrx_word' id='word_1_733' title='bbox 1106 5077 1201 5132; x_wconf 70' lang='grc' dir='ltr'>καὶ</span> <span class='ocrx_word' id='word_1_734' title='bbox 1234 5075 1436 5145; x_wconf 79' lang='grc' dir='ltr'>ἀγαθὸν</span> <span class='ocrx_word' id='word_1_735' title='bbox 1462 5076 1728 5145; x_wconf 83' lang='grc' dir='ltr'>ὀνομάσαι</span> <span class='ocrx_word' id='word_1_736' title='bbox 1747 5091 1761 5105; x_wconf 77' lang='grc' dir='ltr'><strong><em>ο</em></strong></span> <span class='ocrx_word' id='word_1_737' title='bbox 1794 5076 1889 5129; x_wconf 70' lang='grc' dir='ltr'><strong>καὶ</strong></span> 
     </span>
    </p>
   </div>
   <div class='ocr_carea' id='block_1_102' title="bbox 295 5166 1892 5246">
    <p class='ocr_par' dir='ltr' id='par_1_102' title="bbox 295 5166 1892 5246">
     <span class='ocr_line' id='line_1_102' title="bbox 295 5166 1892 5246; baseline -0.009 -13"><span class='ocrx_word' id='word_1_738' title='bbox 295 5178 570 5233; x_wconf 84' lang='grc' dir='ltr'>ἀθάνατον</span> <span class='ocrx_word' id='word_1_739' title='bbox 615 5172 969 5246; x_wconf 78' lang='grc' dir='ltr'>ὁμολογῆσαι,</span> <span class='ocrx_word' id='word_1_740' title='bbox 1020 5169 1115 5223; x_wconf 78' lang='grc' dir='ltr'>καὶ</span> <span class='ocrx_word' id='word_1_741' title='bbox 1157 5168 1242 5222; x_wconf 70' lang='grc' dir='ltr'>ἀεὶ</span> <span class='ocrx_word' id='word_1_742' title='bbox 1280 5166 1456 5231; x_wconf 79' lang='grc' dir='ltr'>ζῶντα</span> <span class='ocrx_word' id='word_1_743' title='bbox 1485 5168 1677 5220; x_wconf 83' lang='grc' dir='ltr'>εἰπεῖν.</span> <span class='ocrx_word' id='word_1_744' title='bbox 1729 5166 1892 5220; x_wconf 74' lang='grc' dir='ltr'>Οὐδε-</span> 
     </span>
    </p>
   </div>
   <div class='ocr_carea' id='block_1_103' title="bbox 302 5257 1899 5345">
    <p class='ocr_par' dir='ltr' id='par_1_103' title="bbox 302 5257 1899 5345">
     <span class='ocr_line' id='line_1_103' title="bbox 302 5257 1899 5345; baseline -0.009 -19"><span class='ocrx_word' id='word_1_745' title='bbox 302 5274 438 5345; x_wconf 71' lang='grc' dir='ltr'>μία-δ</span> <span class='ocrx_word' id='word_1_746' title='bbox 462 5268 575 5339; x_wconf 76' lang='grc' dir='ltr'><strong>γὰρ</strong></span> <span class='ocrx_word' id='word_1_747' title='bbox 616 5269 675 5322; x_wconf 75' lang='grc' dir='ltr'>ὲν</span> <span class='ocrx_word' id='word_1_748' title='bbox 702 5265 914 5328; x_wconf 75' lang='grc' dir='ltr'>τούτοις</span> <span class='ocrx_word' id='word_1_749' title='bbox 949 5258 1092 5316; x_wconf 86' lang='grc' dir='ltr'><strong>κατά</strong></span> <span class='ocrx_word' id='word_1_750' title='bbox 1119 5260 1178 5313; x_wconf 77' lang='grc' dir='ltr'>τὸ</span> <span class='ocrx_word' id='word_1_751' title='bbox 1204 5258 1599 5331; x_wconf 80' lang='grc' dir='ltr'>σημαινόμενον</span> <span class='ocrx_word' id='word_1_752' title='bbox 1626 5257 1899 5331; x_wconf 68' lang='grc' dir='ltr'>διαφορὰν</span> 
     </span>
    </p>
   </div>
   <div class='ocr_carea' id='block_1_104' title="bbox 300 5347 1888 5429">
    <p class='ocr_par' dir='ltr' id='par_1_104' title="bbox 300 5347 1888 5429">
     <span class='ocr_line' id='line_1_104' title="bbox 300 5347 1888 5429; baseline -0.008 -15"><span class='ocrx_word' id='word_1_753' title='bbox 300 5358 619 5429; x_wconf 70' lang='grc' dir='ltr'>ἐννοοῦμεν,</span> <span class='ocrx_word' id='word_1_754' title='bbox 652 5355 770 5409; x_wconf 78' lang='grc' dir='ltr'>ἀλλ’</span> <span class='ocrx_word' id='word_1_755' title='bbox 814 5353 872 5407; x_wconf 75' lang='grc' dir='ltr'>ἓν</span> <span class='ocrx_word' id='word_1_756' title='bbox 920 5352 989 5407; x_wconf 85' lang='grc' dir='ltr'><strong>δι’</strong></span> <span class='ocrx_word' id='word_1_757' title='bbox 1016 5348 1290 5421; x_wconf 78' lang='grc' dir='ltr'>ἑκατέρων</span> <span class='ocrx_word' id='word_1_758' title='bbox 1317 5348 1428 5403; x_wconf 90' lang='grc' dir='ltr'><strong>τῶν</strong></span> <span class='ocrx_word' id='word_1_759' title='bbox 1471 5347 1647 5418; x_wconf 88' lang='grc' dir='ltr'>λόγων</span> <span class='ocrx_word' id='word_1_760' title='bbox 1682 5350 1888 5421; x_wconf 71' lang='grc' dir='ltr'>ἀποσησ</span> 
     </span>
    </p>
   </div>
   <div class='ocr_carea' id='block_1_105' title="bbox 309 5439 1891 5520">
    <p class='ocr_par' dir='ltr' id='par_1_105' title="bbox 309 5439 1891 5520">
     <span class='ocr_line' id='line_1_105' title="bbox 309 5439 1891 5520; baseline -0.004 -19"><span class='ocrx_word' id='word_1_761' title='bbox 309 5450 610 5520; x_wconf 71' lang='grc' dir='ltr'>μαίνομινο</span> <span class='ocrx_word' id='word_1_762' title='bbox 646 5447 751 5503; x_wconf 69' lang='grc' dir='ltr'>κᾶν</span> <span class='ocrx_word' id='word_1_763' title='bbox 785 5447 848 5500; x_wconf 83' lang='grc' dir='ltr'><strong>τδ</strong></span> <span class='ocrx_word' id='word_1_764' title='bbox 884 5445 984 5513; x_wconf 75' lang='grc' dir='ltr'>μὲν</span> <span class='ocrx_word' id='word_1_765' title='bbox 1034 5441 1204 5506; x_wconf 79' lang='grc' dir='ltr'>θέσιν,</span> <span class='ocrx_word' id='word_1_766' title='bbox 1231 5441 1292 5494; x_wconf 77' lang='grc' dir='ltr'><strong>τὸ</strong></span> <span class='ocrx_word' id='word_1_767' title='bbox 1333 5439 1389 5493; x_wconf 82' lang='grc' dir='ltr'>δὲ</span> <span class='ocrx_word' id='word_1_768' title='bbox 1421 5439 1698 5514; x_wconf 83' lang='grc' dir='ltr'>ἀναίρεσίν</span> <span class='ocrx_word' id='word_1_769' title='bbox 1748 5458 1891 5505; x_wconf 83' lang='grc' dir='ltr'>τινος</span> 
     </span>
    </p>
   </div>
   <div class='ocr_carea' id='block_1_106' title="bbox 305 5540 630 5613">
    <p class='ocr_par' dir='ltr' id='par_1_106' title="bbox 305 5540 630 5613">
     <span class='ocr_line' id='line_1_106' title="bbox 305 5540 630 5613; baseline 0.003 -20"><span class='ocrx_word' id='word_1_770' title='bbox 305 5542 454 5612; x_wconf 74' lang='grc' dir='ltr'>ἔχειν</span> <span class='ocrx_word' id='word_1_771' title='bbox 478 5540 630 5613; x_wconf 69' lang='grc' dir='ltr'>δοκῇ.</span> 
     </span>
    </p>
   </div>
   <div class='ocr_carea' id='block_1_107' title="bbox 1985 4604 3560 4686">
    <p class='ocr_par' dir='ltr' id='par_1_107' title="bbox 1985 4604 3560 4686">
     <span class='ocr_line' id='line_1_107' title="bbox 1985 4604 3560 4686; baseline -0.006 -18"><span class='ocrx_word' id='word_1_772' title='bbox 1985 4628 2151 4686; x_wconf 84' lang='lat' dir='ltr'><strong>pere:</strong></span> <span class='ocrx_word' id='word_1_773' title='bbox 2180 4610 2261 4666; x_wconf 87' lang='lat' dir='ltr'><strong>sic</strong></span> <span class='ocrx_word' id='word_1_774' title='bbox 2291 4609 2455 4666; x_wconf 85' lang='lat' dir='ltr'><strong>etiam</strong></span> <span class='ocrx_word' id='word_1_775' title='bbox 2486 4608 2697 4679; x_wconf 87' lang='lat' dir='ltr'><strong>reliqua</strong></span> <span class='ocrx_word' id='word_1_776' title='bbox 2726 4607 2952 4662; x_wconf 90' lang='lat' dir='ltr'><strong>nomina</strong></span> <span class='ocrx_word' id='word_1_777' title='bbox 2978 4604 3215 4677; x_wconf 91' lang='lat' dir='ltr'><strong>quadam</strong></span> <span class='ocrx_word' id='word_1_778' title='bbox 3246 4613 3560 4661; x_wconf 76' lang='lat' dir='ltr'><strong>transsum-</strong></span> 
     </span>
    </p>
   </div>
   <div class='ocr_carea' id='block_1_108' title="bbox 1988 4696 3560 4776">
    <p class='ocr_par' dir='ltr' id='par_1_108' title="bbox 1988 4696 3560 4776">
     <span class='ocr_line' id='line_1_108' title="bbox 1988 4696 3560 4776; baseline -0.006 -16"><span class='ocrx_word' id='word_1_779' title='bbox 1988 4705 2173 4776; x_wconf 91' lang='lat' dir='ltr'><strong>ptione</strong></span> <span class='ocrx_word' id='word_1_780' title='bbox 2222 4700 2639 4773; x_wconf 80' lang='lat' dir='ltr'><strong>signiﬁcationis</strong></span> <span class='ocrx_word' id='word_1_781' title='bbox 2680 4697 2748 4753; x_wconf 90' lang='lat' dir='ltr'><strong>ad</strong></span> <span class='ocrx_word' id='word_1_782' title='bbox 2795 4706 3084 4769; x_wconf 90' lang='lat' dir='ltr'><strong>utramque</strong></span> <span class='ocrx_word' id='word_1_783' title='bbox 3133 4696 3560 4753; x_wconf 88' lang='lat' dir='ltr'><strong>declarationem</strong></span> 
     </span>
    </p>
   </div>
   <div class='ocr_carea' id='block_1_109' title="bbox 1988 4789 3563 4870">
    <p class='ocr_par' dir='ltr' id='par_1_109' title="bbox 1988 4789 3563 4870">
     <span class='ocr_line' id='line_1_109' title="bbox 1988 4789 3563 4870; baseline -0.007 -17"><span class='ocrx_word' id='word_1_784' title='bbox 1988 4806 2115 4870; x_wconf 89' lang='lat' dir='ltr'><strong>apte</strong></span> <span class='ocrx_word' id='word_1_785' title='bbox 2139 4804 2193 4854; x_wconf 89' lang='lat' dir='ltr'><strong>et</strong></span> <span class='ocrx_word' id='word_1_786' title='bbox 2223 4801 2589 4866; x_wconf 88' lang='lat' dir='ltr'><strong>congruenter</strong></span> <span class='ocrx_word' id='word_1_787' title='bbox 2633 4807 2693 4848; x_wconf 91' lang='lat' dir='ltr'><strong>se</strong></span> <span class='ocrx_word' id='word_1_788' title='bbox 2727 4790 2932 4846; x_wconf 82' lang='lat' dir='ltr'><strong>habere</strong></span> <span class='ocrx_word' id='word_1_789' title='bbox 2972 4789 3276 4845; x_wconf 86' lang='lat' dir='ltr'><strong>asscrimus</strong></span> <span class='ocrx_word' id='word_1_790' title='bbox 3298 4828 3313 4852; x_wconf 96' lang='lat'><strong>,</strong></span> <span class='ocrx_word' id='word_1_791' title='bbox 3356 4794 3418 4843; x_wconf 93' lang='lat' dir='ltr'><strong>ut</strong></span> <span class='ocrx_word' id='word_1_792' title='bbox 3463 4789 3563 4843; x_wconf 88' lang='lat' dir='ltr'><strong>bo-</strong></span> 
     </span>
    </p>
   </div>
   <div class='ocr_carea' id='block_1_110' title="bbox 1990 4877 3568 4953">
    <p class='ocr_par' dir='ltr' id='par_1_110' title="bbox 1990 4877 3568 4953">
     <span class='ocr_line' id='line_1_110' title="bbox 1990 4877 3568 4953; baseline -0.008 -8"><span class='ocrx_word' id='word_1_793' title='bbox 1990 4905 2120 4945; x_wconf 89' lang='lat' dir='ltr'><strong>num</strong></span> <span class='ocrx_word' id='word_1_794' title='bbox 2150 4895 2205 4943; x_wconf 87' lang='lat' dir='ltr'><strong>et</strong></span> <span class='ocrx_word' id='word_1_795' title='bbox 2234 4884 2572 4948; x_wconf 89' lang='lat' dir='ltr'><strong>immortale,</strong></span> <span class='ocrx_word' id='word_1_796' title='bbox 2601 4889 2654 4938; x_wconf 90' lang='lat' dir='ltr'><strong>et</strong></span> <span class='ocrx_word' id='word_1_797' title='bbox 2680 4882 2865 4936; x_wconf 90' lang='lat' dir='ltr'><strong>omnia</strong></span> <span class='ocrx_word' id='word_1_798' title='bbox 2896 4896 3018 4953; x_wconf 68' lang='lat' dir='ltr'><strong>quae</strong></span> <span class='ocrx_word' id='word_1_799' title='bbox 3044 4880 3208 4936; x_wconf 90' lang='lat' dir='ltr'><strong>simili</strong></span> <span class='ocrx_word' id='word_1_800' title='bbox 3239 4879 3411 4935; x_wconf 78' lang='lat' dir='ltr'><strong>forma</strong></span> <span class='ocrx_word' id='word_1_801' title='bbox 3443 4877 3568 4934; x_wconf 71' lang='grc' dir='ltr'>εσυ-</span> 
     </span>
    </p>
   </div>
   <div class='ocr_carea' id='block_1_111' title="bbox 1992 4968 3567 5050">
    <p class='ocr_par' dir='ltr' id='par_1_111' title="bbox 1992 4968 3567 5050">
     <span class='ocr_line' id='line_1_111' title="bbox 1992 4968 3567 5050; baseline -0.01 -13"><span class='ocrx_word' id='word_1_802' title='bbox 1992 4988 2229 5047; x_wconf 88' lang='lat' dir='ltr'><strong>rnntur;</strong></span> <span class='ocrx_word' id='word_1_803' title='bbox 2266 4983 2448 5050; x_wconf 86' lang='lat' dir='ltr'><strong>potest</strong></span> <span class='ocrx_word' id='word_1_804' title='bbox 2475 4974 2621 5031; x_wconf 91' lang='lat' dir='ltr'><strong>enim</strong></span> <span class='ocrx_word' id='word_1_805' title='bbox 2649 4973 3083 5045; x_wconf 83' lang='lat' dir='ltr'><strong>unumquodque</strong></span> <span class='ocrx_word' id='word_1_806' title='bbox 3132 4970 3327 5026; x_wconf 85' lang='lat' dir='ltr'><strong>horum</strong></span> <span class='ocrx_word' id='word_1_807' title='bbox 3354 5010 3370 5038; x_wconf 94' lang='lat'><strong>,</strong></span> <span class='ocrx_word' id='word_1_808' title='bbox 3403 4968 3567 5023; x_wconf 86' lang='lat' dir='ltr'><strong>aliter</strong></span> 
     </span>
    </p>
   </div>
   <div class='ocr_carea' id='block_1_112' title="bbox 1992 5060 3566 5145">
    <p class='ocr_par' dir='ltr' id='par_1_112' title="bbox 1992 5060 3566 5145">
     <span class='ocr_line' id='line_1_112' title="bbox 1992 5060 3566 5145; baseline -0.009 -17"><span class='ocrx_word' id='word_1_809' title='bbox 1992 5082 2157 5145; x_wconf 90' lang='lat' dir='ltr'><strong>atque</strong></span> <span class='ocrx_word' id='word_1_810' title='bbox 2185 5071 2344 5126; x_wconf 89' lang='lat' dir='ltr'><strong>aliter</strong></span> <span class='ocrx_word' id='word_1_811' title='bbox 2379 5073 2817 5136; x_wconf 85' lang='lat' dir='ltr'><strong>transsumptum</strong></span> <span class='ocrx_word' id='word_1_812' title='bbox 2841 5104 2856 5131; x_wconf 96' lang='lat'><strong>,</strong></span> <span class='ocrx_word' id='word_1_813' title='bbox 2888 5074 2943 5120; x_wconf 90' lang='lat' dir='ltr'><strong>et</strong></span> <span class='ocrx_word' id='word_1_814' title='bbox 2982 5062 3127 5135; x_wconf 89' lang='lat' dir='ltr'><strong>quod</strong></span> <span class='ocrx_word' id='word_1_815' title='bbox 3160 5064 3301 5117; x_wconf 87' lang='lat' dir='ltr'><strong>inest</strong></span> <span class='ocrx_word' id='word_1_816' title='bbox 3331 5068 3385 5116; x_wconf 90' lang='lat' dir='ltr'><strong>et</strong></span> <span class='ocrx_word' id='word_1_817' title='bbox 3419 5060 3566 5130; x_wconf 91' lang='lat' dir='ltr'><strong>quod</strong></span> 
     </span>
    </p>
   </div>
   <div class='ocr_carea' id='block_1_113' title="bbox 1991 5153 3567 5223">
    <p class='ocr_par' dir='ltr' id='par_1_113' title="bbox 1991 5153 3567 5223">
     <span class='ocr_line' id='line_1_113' title="bbox 1991 5153 3567 5223; baseline -0.009 -1"><span class='ocrx_word' id='word_1_818' title='bbox 1991 5182 2105 5222; x_wconf 91' lang='lat' dir='ltr'><strong>non</strong></span> <span class='ocrx_word' id='word_1_819' title='bbox 2140 5166 2284 5220; x_wconf 87' lang='lat' dir='ltr'><strong>inest</strong></span> <span class='ocrx_word' id='word_1_820' title='bbox 2315 5162 2370 5218; x_wconf 92' lang='lat' dir='ltr'><strong>in</strong></span> <span class='ocrx_word' id='word_1_821' title='bbox 2404 5160 2590 5219; x_wconf 88' lang='lat' dir='ltr'><strong>divina</strong></span> <span class='ocrx_word' id='word_1_822' title='bbox 2624 5167 2820 5215; x_wconf 88' lang='lat' dir='ltr'><strong>natura</strong></span> <span class='ocrx_word' id='word_1_823' title='bbox 2859 5157 3123 5213; x_wconf 80' lang='lat' dir='ltr'><strong>indicare.</strong></span> <span class='ocrx_word' id='word_1_824' title='bbox 3172 5155 3246 5211; x_wconf 88' lang='lat' dir='ltr'><strong>lta</strong></span> <span class='ocrx_word' id='word_1_825' title='bbox 3285 5162 3345 5209; x_wconf 92' lang='lat' dir='ltr'><strong>ut</strong></span> <span class='ocrx_word' id='word_1_826' title='bbox 3394 5153 3567 5223; x_wconf 76' lang='lat' dir='ltr'><strong>figura</strong></span> 
     </span>
    </p>
   </div>
   <div class='ocr_carea' id='block_1_114' title="bbox 1994 5245 3564 5324">
    <p class='ocr_par' dir='ltr' id='par_1_114' title="bbox 1994 5245 3564 5324">
     <span class='ocr_line' id='line_1_114' title="bbox 1994 5245 3564 5324; baseline -0.011 -9"><span class='ocrx_word' id='word_1_827' title='bbox 1994 5257 2278 5315; x_wconf 90' lang='lat' dir='ltr'><strong>nominum</strong></span> <span class='ocrx_word' id='word_1_828' title='bbox 2307 5262 2512 5310; x_wconf 90' lang='lat' dir='ltr'><strong>mutata</strong></span> <span class='ocrx_word' id='word_1_829' title='bbox 2531 5294 2547 5320; x_wconf 95' lang='lat'><strong>,</strong></span> <span class='ocrx_word' id='word_1_830' title='bbox 2575 5252 2663 5324; x_wconf 91' lang='lat' dir='ltr'><strong>pia</strong></span> <span class='ocrx_word' id='word_1_831' title='bbox 2691 5252 2747 5307; x_wconf 83' lang='lat' dir='ltr'><strong>in</strong></span> <span class='ocrx_word' id='word_1_832' title='bbox 2776 5250 3023 5320; x_wconf 86' lang='lat' dir='ltr'><strong>subjecto</strong></span> <span class='ocrx_word' id='word_1_833' title='bbox 3050 5245 3408 5317; x_wconf 83' lang='lat' dir='ltr'><strong>intelligentia</strong></span> <span class='ocrx_word' id='word_1_834' title='bbox 3444 5262 3564 5299; x_wconf 89' lang='lat' dir='ltr'><strong>ma-</strong></span> 
     </span>
    </p>
   </div>
   <div class='ocr_carea' id='block_1_115' title="bbox 1996 5336 3568 5408">
    <p class='ocr_par' dir='ltr' id='par_1_115' title="bbox 1996 5336 3568 5408">
     <span class='ocr_line' id='line_1_115' title="bbox 1996 5336 3568 5408; baseline -0.009 -1"><span class='ocrx_word' id='word_1_835' title='bbox 1996 5357 2123 5406; x_wconf 89' lang='lat' dir='ltr'><strong>neat</strong></span> <span class='ocrx_word' id='word_1_836' title='bbox 2154 5347 2490 5403; x_wconf 88' lang='lat' dir='ltr'><strong>immobilis:</strong></span> <span class='ocrx_word' id='word_1_837' title='bbox 2524 5344 2668 5399; x_wconf 90' lang='lat' dir='ltr'><strong>idem</strong></span> <span class='ocrx_word' id='word_1_838' title='bbox 2698 5344 2842 5399; x_wconf 90' lang='lat' dir='ltr'><strong>enim</strong></span> <span class='ocrx_word' id='word_1_839' title='bbox 2876 5349 2961 5396; x_wconf 88' lang='lat' dir='ltr'><strong>cst</strong></span> <span class='ocrx_word' id='word_1_840' title='bbox 2998 5340 3166 5395; x_wconf 88' lang='lat' dir='ltr'><strong>Deum</strong></span> <span class='ocrx_word' id='word_1_841' title='bbox 3198 5336 3568 5408; x_wconf 87' lang='lat' dir='ltr'><strong>improbitatis</strong></span> 
     </span>
    </p>
   </div>
   <div class='ocr_carea' id='block_1_116' title="bbox 1998 5428 3570 5507">
    <p class='ocr_par' dir='ltr' id='par_1_116' title="bbox 1998 5428 3570 5507">
     <span class='ocr_line' id='line_1_116' title="bbox 1998 5428 3570 5507; baseline -0.01 -11"><span class='ocrx_word' id='word_1_842' title='bbox 1998 5454 2106 5496; x_wconf 91' lang='lat' dir='ltr'><strong>non</strong></span> <span class='ocrx_word' id='word_1_843' title='bbox 2140 5452 2393 5507; x_wconf 85' lang='lat' dir='ltr'><strong>capacem</strong></span> <span class='ocrx_word' id='word_1_844' title='bbox 2431 5435 2647 5498; x_wconf 84' lang='lat' dir='ltr'><strong>dicere,</strong></span> <span class='ocrx_word' id='word_1_845' title='bbox 2682 5442 2735 5488; x_wconf 91' lang='lat' dir='ltr'><strong>et</strong></span> <span class='ocrx_word' id='word_1_846' title='bbox 2768 5434 2969 5487; x_wconf 86' lang='lat' dir='ltr'><strong>bonum</strong></span> <span class='ocrx_word' id='word_1_847' title='bbox 3005 5430 3327 5496; x_wconf 90' lang='lat' dir='ltr'><strong>nominare;</strong></span> <span class='ocrx_word' id='word_1_848' title='bbox 3369 5436 3425 5483; x_wconf 86' lang='lat' dir='ltr'><strong>ct</strong></span> <span class='ocrx_word' id='word_1_849' title='bbox 3468 5428 3570 5481; x_wconf 87' lang='lat' dir='ltr'><strong>im-</strong></span> 
     </span>
    </p>
   </div>
   <div class='ocr_carea' id='block_1_117' title="bbox 1998 5519 3568 5609">
    <p class='ocr_par' dir='ltr' id='par_1_117' title="bbox 1998 5519 3568 5609">
     <span class='ocr_line' id='line_1_117' title="bbox 1998 5519 3568 5609; baseline -0.011 -19"><span class='ocrx_word' id='word_1_850' title='bbox 1998 5532 2284 5590; x_wconf 87' lang='lat' dir='ltr'><strong>mortalem</strong></span> <span class='ocrx_word' id='word_1_851' title='bbox 2336 5525 2626 5609; x_wconf 72' lang='lat' dir='ltr'><strong>cnniitcri,</strong></span> <span class='ocrx_word' id='word_1_852' title='bbox 2676 5533 2731 5582; x_wconf 89' lang='lat' dir='ltr'><strong>et</strong></span> <span class='ocrx_word' id='word_1_853' title='bbox 2778 5538 2993 5594; x_wconf 86' lang='lat' dir='ltr'><strong>semper</strong></span> <span class='ocrx_word' id='word_1_854' title='bbox 3041 5521 3311 5575; x_wconf 82' lang='lat' dir='ltr'><strong>viventem</strong></span> <span class='ocrx_word' id='word_1_855' title='bbox 3363 5519 3568 5575; x_wconf 86' lang='lat' dir='ltr'><strong>dicere.</strong></span> 
     </span>
    </p>
   </div>
   <div class='ocr_carea' id='block_1_118' title="bbox 306 5611 3572 5712">
    <p class='ocr_par' dir='ltr' id='par_1_118' title="bbox 306 5611 3572 5712">
     <span class='ocr_line' id='line_1_118' title="bbox 306 5611 3572 5712; baseline -0.01 -16"><span class='ocrx_word' id='word_1_856' title='bbox 306 5611 529 5696; x_wconf 46' lang='lat' dir='ltr'><strong>bullam</strong></span> <span class='ocrx_word' id='word_1_857' title='bbox 573 5611 719 5693; x_wconf 82' lang='lat' dir='ltr'><strong>enim</strong></span> <span class='ocrx_word' id='word_1_858' title='bbox 801 5632 858 5692; x_wconf 93' lang='lat' dir='ltr'><strong>in</strong></span> <span class='ocrx_word' id='word_1_859' title='bbox 902 5633 967 5691; x_wconf 87' lang='lat' dir='ltr'><strong>iis</strong></span> <span class='ocrx_word' id='word_1_860' title='bbox 1007 5630 1310 5690; x_wconf 82' lang='lat' dir='ltr'><strong>secundum</strong></span> <span class='ocrx_word' id='word_1_861' title='bbox 1354 5626 2125 5709; x_wconf 62' lang='lat' dir='ltr'><strong>signiﬁcatumdillcrcntiam</strong></span> <span class='ocrx_word' id='word_1_862' title='bbox 2156 5623 2577 5705; x_wconf 77' lang='lat' dir='ltr'><strong>__intclligimns,</strong></span> <span class='ocrx_word' id='word_1_863' title='bbox 2624 5618 2715 5678; x_wconf 80' lang='lat' dir='ltr'>st</span> <span class='ocrx_word' id='word_1_864' title='bbox 2764 5634 2932 5675; x_wconf 91' lang='lat' dir='ltr'><strong>unum</strong></span> <span class='ocrx_word' id='word_1_865' title='bbox 3009 5624 3239 5687; x_wconf 84' lang='lat' dir='ltr'><strong>utraque</strong></span> <span class='ocrx_word' id='word_1_866' title='bbox 3318 5611 3572 5712; x_wconf 62' lang='lat' dir='ltr'><strong>oratione</strong></span> 
     </span>
    </p>
   </div>
  </div>
