4002 6218
445 269 552 328 955

1698 253 1766 310 S.
1806 247 2136 308 GREGORII
2171 247 2468 306 NYSSENI

3593 249 3704 306 956

441 389 847 461 signiﬁcamus,
900 379 1156 454 quamvis
1211 379 1322 435 hoc
1369 375 1591 448 quidem
1645 373 2015 456 positionem,
2055 369 2171 427 sive
2201 369 2655 433 allirmatioaem,
2693 367 2827 424 illud
2895 381 3024 424 vero
3089 367 3422 424 ablationem
3469 383 3566 424 seu
3601 386 3709 427 ne-

444 481 718 552 gationem
749 475 988 544 alicujus
1023 473 1224 527 habere
1249 469 1525 526 videatur.

516 575 714 630 Eodem
747 579 906 641 pacto
945 569 1192 624 omnium
1238 567 1570 638 principium
1617 563 1789 618 Deum
1829 561 2019 618 dicen-
2051 561 2101 618 Λ

443 678 556 729 tes,
587 675 643 720 et
671 679 866 718 rursus
897 663 1152 732 ἄναρχον,
1185 659 1237 713 id
1268 666 1390 725 est,
1421 669 1696 712 carentem
1723 653 2018 726 principio,

451 758 826 820 nominantes,
864 755 998 808 nihil
1028 751 1210 822 quoad
1242 766 1462 806 sensum
1501 763 1836 820 pugnamus,
1868 754 2022 802 utro-

443 863 551 919 que
581 845 798 900 nomine
833 843 1132 912 principem
1163 847 1216 894 et
1246 847 1527 894 auctorem
1558 837 1799 892 universi
1839 836 2022 891 decla-

446 947 653 994 rantes.
689 940 871 1002 Quare
898 935 1016 988 sive
1056 933 1328 1002 principio
1371 938 1645 986 carentem
1687 928 2019 993 dixerimus,

442 1033 563 1090 sive
610 1028 848 1084 universi
903 1033 1216 1088 auctorem,
1264 1024 1368 1078 hoc
1418 1023 1636 1092 quidem
1668 1020 1814 1092 quod
1843 1021 2019 1085 inest,

445 1123 621 1177 altero
669 1133 832 1184 vero,
883 1116 1028 1186 quod
1084 1130 1190 1168 non
1244 1116 1390 1169 inest
1435 1111 1836 1181 expressimus.
1882 1108 2018 1164 Cum

443 1211 530 1266 fas
555 1211 656 1274 sit,
688 1209 831 1263 sicut
855 1206 1062 1261 dictum
1090 1211 1209 1266 est,
1241 1219 1336 1273 per
1359 1203 1790 1274 signitlcatorum
1823 1200 2020 1255 immu-

447 1304 710 1357 tationem
734 1339 749 1363 ,
786 1299 1070 1354 nominum
1105 1296 1534 1367 signiﬁcationes
1585 1295 1638 1348 in
1680 1291 2019 1347 contrarium

443 1399 853 1456 transmutare,
914 1399 968 1445 et
1022 1404 1169 1443 nunc
1227 1387 1450 1457 quidem
1508 1386 1863 1442 dissentanea
1919 1398 2023 1437 no-

447 1484 595 1538 mine
636 1497 732 1552 per
774 1481 1063 1551 quamdam
1110 1478 1644 1548 transﬁgurationem
1687 1475 1834 1546 quod
1879 1475 2022 1530 inest

445 1582 636 1628 notum
685 1573 840 1635 ﬁeri,
884 1580 940 1626 et
986 1573 1159 1628 altero
1213 1572 1492 1626 alterum:
1541 1569 1667 1624 licet
1719 1569 1865 1623 enim
1921 1581 2020 1637 pro

444 1679 512 1718 eo
562 1661 708 1732 quod
753 1661 1052 1724 diceretur,
1102 1659 1432 1728 Principium
1481 1658 1600 1726 ipse
1649 1672 1759 1711 non
1813 1654 2017 1725 habet,

445 1753 674 1810 delinire
705 1753 885 1823 ipsum
915 1766 1037 1806 esse
1069 1750 1308 1805 universi
1342 1749 1670 1818 principium
1697 1785 1713 1811 ,
1746 1755 1800 1802 et
1830 1757 2020 1802 contra

447 1861 548 1918 pro
602 1846 739 1911 hoc,
799 1845 976 1912 ipsum
1031 1843 1206 1897 solum
1260 1842 1505 1896 conﬁteri
1567 1841 1729 1896 modo
1780 1840 2022 1910 ingenito

443 1937 562 1992 sive
596 1934 1042 2006 ingenerabiliter
1074 1933 1390 1988 subsistere.
1411 1933 1487 1986 Ita
1517 1939 1574 1985 ut
1611 1931 1773 1986 verba
1802 1931 2021 2000 quidem
2057 1921 2098 1976 Β

448 2028 734 2082 videantur
786 2029 972 2096 tigura:
1031 2023 1408 2078 immutatione
1456 2022 1768 2076 dill'crcnter
1813 2037 1872 2076 sc
1929 2023 2024 2076 ha-

446 2119 596 2180 bere,
637 2117 971 2171 intellectum
1010 2129 1140 2169 vero
1171 2115 1240 2183 .in
1283 2115 1367 2169 his
1391 2130 1511 2184 qua:
1541 2113 1819 2174 dicuntur,
1857 2127 2022 2166 unum

442 2209 810 2279 eamdemque
844 2221 1196 2276 permanere;
1248 2206 1350 2260 hoc
1397 2206 1543 2260 enim
1591 2211 1675 2259 est
1713 2203 1860 2274 quod
1907 2211 2024 2258 stu-

444 2303 601 2358 diose
645 2299 981 2370 perquiritur
1025 2299 1078 2353 in
1133 2299 1216 2353 bis
1251 2313 1371 2367 quae
1403 2298 1468 2352 de
1509 2297 1619 2351 Deo
1665 2297 2026 2351 instituuntur

443 2391 813 2456 sermonibus,
849 2398 906 2443 ut
948 2404 1056 2443 non
1107 2391 1396 2444 verborum
1447 2404 1668 2444 suavem
1710 2397 1764 2443 et
1810 2389 2022 2442 dulcem

444 2500 663 2549 sonum,
693 2484 948 2554 quodque
976 2484 1306 2537 concinnum
1345 2490 1399 2537 et
1450 2481 1807 2547 modulatum,
1851 2490 2026 2536 atten-

441 2577 663 2640 damus,
693 2575 788 2630 sed
822 2585 877 2628 ut
905 2575 1047 2644 piam
1073 2573 1482 2643 intelligentiam
1505 2575 1896 2641 exc0gitemus.
1929 2586 2026 2640 per

443 2682 608 2737 quam
641 2666 902 2721 decorum
941 2665 1008 2720 de
1051 2663 1158 2719 Deo
1201 2663 1596 2718 existimationi
1641 2670 2019 2716 conservetur.

443 2757 712 2824 Quoniam
747 2758 912 2827 igitur
957 2756 1104 2825 pium
1141 2764 1225 2811 est
1269 2755 1536 2809 rationem
1567 2753 1852 2823 complecti
1904 2753 2027 2807 uni-

446 2849 588 2904 versi
619 2857 920 2910 auctorem,
961 2850 1136 2916 ipsum
1176 2861 1397 2901 causam
1442 2861 1549 2900 non
1587 2845 1786 2899 habere
1838 2859 2028 2914 super-

445 2942 682 3011 positam
723 2959 736 2996 :
785 2940 888 2994 hac
925 2939 1194 2994 sententia
1227 2938 1388 2992 nobis
1417 2937 1627 2990 ﬁrmata
1664 2943 1718 2990 et
1751 2944 2024 3002 manente,

441 3047 694 3105 quaenam
717 3032 952 3102 amplius
981 3037 1162 3086 mente
1197 3029 1442 3100 prreditis
1469 3036 1522 3084 et
1555 3036 1701 3082 recte
1725 3027 2026 3097 judicanti-

445 3127 550 3181 bus
584 3125 870 3180 verborum
913 3123 1292 3177 controversia
1347 3128 1402 3175 et
1443 3136 1623 3191 pugna
1669 3119 2028 3188 relinquitur?

444 3215 580 3270 Cum
612 3231 712 3270 vox
740 3216 920 3270 cumis
951 3230 1059 3284 qua
1106 3213 1212 3268 tale
1237 3213 1405 3266 animi
1441 3227 1661 3267 sensum
1711 3210 2028 3265 enuntiatur

443 3306 588 3361 idem
635 3307 922 3375 exprimat.
970 3272 1112 3359 .Sive
1163 3305 1308 3358 enim
1349 3303 1675 3372 principium
1737 3301 1913 3370 ipsum
1975 3309 2028 3354 et
2056 3272 2100 3333 ο

441 3411 667 3452 causam
693 3396 934 3450 universi
970 3411 1092 3449 esse
1121 3395 1298 3457 dicas,
1334 3393 1449 3447 sive
1499 3392 1770 3461 principio
1825 3406 2022 3444 caren—

443 3496 556 3544 tem
594 3502 716 3543 esse
757 3501 879 3540 eum
931 3486 1203 3550 nomines,
1245 3485 1360 3538 sive
1390 3482 1630 3554 ingenito
1687 3481 1846 3535 modo
1885 3495 2024 3545 esse,

441 3579 561 3636 sive
589 3593 655 3634 ex
679 3579 982 3633 aeternitate
1021 3577 1344 3640 subsistere,
1383 3575 1496 3650 sive
1535 3575 1775 3628 universi
1826 3581 2020 3627 aucto-

445 3683 582 3729 rem,
647 3668 762 3722 sive
785 3683 850 3720 ex
884 3667 1028 3720 nulla
1069 3681 1234 3721 causa
1265 3665 1462 3725 solum,
1492 3663 1606 3718 hinc
1635 3663 1813 3718 omnia
1839 3663 2028 3732 hujus-

443 3758 592 3812 modi
653 3758 888 3827 atqualia
933 3766 1060 3812 sunt
1109 3757 1344 3826 quodam
1381 3758 1542 3810 modo
1576 3757 1717 3810 inter
1739 3773 1818 3819 se,
1855 3773 2027 3826 quan-

441 3859 559 3904 tum
609 3848 678 3902 ad
730 3848 1161 3919 signiﬁcatorum
1210 3848 1318 3901 vim
1364 3849 1574 3902 attinet.
1624 3850 1688 3901 Et
1737 3864 1911 3903 vanus
1943 3856 2027 3903 est

444 3940 538 4009 qui
576 3940 878 3994 reluctatur
911 3948 963 3994 et
997 3939 1278 3993 contendit
1317 3941 1465 3993 circa
1528 3942 1690 3993 talem
1749 3941 1899 3994 vocis
1939 3955 2027 3994 so-

445 4049 600 4095 num,
637 4042 894 4102 tanquam
931 4046 1037 4084 non
1073 4033 1127 4084 in
1181 4039 1360 4084 mente
1409 4039 1463 4084 et
1500 4029 1788 4091 sententia.
1817 4031 1911 4084 sed
1971 4031 2025 4085 in

445 4124 668 4195 syllabis
697 4124 918 4179 etsonis
948 4123 1214 4177 consistat
1235 4122 1429 4192 pietas.
1461 4120 1572 4176 Hac
1612 4121 1779 4191 igitur
1813 4121 1986 4175 intelli
2008 4151 2021 4162 ο

445 4215 627 4285 gentia
659 4230 688 4268 a
723 4213 949 4268 doctore
983 4214 1270 4268 articulate
1311 4213 1592 4275 distincta,
1623 4227 1718 4282 per
1751 4227 1911 4282 quam
1940 4211 2024 4267 his

443 4305 538 4377 qui
572 4321 679 4360 non
730 4306 988 4361 hazretico
1022 4305 1292 4358 velamine
1334 4303 1556 4359 obducti
1590 4310 1716 4357 sunt
1768 4309 1821 4356 et
1850 4301 2024 4372 operti

444 4398 572 4451 licet
619 4399 948 4466 perspicere,
1002 4396 1145 4466 quod
1189 4411 1390 4451 numen
1443 4395 1933 4465 quomodocunque
1966 4410 2026 4450 se

444 4488 666 4552 habeat,
703 4489 1003 4544 secundum
1042 4496 1296 4541 naturam
1357 4502 1574 4542 omnem
1627 4486 1766 4557 fugit
1821 4497 2025 4542 tactum

2209 553 2486 614 Ὡσαύτως
2523 549 2618 605 καὶ
2666 550 2882 605 πάντων
2921 551 3095 622 ἀρχὴν
3135 551 3383 616 λέγοντες
3413 553 3508 608 τὸν
3551 553 3707 618 Θεὸν.

2126 647 2221 702 καὶ
2253 644 2416 700 πάλιν
2465 643 2699 714 ἄναρχον
2727 640 3104 720 ὀνομάζοντες,
3129 641 3282 694 οὐδὲν
3308 644 3450 697 κατά
3492 645 3594 709 τάς
3624 647 3711 698 ἐν-

2127 739 2274 802 νοίας
2310 735 2613 808 μαχόμεθα,
2639 733 2760 788 καθ’
2787 734 3046 807 ἑκάτερον
3075 733 3186 787 τῶν
3202 733 3509 805 λεγομένων
3529 739 3709 809 ἀρχη-

2126 831 2221 900 γὸν
2242 829 2337 883 καὶ
2367 827 2541 882 αἴτιον
2579 822 2718 880 εἶναι
2747 826 2840 880 τοῦ
2871 826 3071 890 παντὸς
3098 827 3510 896 ἀποφαίνοντες.
3541 830 3710 884 Ὥστε

2126 921 2230 977 κᾶν
2257 922 2493 993 ἄναρχον
2517 919 2779 989 εῐπωμεν,
2806 917 2909 972 κᾶν
2933 917 3028 972 τοῦ
3051 918 3246 982 παντὸς
3273 921 3605 990 ἀρχηγέτην,
3627 922 3709 990 τῷ

2128 1017 2226 1088 μὲν
2253 1015 2315 1070 τὸ
2366 1012 2588 1085 προσὸν,
2621 1012 2700 1083 τῷ
2745 1011 2978 1083 δευτέρῳ
3010 1011 3067 1064 δὲ
3112 1011 3174 1065 τδ
3207 1011 3281 1083 μὴ
3318 1013 3520 1084 προσὸν
3564 1031 3709 1083 παρ-

2125 1108 2453 1178 εστήσαμεν.
2503 1103 2737 1159 Δυνατοῦ
2773 1103 2945 1167 ὄντος,
2991 1101 3172 1165 καθὼς
3203 1103 3435 1174 εἴρηται,
3469 1103 3560 1157 διὰ
3607 1107 3708 1174 τῆς

2123 1199 2234 1255 τῶν
2276 1197 2690 1270 σημαινομένων
2720 1197 3057 1267 ὑπαλλαγῆς,
3107 1195 3435 1267 μεταλλάξαι
3475 1199 3618 1269 πρὸς
3647 1199 3710 1251 τὸ

2125 1290 2367 1345 ἐναντίον
2411 1289 2512 1352 τὰς
2561 1289 2669 1342 τῶν
2716 1289 2994 1358 ὀνομάτων
3027 1287 3311 1358 ἐμφάσεις,
3362 1289 3453 1342 καὶ
3498 1289 3580 1360 τῷ
3611 1291 3709 1343 νῦν

2124 1381 2521 1452 ἀπεμφαίνοντι
2552 1381 2689 1445 τέως
2717 1381 2940 1450 ὀνόματι
2979 1379 3067 1435 διά
3114 1397 3258 1444 τινος
3295 1398 3710 1453 μετασχηματι-

2127 1472 2266 1544 σμοῦ
2295 1473 2356 1525 τὸ
2382 1471 2584 1542 προσὸν
2614 1471 2980 1542 γνωρισθῆναι
2999 1488 3012 1502 °
3051 1471 3146 1525 καὶ
3173 1473 3249 1541 τῷ
3278 1472 3450 1544 ἑτέρῳ
3496 1476 3558 1527 τὸ
3589 1475 3710 1528 ἓτε-

2129 1581 2240 1637 ρον.
2280 1565 2496 1631 Ἔξεστι
2527 1563 2637 1636 γάρ
2673 1564 2797 1616 ἀντὶ
2851 1563 2948 1617 τοῦ
3001 1562 3176 1635 ἀρχὴν
3220 1564 3382 1617 αὑτὸν
3432 1567 3506 1637 μὴ
3556 1567 3705 1636 ἔχειν

2125 1657 2318 1721 εἰπεῖν,
2350 1655 2412 1708 τὸ
2442 1656 2617 1727 ἀρχὴν
2659 1655 2819 1709 αὑτὸν
2850 1653 2945 1709 τοῦ
2994 1655 3194 1720 παντὸς
3221 1652 3359 1711 εἶναι
3394 1658 3705 1729 ὁρίσασθαι,

2126 1751 2221 1802 καὶ
2253 1749 2374 1802 ἀντὶ
2420 1747 2612 1801 τούτου
2657 1747 2837 1811 πάλιν,
2872 1747 2936 1800 τὸ
2987 1747 3147 1818 μόνον
3184 1749 3345 1802 αὑτὸν
3391 1750 3707 1820 ἀγεννήτιιος

2125 1841 2406 1911 ὁμολογεῖν
2454 1839 2767 1908 ὑφεστάναι.
2804 1839 2964 1892 Ὥστε
2997 1838 3066 1892 τὰ
3112 1840 3210 1910 μὲν
3263 1841 3479 1911 ῥήματα
3526 1842 3708 1896 δοκεῖν

2130 1935 2194 2004 τῇ
2231 1930 2324 1986 τοῦ
2357 1934 2632 2003 σχήματος
2656 1932 2922 2002 ἐξαλλαγῇ
2961 1933 3233 2004 διαφόρως
3268 1936 3412 2005 ἔχειν
3437 1936 3572 2007 πρὸς
3610 1937 3710 1990 ἆλ-

2130 2023 2286 2093 ληλα,
2319 2022 2410 2076 τὸν
2437 2023 2494 2076 δὲ
2515 2022 2640 2076 νοῦν
2664 2024 2722 2077 ἐν
2748 2027 2858 2087 τοῖς
2890 2023 3199 2093 λεγομένοις
3239 2025 3332 2078 ἕνα
3368 2028 3463 2079 καὶ
3495 2027 3588 2082 τδν
3617 2030 3712 2082 αὑ-

2129 2113 2220 2165 τὸν
2261 2113 2555 2182 διαμένειν.
2591 2113 2665 2165 Τὸ
2703 2112 2810 2184 γὰρ
2861 2113 3287 2185 σπουδαζόμενον
3333 2117 3390 2169 ἐν
3427 2120 3542 2180 τοῖς
3581 2118 3710 2189 περὶ

2130 2202 2266 2257 Θεοῦ
2290 2203 2468 2272 λόγοις
2492 2203 2658 2267 ἐστὶν,
2687 2204 2807 2274 οὑχὶ
2835 2205 3095 2275 ῥημάτων
3117 2205 3385 2272 εὐφωνίαν
3410 2206 3709 2276 εὑκρουτόν

2131 2309 2189 2346 τε
2216 2293 2311 2346 καὶ
2352 2291 2667 2364 ἐναρμόνιον
2696 2291 3019 2362 ἐπινοῆσαι·
3076 2294 3190 2346 ἀλλ’
3224 2295 3420 2366 εὑσεόῆ
3468 2297 3710 2351 διάνοιαν

2131 2381 2369 2451 ἐξευρεῖν
2404 2383 2471 2435 δι’
2494 2377 2561 2454 ἧς
2590 2382 2651 2435 τὸ
2682 2382 2891 2452 πρέπον
2927 2386 2990 2454 τῇ
3027 2385 3289 2456 ὑπολήψει
3319 2390 3382 2457 τῇ
3413 2388 3544 2458 περὶ
3569 2389 3705 2442 Θεοῦ

2133 2471 2552 2544 φυλαχθήσεται.
2593 2473 2812 2544 Ἐπειδὴ
2842 2474 3016 2528 τοίνυν
3037 2475 3255 2541 εὑσεὸὲς
3275 2477 3583 2546 λογίζεσθαι
3611 2483 3704 2535 τὸν

2130 2563 2226 2616 τοῦ
2259 2562 2455 2627 παντὸς
2510 2562 2702 2625 αἴτιον,
2743 2565 2905 2618 αὑτὸν
2952 2567 3130 2620 αἰτίαν
3166 2569 3238 2638 μὴ
3276 2569 3420 2640 ἐχειν
3458 2571 3708 2642 ὑπερκει-

2136 2654 2327 2726 μένην·
2377 2654 2578 2726 ταύτης
2615 2657 2744 2726 ἡμῖν
2782 2657 2880 2726 τῆς
2911 2657 3144 2722 διανοίας
3173 2662 3591 2733 ἐρηρεισμένης,
3621 2663 3708 2727 τίς

2133 2747 2224 2798 ἐτι·
2252 2747 2380 2818 περὶ
2424 2746 2492 2800 τὰ
2522 2747 2745 2818 ῥήματα
2785 2751 2896 2812 τοῖς
2930 2750 3052 2803 νοῦν
3102 2752 3316 2821 ἔχουσιν
3357 2754 3710 2808 ὑπολείπεται

2136 2837 2318 2908 μάχη;
2352 2839 2536 2909 Πάσης
2580 2839 2786 2910 φωνῆς,
2834 2842 2954 2895 καθ’
2984 2843 3049 2913 ἣν
3078 2843 3138 2896 τὸ
3171 2846 3410 2900 τοιοῦτον
3452 2847 3710 2915 ἐξαγγέλ-

2132 2929 2280 2983 λεται
2308 2931 2504 3001 νόημα,
2540 2931 2600 2984 τὸ
2645 2933 2779 2986 αὑτὸ
2819 2935 3187 3005 παριστώσης.
3219 2937 3343 2990 Εἴτε
3395 2939 3508 3010 γὰρ
3535 2941 3710 3012 ἀρχὴν

2134 3022 2292 3076 αὑτὸν
2312 3024 2406 3076 καὶ
2435 3023 2604 3077 αἴτιον
2639 3023 2733 3078 τοῦ
2769 3026 2965 3090 παντὸς
2999 3022 3136 3081 εἶναι
3169 3029 3369 3097 λέγοις,
3398 3031 3511 3084 εἴτε
3538 3033 3710 3103 ἄναρ-

2133 3133 2227 3186 χον
2260 3115 2419 3169 αὑτὸν
2459 3116 2762 3187 όνομάζοις,
2798 3119 2909 3172 εἴτε
2957 3120 3266 3192 ἀγεννήτως
3314 3118 3478 3186 εἶναι,
3507 3124 3617 3176 εἴτε
3646 3123 3710 3189 ἐξ

2136 3209 2305 3262 ἁῖδίου
2341 3209 2658 3277 ὑφεστάναι,
2689 3211 2798 3264 εἴτε
2833 3211 2928 3265 τοῦ
2963 3214 3162 3277 παντὸς
3190 3216 3380 3278 αἴτιον,
3411 3217 3523 3270 εἴτε
3547 3217 3604 3283 ἐξ
3625 3219 3712 3270 οὐ·

2130 3301 2477 3364 δενὸςαίτίου
2511 3302 2693 3372 μόνον,
2733 3304 2912 3358 πάντα
2943 3305 3010 3358 τὰ
3033 3305 3255 3360 τοιαῦτα
3289 3308 3573 3362 ίσοστάσιά
3594 3327 3712 3373 πως

2129 3390 2378 3460 ἀλλήλοις
2411 3391 2528 3444 ἐστὶ
2573 3391 2713 3445 κατὰ
2743 3392 2842 3464 τὴν
2869 3392 3097 3464 δύναμιν
3129 3397 3238 3448 τῶν
3269 3399 3711 3469 σημαινομένων,

2129 3484 2222 3535 καὶ
2254 3483 2528 3554 όμοτίμως
2558 3484 2672 3554 ἔχει
2715 3485 2780 3538 τὰ
2816 3485 3057 3556 ῥήματα.
3088 3489 3196 3541 Καὶ
3235 3491 3462 3558 μάταιος
3494 3494 3521 3544 ὁ
3551 3492 3715 3559 ζυγο-

2131 3573 2318 3645 μαχῶν
2343 3576 2470 3645 περὶ
2500 3576 2591 3629 τὸν
2626 3577 2827 3630 τοιόνδε
2861 3579 2960 3649 τῆς
2989 3580 3170 3650 φωνῆς
3204 3577 3356 3652 ἦχον,
3388 3583 3466 3645 ὡς
3490 3584 3614 3653 οὑχὶ
3640 3587 3710 3654 τῇ

2128 3663 2354 3735 διανοίᾳ,
2386 3668 2506 3728 ταῖς
2538 3665 2594 3717 δὲ
2646 3667 2939 3730 συλλαϐαῖς
2976 3669 3065 3722 καὶ
3093 3673 3204 3729 τοῖς
3249 3669 3505 3739 φθόγγοις
3535 3674 3715 3739 ἐγκειο

2133 3757 2299 3826 μένης
2328 3756 2428 3826 τῆς
2451 3756 2725 3821 εὐσεϐείας
2741 3784 2752 3795 ο
2790 3758 2989 3830 ταύτης
3011 3761 3187 3813 τοίνυν
3204 3761 3303 3832 τῆς
3326 3763 3536 3826 ἐννοίας
3557 3765 3713 3836 παρὰ

2127 3849 2220 3901 τοῦ
2268 3848 2584 3902 διδασκάλου
2629 3848 3060 3922 διηρθρωμένης,
3109 3852 3172 3904 δι’
3203 3848 3272 3923 ἦς
3306 3853 3421 3906 ἔστι
3456 3857 3584 3918 τοὺς
3633 3857 3713 3928 μὴ

2128 3939 2575 4009 κεκαλυμμένους
2622 3938 2700 4008 τῷ
2746 3941 3006 4010 αῑρετικῷ
3045 3943 3466 4015 προκαλύμματι
3520 3948 3712 4016 σαφῶς

2127 4031 2330 4095 διῖδεῖν,
2366 4030 2534 4084 ὅτιτὸ
2565 4030 2718 4084 Θεῖον
2753 4032 2901 4096 ὅπως
2955 4033 3020 4087 ἂν
3063 4036 3202 4088 κατὰ
3241 4036 3339 4108 τὴν
3379 4039 3542 4106 φύσιν
3587 4042 3708 4113 ἔχῃ,

2127 4125 2402 4193 ἁνέπαφόν
2424 4141 2484 4178 τε
2505 4126 2600 4177 καὶ
2626 4125 3012 4196 ἀκατανόητον,
3043 4127 3136 4179 καὶ
3166 4129 3346 4200 πάσης
3370 4131 3713 4201 ἀντιλήψεως

2125 4219 2224 4284 τῆς
2252 4219 2316 4270 ἐκ
2347 4216 2457 4269 τῶν
2500 4215 2776 4286 λογισμῶν
2815 4217 3145 4288 ὑψηλότερον
3166 4236 3180 4249 “
3221 4223 3254 4289 ἡ
3302 4220 3360 4272 δὲ
3387 4222 3711 4292 ἀνθρωπίνη

2125 4306 2335 4360 διάνοια
2386 4305 2916 4376 πολυπραγμονοῦσα
2958 4308 3052 4360 καὶ
3100 4309 3498 4382 διερευνωμένη
3533 4314 3602 4367 δι’
3631 4308 3714 4370 ὧν

2128 4398 2194 4452 ἂν
2221 4393 2254 4471 ᾖ
2283 4397 2505 4450 δυνατὸν
2535 4397 2829 4468 λογισμῶν,
2856 4399 3178 4470 ἐπορέγεται
3204 4402 3298 4454 καὶ
3330 4403 3578 4472 θιγγάνει
3605 4405 3713 4475 τῆς

2125 4486 2576 4558 ἀπροσπελάστου
2611 4488 2704 4540 καὶ
2753 4487 2964 4558 ὑψηλῆς
3006 4490 3251 4560 φύσεως·
3282 4491 3404 4546 οὔτε
3452 4496 3710 4549 τοσοῦτον

445 4592 800 4648 sensumque,
837 4587 890 4632 et
930 4578 1262 4632 intellectum
1308 4585 1555 4646 superat,
1591 4579 1850 4648 omnique
1891 4594 2026 4635 cou-

2127 4580 2466 4649 ὀξυωποῦσα,
2499 4581 2575 4643 ὡς
2611 4581 2854 4652 ἐναργῶς
2901 4583 3026 4636 ίδεῖν
3053 4584 3114 4637 τὸ
3148 4585 3396 4657 ἀόρατον,
3427 4587 3550 4640 οὔτε
3576 4591 3710 4643 καθ-

442 4669 807 4739 prebensione
837 4685 960 4738 quae
997 4668 1302 4723 rationibus
1334 4676 1571 4732 constat,
1607 4669 1893 4723 sublimior
1943 4679 2026 4727 est

441 4769 498 4816 et
555 4761 748 4827 altior;
809 4760 1046 4813 humana
1083 4768 1264 4814 autem
1319 4759 1677 4830 intelligentia
1719 4761 1934 4816 curiose
1975 4769 2030 4816 et

447 4845 684 4902 sollicite
724 4847 1098 4916 pervestigans
1129 4854 1180 4900 et
1211 4855 1581 4916 perscrutans,
1623 4847 1819 4917 quibus
1849 4855 2029 4918 potest

439 4937 1017 5009 argumentationibus
1037 4937 1373 4992 inaccessam
1389 4946 1442 4992 et
1462 4939 1730 4994 excelsam
1750 4940 1954 5009 expetit
1975 4947 2030 4996 et

441 5030 666 5100 attingit
694 5037 968 5091 naturam,
992 5045 1168 5099 neque
1198 5036 1306 5082 tam
1329 5037 1487 5083 acute
1517 5044 1766 5094 cernens,
1796 5038 1853 5084 ut
1875 5031 2022 5086 clare

443 5127 498 5174 et
529 5121 809 5175 evidenter
843 5119 986 5189 quod
1036 5118 1424 5189 inaspectabile
1457 5125 1540 5173 est
1587 5127 1748 5188 queat
1799 5119 2019 5186 intueri,

444 5226 622 5280 neque
676 5211 901 5265 omnino
951 5211 1025 5265 ita
1091 5210 1160 5264 ab
1203 5224 1428 5264 accessu
1477 5217 1528 5264 et
1566 5211 2022 5280 propinquatione

444 5301 713 5370 sejuncta,
767 5311 826 5356 ut
879 5304 1080 5356 nullam
1135 5303 1307 5372 possit
1343 5301 1482 5371 ejus,
1545 5303 1690 5372 quod
1733 5303 2019 5373 quaeritur,

445 5393 820 5449 adumbratam
854 5396 1140 5465 imaginem
1171 5409 1398 5464 capere;
1422 5394 1516 5450 sed
1540 5403 1747 5464 partem
1782 5395 2016 5466 aliquam

443 5483 514 5538 de
547 5499 609 5537 eo
641 5486 786 5553 quod
843 5488 1108 5555 quaeritur
1154 5501 1249 5557 per
1281 5486 1762 5541 ratiocinationum
1811 5495 2011 5541 tactum

444 5573 758 5643 conjectura
787 5587 1034 5632 assecuta
1067 5584 1170 5642 est,
1193 5579 1389 5648 partim
1421 5594 1550 5635 vero
1572 5594 1637 5634 ex
1668 5594 1732 5634 eo
1760 5579 1904 5649 quod
1927 5595 2016 5634 nc-

443 5674 608 5737 qucat
635 5665 811 5737 ipsum
847 5669 1173 5738 perspicere,
1192 5669 1590 5739 quodammodo
1613 5672 1878 5743 cognovit,
1904 5672 2014 5728 vcl-

2128 4671 2274 4736 άπαξ
2289 4670 2744 4741 άπεσχοινισμένη
2764 4671 2861 4740 τῆς
2886 4675 3310 4743 προσεγγίσεως,
3327 4677 3401 4739 ὡς
3427 4677 3706 4747 μηδεμίαν

2125 4762 2384 4819 δύνασθαι
2420 4761 2514 4814 τοῦ
2549 4760 2880 4833 ζητουμένου
2918 4763 3102 4818 λαϐεῖν
3134 4769 3396 4822 εἰκασίαν.
3446 4770 3611 4822 ’Δλλά
3643 4771 3711 4824 τδ

2129 4857 2227 4929 μέν
2257 4872 2310 4907 τι
2339 4851 2432 4906 τοῦ
2460 4852 2789 4922 ζητουμένου
2816 4853 2902 4907 διὰ
2934 4854 3033 4924 τῆς
3054 4857 3162 4910 τῶν
3189 4858 3458 4930 λογισμῶν
3482 4862 3706 4932 ἐπαφῆς

2127 4945 2476 5016 ἐστοχάσατο,
2496 4944 2558 4997 τὸ
2584 4944 2662 5007 δὲ,
2679 4943 2810 4997 αὑτὸ
2823 4943 2901 5015 τῷ
2925 4947 2998 5017 μὴ
3027 4947 3283 5002 δύνασθαι
3298 4933 3476 5004 διῗδεῖν
3495 4953 3707 5023 τρόπον

2126 5037 2249 5092 τινὰ
2269 5035 2614 5105 κατενόησεν,
2635 5030 2746 5088 οἷόν
2766 5052 2886 5088 τινα
2909 5037 3109 5104 γνῶσιν
3131 5040 3331 5111 ἐναργῆ
3352 5042 3410 5094 τὸ
3432 5043 3575 5111 ὑπὲρ
3595 5046 3706 5097 tti-

2129 5147 2229 5183 σαν
2249 5129 2448 5199 γνῶσιν
2469 5128 2528 5180 τὸ
2545 5126 2870 5199 ζητούμενον
2889 5124 3025 5183 εἶναι
3045 5132 3404 5203 ποιησαμένη.
3424 5135 3504 5188 Τά
3519 5151 3580 5187 τε
3597 5137 3710 5207 γὰρ

2085 5276 2090 5280 ,
2130 5220 2543 5290 άπεμφαίνοντα
2582 5220 2710 5290 περὶ
2741 5218 2840 5288 τὴν
2866 5219 3014 5272 Θείαν
3042 5221 3201 5290 φύσιν
3237 5224 3445 5292 ἐνόησε,
3481 5227 3580 5279 καὶ
3604 5229 3710 5280 ὅσα

2126 5309 2327 5380 πρέπει
2354 5310 2479 5380 περὶ
2497 5308 2662 5380 αὑτὴν
2682 5309 2928 5363 ὑπονοεῖν
2952 5310 3053 5364 οὑκ
3073 5311 3310 5382 ἐνόησεν·
3326 5315 3388 5367 οὑ
3408 5316 3517 5387 μὴν
3531 5317 3709 5389 αὑτὴν

2125 5401 2339 5472 ἐκείνην
2368 5402 2488 5471 ἥτις
2516 5401 2632 5454 ἐστὶ
2666 5402 2789 5472 περὶ
2829 5403 2895 5472 ἢν
2923 5402 3094 5457 ταῦτα
3127 5404 3422 5474 λογίζεται,
3463 5411 3710 5464 κατιδεῖν

2120 5491 2380 5562 ἠδυνήθη,
2413 5491 2527 5544 ἀλλ’
2559 5493 2623 5545 ἐκ
2643 5493 2741 5562 τῆς
2771 5493 2878 5548 τῶν
2898 5495 3207 5565 προσόντων
3234 5515 3293 5550 τε
3317 5499 3409 5552 καὶ
3433 5501 3508 5571 μὴ
3531 5517 3712 5572 προσ-

2121 5580 2285 5635 όντων
2319 5580 2572 5649 γνώσεως
2593 5579 2749 5649 εἶδεν,
2778 5583 2806 5636 ὃ
2841 5584 2998 5655 μόνον
3029 5587 3260 5656 ὀφθῆναι
3282 5589 3504 5643 δυνατόν
3525 5591 3707 5648 ἐστιν.

2125 5673 2244 5725 Ὅτι
2280 5670 2340 5724 τὸ
2377 5671 2571 5734 παντὸς
2625 5672 2722 5742 μὲν
2763 5674 2931 5728 κακοῦ
2969 5677 3249 5747 πόρρωθεν
3299 5679 3610 5750 ἱδρυμένον,
3656 5684 3714 5737 ἐν
