4002 6218
248 170 356 228 957

1385 168 1667 227 CONTRA
1700 169 2094 239 EUNOMIUM,
2123 173 2255 229 LIB.
2292 172 2409 228 XII.

3419 178 3526 241 938

247 284 417 345 παντὶ
449 284 508 339 δὲ
542 283 833 357 νοούμενον
865 282 1075 356 ἀγαθῷ.
1109 283 1338 351 Πάντως
1355 303 1410 341 τι
1436 284 1677 340 τοιοῦτόν
1700 286 1829 339 iam

1951 292 2012 340 ut
2052 286 2422 356 cognitionem
2474 282 2816 350 evidentem,
2871 283 3019 356 quod
3079 301 3247 358 super
3302 301 3522 346 omnem

244 372 361 434 οἷον
396 376 544 446 λέγω
571 393 631 429 τε
656 377 895 448 ἄρρητον
934 371 1096 445 εῖναι,
1127 377 1223 431 καὶ
1250 377 1531 449 λογισμοῖς
1577 378 1840 432 ἀνεπίϐα-

244 487 342 526 τον
366 469 427 525 δὲ
455 468 609 524 ὄντα.
640 468 831 522 Τοίνυν
864 468 1044 533 πάσας
1071 469 1170 540 μὲν
1201 468 1301 533 τάς
1338 471 1606 543 ἀπρεπεῖς
1628 470 1840 535 ἐννοίας

246 564 308 619 ὲν
336 564 405 633 τῇ
434 562 563 634 περὶ
600 562 698 630 τῆς
736 560 888 627 θείας
921 562 1134 632 φύσεως
1166 558 1434 633 ὑπολήψει
1456 561 1549 615 τοῦ
1577 561 1838 616 διδασκά-

246 653 339 707 λου
375 653 533 725 ἡμῶν
577 653 1059 726 ἀποκαθήραντος·
1091 655 1198 707 πᾶν
1237 654 1295 707 δὲ
1338 654 1462 708 ὅσον
1498 651 1744 725 εὖφημόν
1775 670 1837 707 τε

246 742 340 797 καὶ
374 743 679 813 θεοπρεπὲς
699 744 827 812 περὶ.
855 743 1022 816 αὐτὴν
1052 747 1190 797 νοεῖν
1218 742 1720 814 συμϐουλεύσαντος
1743 742 1835 796 καὶ

1943 376 2224 431 scientiam
2248 377 2343 441 sit,
2368 375 2424 429 id
2450 375 2594 445 quod
2625 376 2903 446 qumritur,
2931 383 3177 434 statuens
3205 396 3222 432 :
3252 393 3377 434 nam
3406 397 3526 452 quae

1937 467 2281 523 dissentanea
2332 473 2480 530 sunt,
2524 482 2624 522 nec
2669 468 2724 521 in
2764 467 3004 522 divinam
3045 475 3296 524 naturam
3330 472 3526 526 cadere

1938 565 2196 627 possunt,
2233 557 2502 611 intellexit
2534 573 2548 610 :
2580 564 2634 611 et
2688 571 3030 628 quaecunque
3068 559 3141 614 de
3199 561 3319 629 ipsa
3373 562 3527 617 decet

1937 649 2173 720 Opinari,
2209 665 2317 704 non
2349 651 2522 705 novit.
2553 647 2673 703 Non
2703 660 2882 705 tamen
2904 651 3053 705 illam
3083 652 3256 721 ipsam
3275 667 3523 722 quaenam

1937 741 2010 797 sit
2041 740 2106 796 de
2161 757 2267 811 qua
2304 741 2417 795 haec
2447 742 2659 797 ratione
2700 742 2907 813 colligit
2959 744 3282 814 conSpicere
3311 744 3521 815 potuit;

245 836 580 902 διδάξαντος,
611 836 688 899 ὠς
736 835 861 891 οὔτε
904 855 959 890 τι
992 838 1098 891 τῶν
1129 835 1407 909 φθαρτῶν,
1438 835 1562 889 οὔτε
1604 836 1712 891 τῶν
1748 834 1829 889 διὰ

1936 832 2032 888 sed
2055 848 2121 887 ex
2146 848 2333 888 eorum
2361 848 2483 904 qua:
2510 833 2716 909 insunt,
2745 840 2798 888 et
2828 848 2951 903 quae
2978 848 3087 888 non
3125 833 3315 890 insunt
3335 836 3525 907 cogni-

246 926 515 995 γενέσεως
542 928 623 992 είς
654 926 717 981 τὸ
741 923 881 982 εἶναι
910 906 1302 1000 παρηγμένων,
1324 927 1386 981 τὸ
1419 928 1633 999 πρῶτον
1658 928 1829 983 αἴτιόν

1935 926 2087 980 tione
2119 924 2291 991 novit,
2327 925 2477 996 quod
2512 926 2687 980 solum
2709 906 2892 980 ‘videri
2931 932 3131 994 potest.
3176 925 3332 993 Quod
3365 906 3525 997 longe

244 1017 426 1071 ἐστιν·
459 1016 594 1070 ἀλλά
641 1016 825 1087 πάσης
863 1016 1117 1088 τοιαύτης
1164 1015 1417 1079 ὑπονοίας
1460 1015 1565 1082 ἔξω
1607 1017 1828 1070 νοεῖται.

1934 1015 2153 1087 quidem
2188 1018 2257 1073 ab
2290 1018 2441 1072 omni
2494 1018 2638 1074 malo
2677 1016 2948 1072 lirmatum
2984 1024 3068 1072 est
3107 1037 3120 1072 :
3153 1019 3209 1072 in
3241 1019 3390 1073 omni
3425 1034 3524 1074 au-

256 1108 355 1162 Ἐκ
381 1108 440 1162 δὲ
467 1109 567 1180 τῆς
596 1110 878 1182 ἀρνήσεως
908 1109 1019 1163 τῶν
1049 1108 1126 1181 μὴ
1155 1108 1467 1181 προσόντων
1497 1109 1590 1163 καὶ
1627 1110 1693 1163 ὲκ
1732 1109 1829 1180 τῆς

1937 1119 2043 1165 tem
2078 1108 2220 1163 bono
2263 1109 2604 1182 intelligitur.
2652 1108 2807 1176 Quod
2863 1109 3083 1180 quidem
3146 1114 3371 1168 omnino
3419 1113 3524 1169 tale

240 1198 533 1268 ὁμολογίας
559 1199 672 1254 τῶν
714 1198 955 1264 εὐσεϐῶς
996 1200 1127 1269 περὶ
1173 1197 1337 1253 αὑτοῦ
1386 1199 1710 1270 νοουμένων,
1745 1199 1829 1253 ὅτι

1938 1207 2044 1263 est,
2098 1201 2259 1271 quale
2297 1199 2423 1254 dico
2483 1201 2774 1266 ineffabile,
2809 1210 2862 1257 et
2894 1203 3167 1257 rationum
3227 1206 3521 1262 momentis

241 1290 385 1357 ἔστι,
410 1291 906 1363 καταλαμϐάνεται.
1200 1307 1227 1329 ⁸

1939 1291 2495 1363 ineomprehensibile
2519 1301 2575 1348 et
2608 1293 2986 1349 inaccessibile
3014 1309 3157 1350 esse.
3182 1293 3319 1350 Cum
3354 1296 3519 1368 igitur

242 1400 439 1443 omnes
501 1386 793 1442 indecoras
824 1386 1079 1444 notiones
1116 1400 1255 1459 qpas
1323 1385 1381 1440 in
1434 1382 1617 1439 divina
1672 1391 1870 1438 natura
1910 1382 2126 1439 animus
2160 1394 2345 1454 posset
2382 1384 2675 1455 suSpicari,
2708 1384 2967 1457 magister
2994 1394 3048 1442 et
3083 1388 3273 1442 doctor
3337 1397 3526 1445 noster

242 1480 655 1551 perpurgaverit
698 1500 712 1536 :
758 1480 1127 1553 quodcunque
1186 1495 1317 1537 vero
1364 1476 1711 1550 praedicabile
1767 1487 1818 1535 et
1856 1478 2130 1534 laudabile
2165 1478 2384 1552 Deoque
2423 1481 2681 1537 decorum
2749 1480 2806 1536 in
2874 1482 2994 1553 ipsa
3043 1482 3347 1555 intelligere
3395 1499 3524 1540 con-

241 1574 480 1630 soluerit
526 1584 583 1631 et
626 1575 897 1644 docuerit,
938 1578 1011 1632 ita
1047 1584 1106 1632 ut
1147 1592 1324 1647 neque
1377 1574 1822 1648 corruptibilium
1856 1577 2174 1647 quidquam,
2214 1593 2393 1649 neque
2425 1594 2612 1634 eorum
2647 1594 2767 1649 qua:
2830 1594 2925 1650 per
2993 1580 3396 1651 generationem
3464 1582 3519 1638 in

242 1682 426 1725 rerum
451 1674 701 1725 naturam
733 1669 997 1740 producta
1030 1676 1180 1735 sunt,
1212 1670 1384 1741 prima
1414 1684 1584 1725 causa
1612 1670 1704 1735 sit,
1780 1669 1875 1726 sed
1949 1679 2102 1725 extra
2156 1687 2353 1728 nomen
2417 1673 2576 1727 talem
2625 1673 2989 1743 suspicionem
3038 1681 3093 1729 et
3137 1676 3518 1749 cogitationem

242 1760 590 1830 intelligitur.
652 1762 827 1830 Atque
867 1776 933 1817 cx
988 1762 1275 1833 negatione
1319 1776 1510 1817 eorum
1554 1776 1677 1832 qua:
1728 1775 1836 1817 non
1875 1758 2082 1827 insunt,
2125 1771 2178 1818 et
2207 1778 2271 1818 ex
2323 1762 2679 1820 allirmatione
2724 1780 2911 1820 eorum
2986 1781 3107 1836 qua:
3146 1767 3232 1838 pie
3291 1767 3359 1826 de
3403 1770 3518 1843 ipso

244 1852 651 1925 intelliguntur,
685 1856 812 1924 quia
851 1863 958 1920 est,
988 1855 1493 1926 comprehenditur.
2961 1897 2977 1907 .

308 1951 564 2021 Μάχεται
587 1953 700 2015 τοῖς
731 1952 1042 2024 εἰρημένοις
1069 1953 1098 2005 ὁ
1141 1951 1366 2023 σφοδρὸς
1394 1950 1534 2005 κατά
1566 1950 1668 2020 τῆς
1694 1950 1823 2020 ἀλη-

1997 1945 2098 2001 llic
2126 1954 2307 2000 tamen
2343 1944 2631 2001 vehemens
2657 1945 2901 2003 veritatis
2943 1959 3307 2021 oppugnator,
3352 1954 3516 2015 dit-tis

240 2039 399 2103 θείας
427 2042 753 2114 ἀγωνιστὴς,
777 2044 872 2096 καὶ
899 2041 1149 2114 βούλεται
1178 2042 1271 2096 τὸν
1297 2042 1498 2096 τοιόνδε
1525 2039 1618 2095 τοῦ
1651 2041 1827 2112 ῥήμα-

1930 2039 2246 2101 relnctatur,
2279 2047 2443 2108 atque
2477 2038 2591 2091 vult
2630 2036 2789 2093 talem
2818 2040 3110 2096 verborum
3163 2045 3381 2114 sonuin,
3425 2065 3521 2104 vo-

237 2150 333 2198 τος
357 2128 511 2206 ἦχον,
545 2134 646 2207 τὴν
669 2137 768 2205 τῆς
798 2134 1126 2207 ἀγεννησίας
1156 2135 1301 2204 λέγω
1336 2134 1542 2205 φωνὴν,
1571 2131 1828 2203 ἐμφανῶς

1930 2145 2045 2184 cem
2077 2130 2175 2202 τῆς
2201 2127 2525 2202 ἀγεννησίας
2559 2129 2702 2195 dico,
2734 2130 2829 2185 Dei
2870 2133 3163 2190 essentiam
3230 2139 3516 2197 manifeste

238 2224 516 2280 δεικνύναι
546 2227 641 2282 τοῦ
669 2227 806 2280 Θεοῦ
843 2227 942 2298 τὴν
967 2228 1177 2282 οὐσίαν.
1211 2226 1402 2280 Καίτοι
1436 2225 1597 2278 παντὶ
1626 2223 1828 2295 πρόδη-

1938 2220 2340 2278 demonstrare.
2378 2222 2447 2277 At
2475 2224 2651 2278 cuivis
2684 2225 3030 2295 perspicuum
3064 2236 3118 2282 et
3160 2228 3390 2298 clarum,
3420 2227 3512 2303 qui

240 2314 336 2369 λον
361 2315 441 2386 τῷ
475 2333 540 2385 γε
580 2317 817 2388 μετρίως
850 2317 1250 2389 ἐπεσκεμμένῳ
1286 2315 1383 2380 τὰς
1411 2313 1522 2368 τῶν
1549 2314 1829 2386 ὀνομάτων

1935 2314 2288 2369 mediocriter
2310 2331 2443 2370 usus
2460 2317 2740 2370 nominum
2765 2315 3146 2387 considerarit,
3165 2320 3308 2390 quod
3335 2321 3517 2379 incor-

240 2406 490 2475 χρήσεις.
517 2405 599 2459 ὅτι
625 2406 660 2477 ἠ
689 2405 966 2480 ἀφθαρσία
990 2407 1078 2462 διὰ
1101 2405 1194 2462 τοῦ
1226 2405 1583 2477 ἀφαιρετικοῦ
1611 2406 1824 2477 μορίου,

242 2497 306 2550 τὸ
354 2495 519 2566 μηδὲν
558 2496 760 2551 τούτων
802 2503 1083 2571 προσεῖναι
1115 2498 1193 2570 τῷ
1234 2497 1374 2569 Θεῷ,
1411 2499 1548 2569 μήτε
1600 2498 1827 2569 φθορὰν,

247 2588 387 2658 μήτε
417 2587 674 2661 γέννησιν
716 2591 1105 2662 ἀποσημαίνει.
1166 2590 1320 2644 Ἐπεὶ
1354 2591 1451 2645 καὶ
1488 2590 1625 2646 άλλα
1660 2589 1833 2644 πολλά

242 2677 351 2732 τῶν
374 2679 655 2748 ὀνομάτων
681 2680 977 2752 ὁμοφώνως
1006 2681 1275 2753 λεγόμενα
1298 2682 1398 2753 τὴν
1419 2681 1707 2752 ἀφαίρεσιν
1732 2679 1827 2734 τοῦ

246 2769 320 2840 μὴ
365 2771 683 2841 προσόντος,
720 2772 783 2826 ού
814 2774 914 2844 τὴν
954 2772 1101 2827 θέσιν
1145 2772 1237 2826 τοῦ
1274 2772 1425 2836 ὄντος
1456 2762 1788 2826 ἐνδείκνυται
1810 2788 1825 2804 ο

239 2858 304 2913 τὸ
330 2859 538 2915 ἄκακον
566 2861 659 2915 καὶ
698 2862 907 2917 ἄλυπον
934 2863 1030 2916 καὶ
1067 2862 1340 2933 ἀπόνηρον
1369 2901 1383 2925 ,
1427 2862 1520 2914 καὶ
1560 2862 1830 2932 ἀτάραχον

241 2953 338 3007 καὶ
365 2953 660 3026 ἀόργητον,
684 2954 915 3019 ἀπαθὲς,
944 2956 1326 3026 ἀνεπίληπτον,
1346 2954 1439 3008 καὶ
1458 2955 1560 3007 ὅσα
1584 2953 1827 3008 τοιαῦτα.

240 3043 478 3112 Λέγεται
508 3044 609 3115 μὲν
644 3046 739 3099 καὶ
774 3046 988 3118 ἀληθῶς
1027 3045 1200 3101 ταῦτα
1219 3086 1233 3109 ,
1265 3047 1359 3101 καὶ
1389 3042 1500 3099 οἷον
1532 3045 1830 3114 κατάλογός

241 3150 324 3197 τις
352 3129 427 3207 ἧν
466 3135 564 3190 καὶ
593 3136 970 3209 ἀπαρίθμησις
999 3137 1105 3191 τῶν
1139 3136 1276 3207 πρὸς
1306 3136 1368 3189 τὸ
1391 3138 1573 3207 χεῖρον
1603 3135 1828 3207 νοουμέ-

240 3243 369 3291 νων,
398 3218 482 3282 ὧν
511 3226 746 3288 τὸθείον
781 3229 1128 3300 κεχώρισται.
1159 3229 1232 3281 Οὐ
1264 3229 1373 3298 μήν
1401 3245 1453 3280 τι
1488 3226 1614 3298 περὶ
1651 3222 1712 3281 οὗ
1739 3227 1831 3280 λέ-

1929 2404 2263 2474 ruptibilitas
2296 2421 2391 2476 per
2424 2407 2746 2476 privativum
2780 2408 3129 2478 particulam,
3156 2411 3292 2467 nihil
3323 2429 3515 2471 eorum

1933 2494 2042 2551 Deo
2068 2495 2277 2561 adesse,
2326 2512 2504 2567 neque
2533 2498 2837 2565 interitum,
2870 2514 3049 2570 neque
3081 2509 3260 2557 ortum
3307 2505 3517 2576 signiti-

1930 2595 2038 2641 cat.
2063 2588 2330 2653 Quoniam
2359 2595 2411 2642 et
2446 2588 2551 2642 alia
2592 2589 2761 2643 multa
2795 2591 3014 2645 nomina
3047 2607 3167 2677 quae
3196 2594 3359 2650 simili
3389 2613 3515 2655 voce

1928 2680 2205 2745 dicuntur,
2258 2680 2679 2737 abstractlonem
2713 2681 2832 2753 ejus
2859 2684 3002 2753 quod
3056 2699 3163 2740 non
3197 2687 3362 2751 inest,
3397 2705 3509 2747 non

1931 2768 2254 2837 positionem
2286 2769 2408 2839 ejus
2433 2771 2579 2840 quod
2634 2781 2719 2827 est
2773 2773 3089 2828 ostendunt.
3137 2775 3271 2831 illud
3315 2795 3513 2852 nempe

1930 2858 2194 2914 innocens
2221 2866 2277 2912 et
2315 2860 2647 2915 immmstum
2679 2871 2735 2917 et
2786 2863 3109 2932 innocuum,
3145 2868 3513 2941 imperturba-

1932 2956 2068 3013 tum,
2103 2949 2427 3018 impatibile,
2461 2950 3011 3021 incomprehensibile
3041 2964 3096 3012 et
3117 2959 3223 3013 alia
3272 2961 3327 3016 id
3356 2978 3517 3032 gene.

1930 3039 2041 3103 ris,
2092 3042 2350 3095 dicuntur
2380 3042 2599 3111 quidem
2634 3057 2762 3099 vere
2792 3044 2929 3110 iure,
2961 3054 3014 3101 et
3040 3048 3190 3103 velut
3235 3053 3516 3124 catalogus

1930 3129 2153 3199 quidam
2197 3140 2339 3186 esset
2378 3139 2432 3186 et
2492 3133 2739 3187 recensio
2786 3148 2975 3189 eorum
3021 3152 3143 3207 qua:
3173 3138 3229 3194 in
3274 3140 3516 3199 deterius

1932 3221 2334 3293 intelliguntur,
2366 3237 2396 3277 a
2428 3224 2631 3292 quibus
2660 3221 2868 3280 Numen
2920 3237 3227 3298 separatum
3262 3239 3365 3288 est.
3398 3233 3519 3291 Non

237 3335 399 3387 γεται
439 3318 531 3374 διὰ
559 3322 669 3375 τῶν
698 3322 975 3393 ὀνομάτων
1004 3324 1034 3376 ό
1060 3320 1214 3389 λόγος
1245 3319 1592 3391 παρίστησιν.
1622 3319 1688 3372 Τί
1729 3319 1826 3390 μὲν

1937 3321 2117 3369 tamen
2139 3314 2268 3384 quid
2302 3316 2398 3378 sit,
2424 3314 2477 3368 id
2511 3313 2576 3370 de
2598 3330 2705 3384 quo
2734 3315 3015 3385 dicuntur,
3049 3334 3145 3390 per
3161 3321 3275 3377 haec
3295 3325 3518 3379 nomina

239 3410 351 3482 γάρ
396 3412 499 3483 οὐχ
528 3413 711 3482 ὑγιὲς,
753 3413 821 3466 δι’
861 3407 935 3467 ὧν
974 3412 1285 3483 ἠκούσαμεν
1323 3411 1717 3482 ὲδιδάχθημεν;
1761 3410 1826 3463 Τί

238 3503 299 3557 δέ
337 3507 509 3571 ἐστιν,
559 3507 592 3577 ή
636 3506 746 3559 τῶν
777 3505 1081 3576 εἰρημένων
1109 3505 1210 3558 οὐκ
1245 3502 1541 3567 ἐνεδείξατο
1578 3502 1824 3572 δύναμις.

241 3594 459 3668 Ὥσπερ
488 3595 598 3668 γάρ
623 3596 677 3649 ei
694 3614 778 3660 τις
806 3598 936 3667 περὶ
961 3597 1060 3666 τῆς
1084 3594 1176 3650 τοῦ
1202 3594 1488 3667 ἀνθρώπου
1517 3593 1728 3663 φύσεως
1751 3595 1829 3646 εἱ-

239 3688 368 3740 πεῖν
397 3701 453 3738 τι
476 3684 666 3750 θέλων,
697 3687 759 3740 τὸ
787 3689 923 3757 μήτε
952 3686 1157 3757 ἄψυχον
1188 3685 1356 3754 λέγει,
1387 3687 1526 3756 μήτε
1567 3683 1827 3754 ἀναίσθη-

239 3793 358 3841 τον,
394 3776 531 3846 μήτε
564 3776 798 3846 πτηνὸν.
838 3777 974 3847 μήτε
1005 3776 1343 3847 τετράπουν,
1382 3774 1457 3845 μὴ
1484 3774 1735 3846 ἔνυδρον,
1765 3773 1827 3827 τὸ

242 3866 349 3936 μιν
394 3863 456 3919 ὃν
500 3865 601 3920 οὐκ
631 3864 928 3929 ἐνεδείξατο
947 3881 961 3896 ο
1002 3864 1064 3919 τὸ
1090 3864 1146 3917 δὲ
1179 3864 1254 3936 μὴ
1279 3863 1339 3917 ὃν
1371 3864 1685 3934 διεσάφησε,
1733 3862 1829 3917 καὶ

237 3956 368 4012 οὔτε
413 3956 668 4027 ψεύδεται
710 3956 881 4011 ταῦτα
930 3957 1059 4029 περὶ
1095 3955 1190 4010 τοῦ
1241 3953 1537 4027 ἀνθρώπου.
1580 3951 1824 4018 διεξιὼν,

238 4047 370 4104 οὔτε
399 4050 589 4119 σαφῶς
615 4050 678 4104 τὸ
711 4049 1066 4121 ὑποκείμενον
1097 4048 1388 4102 δείκνυσιν.
1426 4046 1582 4100 Κατά
1613 4045 1704 4099 τὸν
1732 4045 1829 4099 αὑ-

238 4142 335 4195 τὸν
358 4141 522 4209 λόγον
558 4140 764 4195 πολλῶν
798 4141 1053 4194 τοιούτων
1084 4140 1213 4212 περὶ
1235 4139 1334 4212 τὴν
1366 4138 1516 4192 θείαν
1540 4137 1700 4208 φύσιν
1738 4138 1826 4191 λε-

234 4234 517 4304 γομενων,
549 4235 608 4287 ἐν
634 4228 717 4297 οἷς
748 4233 856 4305 χρὴ
883 4233 975 4285 τὸν
1007 4233 1139 4286 Θεὸν
1164 4233 1408 4286 ὑπονοεῖν
1445 4227 1582 4285 εἶναι
1617 4229 1827 4302 μανθά-

239 4343 412 4398 νομεν
436 4343 451 4358 ο
485 4326 620 4380 αὐτὸ
647 4326 705 4379 δὲ
731 4327 760 4379 ὅ
786 4325 839 4379 τί
871 4342 1001 4379 ποτε
1027 4321 1096 4396 ἦν
1132 4326 1251 4379 κατ’
1285 4324 1473 4378 οὐσίαν
1499 4322 1588 4377 διὰ
1614 4322 1722 4376 τῶν
1753 4325 1831 4377 εί-

241 4417 503 4490 ρημένων
527 4418 587 4471 ού
619 4415 1002 4488 διδασκόμεθα.
1037 4414 1332 4485 ⁴ιιεύγοντες
1368 4414 1425 4468 δὲ
1454 4416 1615 4469 παντὶ
1642 4412 1827 4484 τρόπῳ

240 4510 354 4564 τῶν
374 4511 594 4565 ἀτόπων
611 4510 773 4564 τινῶν
799 4509 1083 4581 νοημάτων
1100 4509 1159 4561 ἐν
1181 4511 1302 4571 ταῖς
1333 4507 1459 4578 περὶ
1484 4504 1618 4560 Θεοῦ
1646 4505 1829 4571 δόξαις

240 4602 650 4673 συνενεχθῆναι,
672 4600 895 4663 πολλαῖς
919 4600 1015 4653 καὶ
1044 4599 1316 4663 ποικίλαις
1341 4597 1679 4668 ἐπωνυμίαις
1703 4595 1826 4651 κατ’

1932 3421 2115 3462 sermo
2168 3407 2445 3476 exprimit.
2498 3406 2637 3472 Quid
2666 3407 2808 3461 enim
2862 3424 2972 3463 non
3024 3427 3240 3480 sanum,
3278 3430 3374 3485 per
3399 3433 3518 3487 qum

1930 3499 2238 3554 audivimus
2276 3500 2454 3554 edocti
2508 3502 2740 3557 sumus?
2784 3499 2925 3568 Quid
2978 3514 3161 3560 autem
3182 3509 3275 3571 sit,
3324 3523 3517 3566 eorum

1930 3605 2049 3658 quae
2092 3598 2221 3646 sunt
2273 3589 2418 3645 dicta
2456 3590 2538 3645 vis
2568 3607 2677 3646 non
2713 3591 2995 3649 indicavit.
3033 3594 3514 3661 Quemadmodum

1928 3682 2071 3735 enim
2103 3682 2149 3735 si
2179 3680 2303 3750 quis
2335 3679 2402 3735 de
2434 3682 2667 3737 hominis
2706 3692 2903 3737 natura
2942 3685 3128 3742 dicere
3177 3690 3383 3759 aliquid
3413 3706 3515 3746 cu-

1930 3772 2087 3842 piens
2115 3810 2128 3833 ,
2163 3787 2340 3841 neque
2369 3772 2667 3826 inanimum
2705 3773 2871 3838 dicat,
2903 3791 3080 3845 neque
3108 3793 3270 3834 sensu
3298 3796 3515 3848 carens,

1930 3878 2109 3933 neque
2142 3864 2384 3927 volucre,
2423 3878 2600 3933 neque
2639 3864 2982 3936 quadrupes,
3037 3882 3214 3938 neque
3244 3872 3515 3941 aquatile;

1935 3954 2079 4024 quod
2109 3954 2329 4022 quidem
2354 3962 2438 4009 est
2475 3970 2583 4009 non
2625 3954 3041 4024 demonstravit,
3082 3958 3178 4014 sed
3229 3961 3373 4031 quod
3406 3978 3515 4019 non

1928 4055 2014 4101 cst
2038 4045 2368 4116 explanavit,
2394 4060 2569 4115 neque
2596 4047 2856 4099 mentitur
2884 4046 2995 4101 hinc
3016 4048 3083 4104 de
3113 4048 3330 4106 homine
3355 4067 3515 4107 enar-

1927 4151 2079 4201 rans,
2129 4151 2307 4206 neque
2360 4144 2542 4190 tamen
2597 4137 2745 4192 clare
2795 4138 3101 4221 subjectum
3154 4140 3512 4200 demonstrat.

1928 4226 2129 4282 Eadem
2163 4226 2372 4281 ratione
2399 4226 2569 4280 multa
2623 4227 2751 4281 talia
2783 4242 2909 4282 cum
2949 4228 3130 4284 divina
3178 4241 3375 4288 natura
3433 4233 3517 4289 di-

1929 4326 2149 4382 cuntur,
2174 4332 2237 4372 ea
2272 4317 2327 4370 in
2353 4315 2554 4387 quibus
2601 4316 2767 4372 Deum
2794 4334 2917 4376 esse
2942 4320 3155 4391 opinari
3178 4334 3393 4395 oportet
3424 4326 3502 4381 di-

1928 4409 2134 4463 scimus
2165 4427 2178 4463 :
2214 4408 2392 4478 ipsum
2426 4410 2784 4480 autem,quid
2833 4413 3053 4468 tandem
3098 4424 3183 4469 est
3213 4416 3513 4473 secundum

1928 4498 2246 4562 essentiam,
2309 4513 2407 4569 per
2436 4499 2583 4555 dicta
2626 4516 2735 4557 non
2780 4502 3065 4559 docemur.
3093 4503 3383 4577 Fugientes
3414 4525 3515 4564 au-

1928 4598 2037 4644 tem
2078 4590 2228 4644 omni
2263 4591 2521 4647 cautione
2550 4592 2819 4650 absurdas
2872 4594 3086 4666 aliquas
3138 4597 3413 4662 notiones,
3460 4598 3515 4656 in

238 4692 414 4748 αύτοῦ
442 4691 778 4763 κεχρήμεθα,
814 4689 957 4744 κατά
993 4689 1094 4762 τὴν
1128 4689 1237 4745 τῶν
1281 4688 1534 4744 ἐπινοιῶν
1567 4688 1829 4759 διαφορὰν

1934 4682 2019 4737 his
2042 4697 2181 4752 quas
2224 4682 2425 4738 habere
2453 4683 2715 4741 debemus
2749 4685 2817 4740 de
2854 4684 2964 4742 Deo
2988 4688 3367 4759 Opinionibus,
3394 4691 3515 4745 ani-

238 4785 344 4847 τάς
395 4783 765 4855 προσηγορίας
814 4781 1166 4854 ἁρμόζοντες.
1229 4780 1384 4834 Ἐπεὶ
1414 4779 1525 4851 γὰρ
1574 4778 1639 4832 ἂν
1675 4777 1828 4833 οὐδὲν

237 4879 418 4945 δνομα
447 4874 835 4946 περιληπτικδν
860 4876 960 4946 τῆς
987 4873 1137 4937 θείας
1158 4871 1444 4943 ἐξεύρηται
1469 4871 1683 4941 φύσεως
1707 4868 1828 4924 κατ’

240 4964 415 5020 αὐτοῦ
460 4965 557 5021 τοῦ
602 4966 960 5037 ὑποκειμένου
1005 4962 1299 5037 προσφυῶς
1342 4961 1702 5032 τεταγμένον
1741 4960 1829 5015 διὰ

240 5058 409 5113 τοῦτο
431 5058 645 5123 πολλοῖς
674 5057 932 5129 ὀνόμασιν
961 5057 1190 5110 ἑκάστου
1226 5054 1367 5108 κατά
1393 5053 1682 5125 διαφόρους
1704 5054 1828 5107 επι-

244 5148 412 5212 ϐολὰς
448 5146 753 5212 meum
779 5163 903 5201 τινα
928 5145 1056 5216 περὶ
1081 5142 1248 5198 αὑτοῦ
1279 5142 1379 5215 τὴν
1408 5141 1615 5196 ἔννοιαν
1645 5142 1828 5196 ποιού-

249 5258 426 5312 μενοι,
460 5242 521 5295 τὸ
557 5240 712 5295 Θεῐον
750 5238 1249 5311 προσαγορεύομεν,
1277 5238 1343 5291 εκ
1379 5234 1481 5304 τῆς
1517 5234 1828 5300 πολυειδοῦς

248 5334 344 5389 καὶ
367 5332 618 5403 ποικίλης
645 5349 718 5386 κα
728 5333 765 5385 ι’
791 5330 956 5385 αὐτοῦ
983 5327 1255 5401 σημασίας
1280 5325 1523 5398 ὀνόματά
1550 5342 1673 5380 τινα
1694 5325 1831 5398 πρὸς

246 5422 350 5493 τὴν
383 5421 709 5493 κατανόησιν
749 5420 844 5476 τοῦ
890 5417 1224 5492 ζητουμένου
1268 5415 1609 5489 θηρεύοντες.
1666 5418 1833 5488 Ἐρω-

246 5512 454 5574 sint“:
479 5509 590 5582 γὰρ
614 5512 761 5584 ἡμᾶς
783 5511 980 5575 αὐτοὺς
998 5509 1091 5563 καὶ
1112 5505 1507 5571 διεξετάζοντες
1530 5508 1582 5561 τί
1600 5508 1662 5561 τὸ
1678 5506 1831 5562 Θείόν

250 5608 392 5669 ἔστι,
420 5599 689 5676 διαφόρως
721 5598 1160 5673 ἀποφαινόμεθα,
1192 5591 1303 5653 οἷον
1337 5597 1397 5653 τὸ
1438 5597 1830 5671 ὑπερκείμενον

1932 4775 2038 4831 mis
2056 4776 2319 4842 inserere,
2346 4777 2532 4832 multis
2552 4786 2606 4833 et
2634 4776 2797 4834 variis
2814 4780 3232 4849 cognominibus
3257 4781 3311 4836 in
3339 4782 3514 4852 ipsum

1932 4866 2015 4921 usi
2068 4882 2291 4932 sumus,
2349 4868 2650 4924 secundum
2702 4870 3098 4939 cogitationum
3154 4872 3515 4930 diﬂ‘erenliam

1930 4955 2320 5025 appellationes
2349 4959 2849 5016 accommodantes.
2880 4960 3157 5028 Quoniam
3216 4963 3362 5019 enim
3393 4963 3516 5017 nul-

1898 5048 2040 5102 -lum
2067 5062 2265 5105 nomen
2306 5050 2503 5106 divina:
2533 5058 2742 5106 natura:
2775 5055 3288 5125 comprehensivum
3325 5056 3514 5113 inven-

1930 5150 2046 5194 tum
2070 5149 2175 5204 est,
2211 5141 2356 5210 quod
2379 5140 2444 5196 ad
2472 5142 2647 5213 ipsius
2684 5142 2916 5212 subjecti
2954 5152 3206 5199 naturam
3234 5145 3514 5199 declaran-

1932 5228 2057 5281 dam
2097 5229 2166 5285 sit
2214 5230 2550 5293 ordinatum,
2615 5245 2901 5304 propterea
2953 5234 3138 5289 multis
3194 5234 3513 5293 nominibus

1931 5322 2236 5378 secundum
2282 5322 2596 5380 diﬂ‘erentes
2645 5327 2921 5393 notiones,
2951 5327 3224 5397 cujusque
3276 5329 3512 5397 peculia-

1929 5429 2042 5469 rem
2093 5414 2387 5484 quamdam
2432 5415 2499 5470 de
2541 5431 2607 5471 eo
2653 5417 2927 5473 notionem
2974 5416 3257 5481 facientes,
3297 5417 3511 5476 Numen

1929 5505 2267 5574 appellamus
2300 5524 2314 5561 :
2360 5521 2426 5561 ex
2476 5505 2799 5562 multiformi
2841 5508 3103 5579 variaque
3142 5509 3211 5564 de
3241 5524 3308 5564 eo
3341 5511 3514 5583 signi-

1932 5596 2183 5656 ﬁcatione
2217 5597 2283 5654 ad
2315 5597 2434 5669 ejus
2464 5597 2608 5669 quod
2643 5598 2912 5671 quaeritur
2950 5599 3315 5672 cognitionem
3354 5612 3511 5668 quas.
