4010 6212
505 265 609 323 950
1745 258 1804 314 ὃ.

1863 256 2192 315 οιιιεοῐιιι
2242 253 2538 312 NYSSENI

3648 249 3760 310 969

503 381 627 434 dam
676 378 1122 435 nomenclaturas
1169 385 1452 429 venantes.
1488 371 1894 442 Inter-rogantes
1934 372 2078 426 enim

2183 371 2278 441 τῆς
2305 371 2414 424 τῶν
2455 367 2622 422 ὄντων
2654 364 2964 428 συστάσεως
3001 380 3062 417 τε
3093 363 3185 418 καὶ
3217 363 3562 434 διοικήσεως·
3591 365 3619 418 δ
3653 367 3760 420 οὐκ

503 486 604 526 nos
635 472 785 541 ipsos
809 479 861 524 et
885 466 1288 538 perquirentes,
1321 463 1454 534 quid
1484 464 1554 518 sit
1580 461 1747 526 Deus,
1773 459 2080 516 diﬂ‘crcnter

503 562 944 631 pronuntiamus,
979 559 1124 613 velut
1153 555 1300 628 quod
1327 563 1410 611 est
1437 569 1602 625 super
1631 553 2079 609 constitutionem

501 660 552 706 et
590 649 1120 704 administrationem
1145 664 1333 704 eorum
1358 662 1478 717 quae
1508 653 1635 700 sunt
1664 662 1678 710 ;
1710 645 1855 715 quod
1885 658 1992 697 non
2015 657 2079 697 ex

499 756 665 796 causa
721 742 1090 796 exsistentiam
1154 741 1337 803 habet,
1393 739 1487 794 sed
1546 737 1772 806 reliquis
1827 734 2080 790 omnibus

501 848 669 887 causa
695 847 795 886 cur
829 825 939 887 sint
969 832 1189 886 exsistit
1215 849 1228 897 ;
1261 831 1318 885 in
1340 845 1447 900 quo
1471 838 1624 885 ortus
1655 837 1708 882 et
1729 827 2078 898 principium,

502 925 760 978 interitus
794 931 846 977 et
877 922 997 976 ﬁnis
1029 939 1136 976 non
1172 931 1276 987 est,
1302 937 1477 992 neque
1511 922 1566 974 in
1599 920 1936 975 contrarium
1963 933 2083 971 mu-

500 1018 654 1080 tatio,
689 1031 866 1085 neque
892 1014 1643 1084 praestantiorisimminutio,
1678 1027 1853 1082 neque
1877 1011 2081 1065 malum

501 1111 652 1163 ineo
683 1109 860 1162 locum
899 1109 1100 1162 habere
1154 1114 1354 1177 potest,
1393 1122 1571 1175 neque
1621 1105 1822 1158 bonum
1864 1104 2078 1158 abesse.

500 1199 655 1264 Quod
677 1199 722 1250 si
752 1199 874 1268 quis
897 1199 1034 1252 tales
1055 1198 1277 1253 notitias
1299 1196 1613 1251 nominibus
1638 1196 1764 1251 velit
1781 1195 2078 1265 percipere,

499 1305 723 1344 necesse
768 1300 852 1344 est
892 1290 1115 1344 onmiuo
1165 1290 1319 1344 illum
1368 1289 1423 1342 in
1456 1288 1697 1343 deterius
1725 1287 2080 1341 mutationem

499 1398 608 1436 non
637 1382 940 1448 admittere,
972 1390 1026 1437 et
1085 1382 1423 1437 immutabile
1453 1391 1504 1436 et
1545 1380 1868 1435 invariabile
1906 1379 2083 1434 nomi-

499 1487 650 1527 nare.
686 1471 800 1527 Hoc
833 1483 1014 1528 autem
1054 1472 1305 1528 videlicet
1342 1474 1578 1543 primum
1619 1471 1858 1528 universi
1889 1477 2080 1525 aucto-

501 1579 614 1617 rem
655 1571 708 1617 ct
735 1578 957 1619 causam
991 1563 1308 1633 Deum_esse
1331 1565 1533 1629 dicere,
1566 1563 1707 1618 idetn
1730 1571 1814 1618 est
1836 1577 1899 1617 ac
1926 1563 2083 1632 iuge-

502 1658 678 1713 nitutn
713 1657 1006 1727 appellare,
1038 1665 1092 1711 et
1118 1656 1608 1726 incorruptibilem,
1649 1654 1795 1726 quod
1826 1654 2081 1709 interitus

2182 461 2241 526 ἐξ
2264 459 2433 513 αἰτίου
2462 459 2560 528 τὴν
2597 455 2830 528 ὕπαρξιν
2854 456 2964 527 ἔχει
2985 473 2996 484 ·
3031 457 3142 519 τοῖς
3169 455 3223 509 δὲ
3246 455 3453 518 λοιποῖς
3481 456 3652 509 πᾶσιν
3672 456 3762 509 αῖ-

2181 569 2292 604 τιον
2322 549 2415 603 τοῦ
2443 544 2582 602 εἶναι
2611 546 2962 618 καθέστηκεν·
2990 547 3116 616 περὶ
3138 545 3166 598 ὂ
3189 545 3441 617 γέννησις
3466 547 3562 598 καὶ
3592 546 3757 616 ἁρχὴ,

2182 643 2357 714 φθορὰ
2393 641 2485 694 καὶ
2520 641 2673 703 τέλος
2712 639 2813 692 οὐκ
2842 639 3020 703 ἐστιν,
3063 637 3185 690 οὔτε
3227 636 3364 705 πρὸς
3407 637 3470 689 τὸ
3518 638 3760 691 ἐναντίον

2181 733 2375 805 τροπὴ,
2408 732 2530 786 οὔτε
2560 731 2653 786 τοῦ
2687 732 2994 801 κρείττονος
3022 729 3230 799 ὕφεσις.
3269 727 3358 792 Ὠς
3403 729 3542 798 μήτε
3569 729 3631 781 τὸ
3661 745 3759 782 και

2183 828 2276 881 κδν
2305 828 2392 880 ἐπ’
2422 826 2573 896 αὐτῷ
2617 824 2798 896 χώραν
2827 825 2999 894 ἔχειν,
3031 825 3167 894 μήτε
3193 823 3256 876 τὸ
3286 822 3490 891 ἀγαθὸν
3521 823 3758 876 ἀπεῖναι.

2183 920 2245 972 Ei
2278 919 2333 972 δέ
2367 901 2451 982 τις
2479 919 2578 982 τὰς
2605 917 2859 980 τοιαύτας
2886 916 3092 979 ἐννοίας
3126 916 3347 986 ὀνόμασι
3373 915 3759 986 διαλαμϐάνειν

2181 1012 2370 1077 ἐθέλοι,
2397 1011 2610 1081 ἀνάγκη
2640 1013 2788 1065 πᾶσα
2817 1009 2880 1062 τὸ
2913 1008 3012 1079 μὲν
3044 1007 3117 1078 μὴ
3149 1007 3464 1078 προσίεσθαι
3493 1007 3592 1078 τὴν
3622 1009 3770 1079 πρὸς

2182 1101 2242 1154 τὸ
2269 1104 2448 1172 χεῖρον
2480 1099 2702 1172 τροπὴν,
2738 1097 3004 1170 άτρεπτόν
3033 1115 3091 1150 τε
3126 1098 3218 1150 καὶ
3249 1096 3607 1150 ἀναλλοίωτον
3642 1098 3758 1150 ονο-

2187 1194 2373 1264 μάσαι.
2417 1193 2490 1245 Τὸ
2523 1191 2578 1245 δὲ
2612 1191 2826 1262 πρῶτον
2861 1191 3032 1244 αἴτιον
3063 1189 3158 1242 τοῦ
3197 1188 3414 1252 παντὸς,
3465 1189 3758 1258 ἀγέννητον

2183 1288 2530 1358 προσειπεῖνο
2570 1285 2842 1358 ἄφθαρτον
2877 1284 2935 1338 δὲ
2979 1284 3040 1337 τὸ
3088 1282 3291 1352 φθορᾶς
3343 1280 3756 1351 ἀτιαράδεκτον⁸

2181 1378 2243 1432 τὸ
2271 1377 2328 1429 δὲ
2360 1378 2438 1439 εἰς
2484 1375 2649 1447 μηδὲν
2693 1373 2996 1443 καταλῆγον
3035 1374 3225 1444 πέρας,
3271 1371 3536 1426 ἀθάνατόν
3567 1389 3630 1424 τε
3668 1372 3768 1425 καὶ

2183 1468 2560 1538 ἀτελεύτητονο
2596 1465 3008 1537 παντοκράτορα
3034 1463 3089 1517 δὲ
3114 1461 3208 1516 τοῦ
3241 1462 3439 1525 παντὸς
3465 1459 3760 1532 ἐξηγούρεο

2184 1578 2291 1614 νον.
2328 1559 2437 1613 Καὶ
2463 1557 2605 1612 οὕτω
2633 1557 2798 1612 τάλλα
2831 1556 3007 1610 πάντα
3039 1554 3183 1608 κατὰ
3212 1553 3310 1616 τὰς
3354 1552 3600 1614 εὐσεϐεῖς
3630 1552 3762 1604 ὑπο-

2181 1651 2371 1723 λήψεις
2414 1648 2953 1721 ὀνοματοποιούντες,
2995 1649 3114 1711 ταῖς
3145 1645 3252 1699 τῶν
3281 1644 3531 1698 ἐπινοιῶν
3573 1643 3762 1712 διαφο-

501 1761 676 1816 capax
713 1761 823 1800 non
853 1754 956 1812 est,
977 1735 1336 1800 immortalem
1368 1753 1547 1799 autem
1570 1753 1627 1801 et
1653 1745 2076 1808 indeiicieutem,

2185 1749 2304 1818 ραῖς
2337 1744 2510 1806 ἄλλως
2557 1745 2651 1797 καὶ
2687 1742 2861 1806 ἄλλως
2901 1737 3395 1813 προσαγορεύομεν,
3428 1736 3462 1806 ἢ
3504 1735 3758 1824 δύναμιν,

500 1841 646 1913 quod
688 1842 744 1896 in
776 1841 988 1894 nullum
1019 1839 1235 1894 desinat
1281 1840 1598 1906 terminum,
1648 1839 2078 1910 omnipotentem

2183 1839 2211 1909 ἢ
2249 1837 2468 1908 κράτος,
2500 1835 2532 1905 ἢ
2566 1832 2895 1903 ἁγαθότητα,
2942 1831 2976 1903 ἢ
3019 1831 3080 1884 τὸ
3123 1829 3197 1901 μὴ
3226 1828 3286 1894 ἐξ
3326 1828 3512 1882 αἰτίου
3533 1822 3695 1890 εῖναι,
3725 1826 3758 1890 ἢ

501 1947 681 1992 autem
717 1936 862 2007 quod
892 1935 1150 1990 universo
1173 1934 1359 2006 praesit
1399 1943 1453 1989 et
1478 1935 1744 2004 imperet;
1775 1940 1828 1988 et
1865 1932 1947 1988 sic
1978 1931 2081 1986 alia

2183 1928 2242 1980 τὸ
2266 1919 2344 1990 εἰς
2374 1926 2461 1978 ἀεὶ
2487 1925 2782 1994 διαμένειν,
2821 1923 2909 1977 διὰ
2935 1921 3042 1976 τῶν
3071 1921 3351 1993 ὀνομάτων
3379 1919 3764 1991 σημαίνοντες.

500 2029 684 2083 omnia
718 2026 1013 2082 secundum
1047 2025 1167 2095 pias
1207 2024 1496 2095 Opinioues
1540 2025 1762 2077 nomina
1811 2022 2112 2092 tingentes,
2152 2017 2454 2073 secundum
2499 2013 2834 2068 diderentias
2875 2010 3265 2082 cogitationum
3294 2009 3453 2064 aliter
3481 2018 3645 2078 atque
3663 2006 3762 2060 ali-

502 2131 586 2175 ter
611 2133 1025 2188 nuncupamus;
1061 2117 1146 2172 vel
1180 2117 1498 2186 potentiam,
1530 2119 1613 2173 vel
1651 2117 1962 2187 imperium,
2008 2114 2091 2171 vel
2131 2113 2430 2170 bonitatem
2455 2149 2470 2173 ,
2505 2109 2592 2164 vel
2629 2107 2780 2178 quod
2817 2122 2927 2162 non
2959 2122 3025 2162 ex
3064 2119 3232 2160 causa
3272 2114 3375 2162 est.
3411 2103 3497 2160 vel
3524 2102 3676 2175 quod
3705 2102 3768 2156 in

503 2220 822 2282 perpetuum
854 2218 1154 2279 permanet,
1187 2223 1284 2278 per
1318 2209 1539 2263 nomina
1564 2209 1960 2279 significantes.

571 2302 702 2356 Dico
753 2301 922 2370 igitur
975 2300 1141 2370 hujus
1195 2300 1478 2355 nominum
1542 2300 1780 2358 ﬁctionis
1833 2300 2084 2356 homines

503 2417 627 2458 esse
676 2401 956 2470 dominos,
1017 2415 1117 2470 pro
1169 2399 1397 2455 arbitrio
1443 2400 1762 2470 judicioque
1818 2400 2086 2470 cujusque

503 2500 894 2556 convenienter
927 2499 1321 2571 appellationes
1367 2501 1616 2570 subjecto
1661 2501 2084 2556 accommodan-

501 2611 608 2666 tes,
644 2601 890 2671 nihilque
922 2600 1224 2656 absurdum
1258 2617 1402 2668 esse,
1439 2602 1588 2673 quod
1607 2603 1836 2674 quidem
1870 2612 1928 2657 ut
1973 2602 2084 2658 for-

502 2703 760 2760 midabile
791 2713 845 2759 et
882 2704 1165 2772 horribile,
1221 2712 1280 2759 ut
1322 2720 1424 2760 nos
1472 2705 1748 2770 terriﬁcet,
1779 2706 1899 2774 ,iste
1945 2705 2077 2761 scri-

503 2817 623 2877 ptor
663 2807 930 2872 obtendit,
985 2822 1183 2876 nempe
1215 2807 1551 2864 recentiores
1600 2809 1884 2864 nominum
1929 2809 2077 2878 posi-

504 2902 681 2955 tiones
729 2898 980 2954 couiitcri
1025 2900 1079 2952 in
1115 2900 1266 2970 omni
1308 2915 1368 2954 re
1408 2915 1528 2970 qua:
1556 2904 1980 2971 cognominatur
2022 2900 2079 2954 iu

504 2999 622 3067 ipso
667 2997 814 3052 Deo:
850 3013 958 3052 non
993 2998 1150 3052 'enim
1185 2997 1512 3052 vocabulum
1568 2997 1710 3054 Deus
1755 3007 1858 3064 est,
1902 3014 2080 3069 neque

2249 2292 2396 2363 Φημὶ
2425 2290 2603 2344 τοίνυν
2637 2292 2736 2362 τῆς
2771 2287 3023 2360 τοιαύτης
3052 2288 3468 2360 ὀνοματοποιίαις
3504 2288 3636 2351 τοὺς
3672 2289 3764 2342 ἁν-

2187 2383 2437 2457 θρὼπους
2466 2379 2602 2436 εἶναι
2632 2382 2873 2454 κυρίους,
2906 2381 3048 2435 κατὰ
3073 2381 3135 2434 τὸ
3159 2381 3320 2449 φανὲν
3344 2380 3562 2451 ἑκάστῳ
3591 2395 3770 2450 προσ-

2181 2475 2330 2544 φυῶς
2376 2474 2783 2545 ἐφαρμόζοντας
2825 2473 2904 2543 τῷ
2964 2472 3304 2543 ὑποκειμένῳ
3358 2471 3456 2535 τὰς
3518 2471 3761 2540 κλήσεις.

2181 2567 2290 2621 Καὶ
2319 2565 2482 2636 μηδὲν
2509 2565 2706 2619 ἄτοπον
2729 2561 2889 2628 εἶναι,
2911 2565 3048 2635 ὅπερ
3071 2564 3147 2626 ὡς
3173 2563 3400 2633 φοϐερόν
3426 2580 3482 2616 τι
3509 2563 3608 2615 καὶ
3631 2580 3765 2633 φρι-

2181 2657 2353 2718 κῶδες
2384 2655 2879 2726 μορμολυττόμενος
2899 2657 2928 2708 ὁ
2950 2653 3284 2724 λογογράφος
3309 2653 3673 2724 προτείνεται,
3701 2652 3765 2705 τὸ

2182 2747 2452 2818 νεωτέρας
2491 2743 2628 2801 εἶναι
2671 2748 2769 2810 τὰς
2813 2746 2922 2800 τῶν
2965 2745 3242 2815 ὀνομάτων
3275 2744 3455 2806 θέσεις
3481 2743 3766 2813 ὁμολογεῖν

2186 2842 2277 2896 ἐπὶ
2318 2839 2513 2902 παντὸς
2545 2837 2706 2891 αὑτοῦ
2747 2835 2840 2890 τοῦ
2883 2834 3384 2906 κατονομαζομένου
3417 2837 3763 2908 πράγματος.

2184 2931 2272 2984 ἐπ’
2311 2927 2472 2982 αὑτοῦ
2514 2926 2609 2980 τοῦ
2651 2926 2807 2981 Θεοῦ.
2849 2927 2920 2979 Οὐ
2960 2925 3067 2995 γὰρ
3101 2924 3251 2994 ῥῆμα
3283 2926 3311 2977 ὁ
3345 2924 3661 2987 Θεὸς..ούδὲ
3705 2927 3765 2977 ἐν

2185 3023 2334 3091 φωνῇ
2365 3021 2458 3073 καὶ
2480 3018 2700 3086 φθόγγῳ
2725 3017 2836 3086 ἔχει
2862 3016 2921 3069 τὸ
2951 3012 3109 3068 εἶναι.
3143 3014 3280 3066 Ἀλλ’
3307 3016 3336 3067 ὁ
3366 3015 3465 3084 μὲν
3492 3014 3628 3078 Θεὸς
3648 3015 3767 3067 ἐστι

504 3100 559 3152 iu
589 3113 722 3153 voce
768 3108 821 3154 et
858 3113 994 3155 sono
1037 3113 1161 3154 esse
1206 3098 1390 3154 habet.
1434 3098 1539 3153 Sed
1583 3098 1723 3154 Deus
1747 3098 1965 3169 quidem
1999 3106 2078 3154 est

2185 3113 2302 3166 καθ’
2327 3112 2536 3175 ἑαυτὸν,
2575 3111 2603 3163 ὃ
2640 3111 2838 3180 δήποτε
2874 3108 2968 3162 καὶ
2995 3103 3132 3161 εἶναι
3161 3107 3575 3161 πεπίστευσται.
3619 3107 3766 3159 Ὀνο-

505 3215 600 3269 per
646 3199 884 3269 seipsum
910 3198 1055 3269 quod
1104 3198 1327 3269 quidem
1388 3215 1626 3270 unquam
1672 3215 1792 3256 esse
1842 3200 2085 3257 creditus

505 3305 589 3351 est
622 3314 637 3350 :
668 3297 982 3351 nominatur
1037 3306 1220 3352 autem
1267 3300 1336 3354 ab
1376 3299 1462 3354 his
1512 3300 1605 3368 qui
1651 3299 1930 3366 invocant,
1975 3315 2086 3354 non

505 3388 685 3456 ipsum
733 3387 880 3457 quod
929 3396 1012 3442 est
1063 3388 1379 3456 (ineil‘abilis
1409 3389 1553 3442 enim
1600 3398 1683 3444 est
1733 3399 1932 3444 natura
1966 3391 2085 3460 ejus

505 3479 598 3549 qui
628 3494 756 3534 vere
783 3478 909 3548 est),
943 3479 1035 3533 sed
1075 3494 1142 3533 ex
1185 3479 1271 3534 his
1302 3495 1422 3548 quae
1451 3480 1667 3550 operari
1698 3489 1753 3535 et.
1789 3481 2000 3536 eﬂicere
2029 3483 2085 3536 in

507 3572 615 3626 vita
669 3578 860 3624 nostra
907 3569 1153 3625 creditus
1185 3578 1290 3636 est,
1340 3572 1662 3641 cognomina
1707 3572 1889 3639 habet,
1925 3574 2086 3643 quale

506 3667 560 3714 et
592 3659 695 3713 hoc
728 3660 903 3729 ipsum
934 3659 1077 3728 quod
1124 3659 1178 3714 in
1228 3668 1479 3730 promptu
1509 3661 1749 3728 dicitur;
1786 3678 1908 3717 cum
1939 3664 2082 3717 enim

505 3749 676 3805 Deum
738 3751 917 3820 ipsum
964 3749 1224 3814 dicimus,
1269 3752 1633 3821 inspectorem
1681 3759 1735 3808 et
1783 3753 2087 3823 explorato-

508 3855 647 3902 rem,
703 3850 759 3895 et
818 3840 1265 3895 absconditorum
1325 3842 1698 3911 perspicacem
1749 3845 2084 3911 cognitorem

507 3939 947 3987 commentantes
1003 3947 1288 3988 vocamus.
1351 3932 1508 3998 Quod
1565 3935 1614 3989 si
1669 3935 2082 4004 operationibus

509 4026 662 4094 prior
694 4026 908 4081 exsistit
951 4027 1212 4091 essentia,
1265 4025 1622 4096 intelligimus
1665 4034 1844 4081 autem
1891 4043 2084 4097 opera-

509 4117 690 4172 tiones
739 4133 834 4186 per
878 4133 943 4173 ea
977 4133 1097 4188 quas
1138 4117 1424 4181 sentimus,
1485 4119 1668 4173 verbis
1706 4134 1836 4173 vero
1883 4120 2082 4189 quibus

509 4224 803 4279 possumus
865 4209 1250 4278 enuntiamus;
1309 4211 1432 4281 quis
1476 4211 1710 4278 amplius
1754 4211 2084 4280 relinquitur

509 4305 688 4352 metus
735 4298 958 4352 nomina
1010 4300 1320 4354 recentiora
1368 4311 1422 4356 et
1464 4300 1685 4369 juniora
1734 4301 1896 4356 rebus
1948 4301 2082 4370 ipsis

507 4387 724 4443 dicere?
760 4386 818 4442 Si
853 4389 995 4444 enim
1044 4405 1154 4444 non
1187 4391 1339 4459 prius
1385 4389 1592 4460 aliquid
1631 4406 1819 4445 eorum
1849 4407 1968 4461 quae
2014 4391 2082 4446 de

2191 3202 2419 3274 μάζεται
2475 3203 2533 3255 δὲ
2589 3202 2739 3270 παρά
2794 3199 2903 3252 τῶν
2975 3197 3411 3269 ἐπικαλουμένων
3473 3199 3575 3251 οὐκ
3627 3200 3764 3252 αὐτὸ

2186 3296 2214 3349 δ
2243 3295 2422 3348 ἔστιν’
2458 3293 2730 3364 ἄφραστος
2761 3291 2870 3363 γὰρ
2910 3295 2944 3363 ἡ
2998 3290 3159 3360 φύσις
3203 3291 3297 3344 τοῦ
3333 3291 3523 3354 δντος’
3556 3291 3667 3345 ἀλλ’
3702 3292 3762 3357 ἐξ

2185 3379 2262 3440 ὧν
2320 3388 2561 3459 ἐνεργεῖν
2610 3403 2662 3438 τι
2716 3385 2844 3456 περὶ
2904 3383 3002 3454 τὴν
3050 3383 3193 3453 ζωὴν
3240 3381 3396 3453 ἡμῶν
3412 3379 3760 3435 πεπίστευται

2183 3477 2282 3540 τὰς
2308 3475 2624 3546 ὁμωνυμίας
2654 3473 2786 3545 ἔχει,
2815 3467 2927 3527 οἷον
2959 3473 3051 3526 καὶ
3082 3472 3214 3526 αὐτὸ
3247 3472 3426 3537 τοῦτο,
3459 3475 3522 3524 τδ
3563 3473 3627 3524 ἐκ
3664 3470 3758 3524 τοῦ

2185 3566 2477 3637 προχείρου
2503 3563 2792 3634 λεγόμενον
2815 3579 2829 3594 ⁸
2864 3561 2996 3616 Θεὸν
3035 3561 3143 3632 γὰρ
3171 3561 3333 3615 αὑτὸν
3365 3561 3638 3630 λέγοντες,
3667 3560 3756 3612 τὸν

2185 3657 2377 3726 ἔφορον
2408 3657 2503 3710 καὶ
2531 3656 2802 3725 ἐπόπτην,
2851 3655 2945 3708 καὶ
2967 3652 3268 3724 διορατικὸν
3306 3653 3416 3705 τῶν
3447 3651 3754 3723 κεκρυμμέ-

2183 3766 2289 3802 νων
2324 3747 2693 3812 ὲπινοοῦντες,
2727 3745 3151 3817 ἐπικαλούμεθα.
3187 3746 3252 3797 Ei
3286 3743 3344 3798 δὲ
3380 3745 3752 3815 προῦφέστηκε

2183 3840 2290 3893 τῶν
2319 3840 2607 3909 ἐνεργειῶν
2635 3841 2668 3909 ἡ
2703 3839 2879 3905 οὐσία,
2909 3837 3134 3908 νοοῦμεν
3159 3836 3218 3890 δὲ
3245 3836 3344 3900 τὰς
3379 3837 3657 3908 ἐνεργείας
3685 3834 3748 3888 δι’

2183 3925 2257 3986 ὧν
2283 3931 2670 4003 αἰσθανόμεθα,
2707 3932 2914 4002 ῥήμασι
2939 3931 2992 3983 δέ
3021 3931 3166 3994 ὅπως
3193 3929 3260 3983 ἂν
3351 3929 3578 3982 δυνατὸν
3605 3929 3746 3995 seu.

2182 4023 2440 4096 γέλλομεν
2460 4041 2474 4055 ο
2516 4023 2599 4088 τίς
2627 4023 2707 4076 ἐτι
2737 4022 3124 4077 καταλείπεται
3158 4021 3348 4091 φόϐος,
3379 4022 3622 4092 νεώτερα
3651 4019 3747 4074 τῶν

2183 4115 2524 4189 πραγμάτων
2549 4115 2616 4168 τά
2643 4113 2878 4184 ὀνόματα
2907 4112 3112 4181 λέγειν;
3154 4114 3215 4166 Εἰ
3248 4113 3355 4184 γὰρ
3389 4112 3464 4184 μὴ
3497 4113 3745 4183 πρότερον

2184 4207 2556 4277 ἐρμηνεύομέν
2586 4224 2638 4260 τι
2668 4207 2775 4258 τῶν
2812 4205 2940 4275 περ)⁸
2975 4203 3111 4257 Θεοῦ
3149 4203 3452 4273 λεγομένων
3473 4244 3488 4269 ,
3524 4203 3651 4274 πρὶν
3688 4201 3745 4254 ἄν

2182 4297 2495 4366 νοήσωμεν’
2526 4293 2752 4364 νοοῦμεν
2782 4293 2838 4347 δὲ
2877 4293 2943 4346 δι’
2981 4286 3057 4347 ὧν
3094 4293 3157 4345 ἐκ
3197 4291 3304 4344 τῶν
3342 4291 3632 4362 ἐνεργειῶν
3671 4291 3746 4343 διο

2183 4386 2524 4457 δασκόμεθα,
2570 4384 2950 4456 προϋφέστηκε
2989 4383 3046 4436 δὲ
3081 4383 3178 4452 τῆς
3216 4382 3559 4452 ἐνεργείαςὴ
3601 4381 3746 4434 δύνει⁶

506 4477 619 4531 Deo
661 4479 922 4533 dicuntur
967 4479 1416 4550 interpretamur,
1457 4497 1620 4552 quam
1665 4483 1847 4537 animo
1879 4498 2076 4538 conce-

2186 4495 2304 4548 tu;-
2336 4480 2369 4548 ἡ
2397 4478 2453 4530 δέ
2492 4477 2722 4548 δύναμις
2759 4475 3049 4547 ἐξήρτηται
3084 4473 3176 4527 τοῦ
3221 4473 3365 4526 θείου
3394 4473 3743 4544 βουλήματος,

509 4566 774 4636 perimus,
811 4567 1167 4637 intelligimus
1214 4579 1393 4622 autem
1433 4585 1500 4624 ex
1550 4571 1634 4624 his
1673 4572 2083 4640 Operationibus

507 4673 606 4728 per
645 4673 785 4727 quas
835 4658 1115 4722 docemur,
1163 4658 1422 4727 pra-cedit
1472 4667 1655 4713 autem
1710 4663 2082 4731 operationem

508 4748 703 4815 virtus,
735 4749 911 4804 virtus
933 4764 1064 4804 vero
1091 4748 1290 4819 pendet
1325 4764 1392 4804 ex
1429 4749 1616 4804 divina
1648 4752 1948 4818 voluntate,
1987 4768 2085 4808 vo-

507 4840 694 4895 luntas
725 4847 910 4895 autem
949 4841 1004 4894 in
1050 4847 1323 4910 potestate
1366 4841 1562 4895 divina:
1599 4851 1810 4898 natura:
1844 4846 2082 4915 reposita

507 4941 608 4986 est:
654 4946 833 4986 nonne
863 4931 1030 5000 igitur
1070 4932 1271 4987 diserte
1298 4931 1578 4998 docemur,
1616 4935 1763 5005 quod
1789 4937 1955 4993 rebus
1983 4936 2081 4992 ad-

507 5031 807 5078 nascantur
836 5037 1024 5077 eorum
1065 5039 1185 5092 qua:
1215 5024 1404 5080 insunt
1435 5024 1806 5095 signiﬁcativae
1849 5029 2083 5096 appella-

507 5116 707 5180 tiones,
755 5124 810 5170 et
842 5115 990 5170 velut
1031 5115 1239 5170 umbra:
1275 5131 1457 5171 rerum
1493 5125 1624 5171 sunt
1653 5132 1816 5172 voces
1861 5118 1928 5172 ad
1964 5117 2090 5172 mo?

505 5203 682 5257 tiones
715 5219 904 5258 eorum
933 5219 1054 5274 qua:
1085 5203 1140 5258 in
1180 5204 1315 5274 ipsis
1356 5207 1632 5261 exsistunt
1663 5206 1942 5275 ﬁguratae?
1979 5208 2077 5261 At-

505 5310 613 5363 que
644 5296 756 5348 htec
797 5295 869 5349 ita
920 5309 1042 5350 esse
1070 5296 1217 5350 clare
1246 5297 1542 5366 persuadet
1571 5297 1752 5352 divina
1795 5297 2076 5368 Scriptura

508 5397 605 5450 per
651 5399 908 5453 magnum
966 5383 1255 5448 Davidem,
1319 5384 1412 5456 qui
1469 5385 1634 5439 veluti
1676 5402 1774 5456 per
1825 5387 2070 5456 quaedam

2181 4567 2241 4622 τὸ
2287 4568 2344 4621 δὲ
2385 4567 2630 4639 βούλημα
2673 4570 2731 4620 ἐν
2779 4570 2845 4638 τῇ
2890 4567 3107 4638 ἐξουσίᾳ.
3149 4566 3246 4635 τῆς
3281 4565 3428 4629 θείας
3468 4566 3744 4619 ἀπόκειται

2181 4657 2422 4728 φύσεωςο
2489 4652 2575 4728 ἆρ’
2598 4657 2658 4710 ού
2695 4657 2880 4725 σαφῶς
2907 4655 3285 4725 διδασκόμεθα,
3315 4656 3398 4708 ὅτι
3424 4655 3741 4723 ἐπιγίνονται

2181 4751 2294 4812 τοῖς
2318 4749 2636 4820 πράγμασιν
2679 4751 2733 4802 αἱ
2764 4749 3092 4820 σημαντικαὶ
3128 4747 3236 4801 τῶν
3268 4747 3564 4819 γινομένων
3593 4762 3742 4818 προσ·

2180 4838 2423 4908 ηγορίαι,
2451 4837 2544 4892 καὶ
2589 4837 2776 4910 ῶσπερ
2823 4840 2970 4892 σκιαὶ
3006 4838 3112 4892 τῶν
3147 4839 3489 4909 πραγμάτων
3526 4840 3661 4891 εἰσιν
3691 4837 3736 4888 ai

2177 4931 2353 4997 φωναὶ
2383 4929 2516 5000 πρὸς
2539 4929 2638 4993 τὰς
2661 4931 2902 5001 κινήσεις
2932 4929 3040 4982 τῶν
3067 4928 3390 4999 ὑφεστώτων
3419 4927 3736 5005 σχηματιξόο

2181 5039 2372 5092 μεναι;
2413 5021 2522 5074 Καὶ
2547 5023 2629 5074 ὃτι
2664 5021 2837 5076 ταῦτα
2881 5021 3052 5085 οὕτως
3084 5021 3195 5091 ἔχει
3217 5060 3231 5084 ,
3267 5021 3444 5074 πείθει
3496 5021 3677 5089 σαφῶς
3707 5020 3733 5087 ἡ

2178 5110 2296 5164 θεία
2325 5111 2515 5182 Γραφὴ
2543 5111 2631 5165 διὰ
2663 5111 2756 5164 τοῦ
2789 5110 3022 5182 μεγάλου
3055 5111 3235 5173 Δαὸιδ,
3265 5110 3359 5163 τοῦ
3389 5112 3640 5180 καθάπερ
3661 5109 3734 5162 διά

2178 5219 2337 5256 τινων
2386 5204 2529 5256 ἰδίων
2576 5206 2670 5257 καὶ
2716 5203 3005 5276 προσφυῶν
3052 5202 3362 5272 ὀνομάτων,
3406 5203 3521 5256 τῶν
3553 5205 3614 5256 ἐκ
3651 5202 3733 5270 τῆς

2177 5294 2458 5362 ἐνεργείας
2487 5293 2634 5364 αὺτῷ
2673 5292 3003 5364 νοηθέντων,
3032 5293 3128 5364 τὴν
3159 5294 3308 5347 θείαν
3339 5294 3504 5362 φύσιν
3546 5296 3729 5346 ἀνακασ

2175 5383 2410 5448 λοῦντος.
2440 5385 2762 5452 Οίκτίρμων
2778 5381 2917 5454 γὰρ,
2949 5385 3130 5455 φησὶν,
3161 5385 3258 5436 καί
3285 5384 3557 5452 ἐλεήμων
3578 5385 3610 5435 ὁ
3632 5380 3729 5434 Κύ-

510 5471 729 5537 propria
766 5479 820 5524 et
851 5479 1049 5539 agnata
1087 5472 1330 5536 nomina,
1371 5487 1490 5541 quae
1523 5472 1623 5541 ipsi
1661 5487 1725 5527 ex
1757 5473 2073 5542 operatione

2183 5492 2320 5540 ριος,
2347 5476 2728 5543 μακρόθινμος
2755 5476 2854 5528 καὶ
2883 5473 3234 5539 πολυέλεος.
3271 5473 3459 5527 Ταῦτα
3500 5473 3663 5526 τοίνυν
3683 5467 3726 5520 τί

508 5560 728 5625 cognita
759 5569 938 5627 erant,
983 5563 1220 5616 divinam
1275 5570 1526 5615 naturam
1562 5563 1642 5616 sic
1676 5563 1928 5632 appellat.
1970 5561 2073 5615 Mi-

512 5647 752 5713 scricurs,
795 5649 990 5717 inquit,
1037 5659 1084 5704 et
1120 5652 1400 5707 miseratur
1440 5652 1714 5719 Dominus,
1757 5652 2067 5722 lungmtimis

2173 5561 2418 5629 λέγουσιν
2463 5562 2740 5632 ἐνεργείας
2780 5562 2922 5634 ἔχειν
2961 5562 3058 5634 τὴν
3086 5563 3394 5634 σημασίαν,
3428 5563 3460 5634 ἢ
3503 5560 3714 5631 φύσεωςς

2173 5655 2284 5710 Οὐκ
2316 5655 2381 5711 ἄν
2412 5672 2492 5721 τις
2526 5655 2650 5711 ἄλλο
2687 5673 2739 5708 τι
2783 5656 2929 5728 παρὰ
2969 5657 3066 5727 τὴν
3100 5657 3380 5729 ἐνέργειαν
3415 5657 3560 5728 εἴπῃ.
3606 5650 3718 5705 Πότε
