4010 6212
1686 245 1714 255 κ

508 323 612 380 965

1645 298 1654 309 ’
1689 324 1747 378 s.
1796 323 2120 381 cnmonn
2175 327 2467 384 NYsSENt

3643 345 3759 398 96‘

497 427 596 484 mii
637 444 810 486 musae
854 429 1018 484 fuerit
1057 430 1317 500 dicentis,
1372 435 1547 507 ipsam
1583 437 1638 493 iu
1683 441 1864 512 seipsa
1914 442 2238 516 ἀγεννησίαν
2263 445 2560 512 exsultare,
2601 463 2764 519 quam
2802 458 2948 506 certe
3016 464 3068 508 et
3129 455 3446 520 essentiam,
3511 466 3563 513 et
3637 458 3766 514 bea-

493 532 630 588 tam,
667 531 721 578 et
749 523 991 578 divinam
1022 525 1188 580 vitam
1215 531 1486 586 nominat.

567 617 674 672 Sed
706 617 1016 687 audiamus,
1049 624 1325 690 quomodo
1352 627 1660 683 secundum
1699 629 1918 685 modum
1946 631 2070 686 usui
2105 643 2149 698 Α

491 718 885 779 congruentem
941 721 996 766 et
1043 716 1440 781 praecedentem
1491 721 1722 774 formam
1777 723 1880 790 (sic
1926 724 2073 779 enim

491 804 682 858 eodem
750 803 909 859 modo
973 806 1222 863 formatis
1278 811 1593 869 nominibus
1652 830 1848 870 rursus
1913 817 2075 874 nobis

489 896 782 951 emorescit
814 906 868 951 et
907 913 1029 954 sese
1061 902 1346 974 ostentat),
1373 906 1650 974 quomodo
1691 923 1786 977 per
1823 908 1938 963 haec
1963 910 2076 966 dis-

492 986 704 1040 solvere
733 987 911 1056 inquit
935 988 1004 1043 de
1038 1005 1104 1044 eo
1145 1001 1468 1063 conceptam
1514 997 1847 1066 Opinionem,
1889 1016 1950 1054 ac
1980 1001 2076 1057 de-

491 1085 773 1146 ceptorum
825 1080 1188 1150 ignorantiam
1221 1099 1496 1144 coercere.
1552 1089 1686 1145 Utar
1718 1094 1860 1147 enim
1899 1095 2074 1164 ipsius

491 1169 922 1240 dithyrambistte
979 1173 1232 1230 similiter
1288 1177 1667 1238 desinentibus
1733 1187 2069 1243 vocabulis:

491 1261 596 1328 Qui
638 1263 896 1328 diximus,
943 1267 1140 1334 inquit,
1170 1269 1309 1338 quod
1347 1288 1408 1324 ea
1453 1289 1570 1342 qua:
1617 1292 1680 1328 ex
1713 1278 1901 1330 mentis
1932 1295 2074 1332 cont-

491 1353 811 1406 mentatione
853 1353 1138 1421 dicuntur,
1189 1358 1357 1412 solent
1392 1376 1510 1412 cum
1566 1362 1778 1416 vocibus
1828 1362 2070 1428 dissolvi,

488 1444 568 1497 Itis
618 1445 866 1500 addimus
900 1463 918 1500 :
951 1447 1091 1501 Deus
1125 1449 1333 1518 quidem
1380 1453 1539 1505 etiam
1579 1455 1869 1509 (arentibus
1911 1464 1962 1509 et
1996 1457 2074 1510 lo-

487 1539 762 1605 quentibus
799 1539 863 1593 iis
895 1556 1010 1609 qua:
1041 1551 1164 1594 sunt
1204 1542 1257 1595 in
1308 1560 1482 1596 rerum
1534 1555 1753 1609 natura,
1783 1548 1943 1600 etiam
1978 1563 2074 1601 an-

491 1635 698 1695 tequam
733 1627 878 1695 facta
917 1639 1089 1683 essent
1129 1632 1366 1697 nomina,
1419 1642 1535 1686 erat
1583 1643 1739 1688 etest
1790 1636 2068 1705 ingenitus.

490 1717 774 1775 Discamus
815 1722 982 1790 igitur
1012 1723 1218 1793 aliquid
1260 1740 1552 1780 commune
1581 1728 1870 1782 verborum
1903 1745 2071 1784 exco-

486 1811 760 1882 gitationi,
800 1813 885 1866 vel
919 1813 1204 1867 nominum
1250 1814 1506 1882 positioni
1537 1830 1661 1870 cum
1706 1818 1873 1872 rebus
1906 1819 2062 1888 ipsis,

487 1917 625 1970 quas
665 1903 846 1972 aliqua
878 1904 1160 1958 nominum
1192 1912 1247 1958 et
1291 1906 1585 1960 verborum
1617 1923 1750 1962 voce
1792 1920 2065 1967 notamus.

2262 630 2400 683 Ἀλλ’
2437 632 2764 704 ἀκούσωμεν
2808 634 2926 699 πῶς
2967 636 3109 690 κατά
3149 638 3240 692 τὸν
3279 641 3642 701 ἐπιϐάλλοντα
3696 655 3763 721 τῇ

2177 723 2336 794 χρείᾳ
2366 723 2584 795 τρόπον,
2619 727 2710 778 καὶ
2744 727 2835 780 τὸν
2862 727 3201 799 προλαϐόντα
3231 733 3400 788 τύπον
3421 752 3434 766 ⁸
3464 737 3605 792 οὕτω
3653 741 3765 814 γὰρ

2175 817 2288 874 τοῖς
2327 814 2597 879 ίσοτύποις
2640 815 2748 869 τῶν
2781 818 3059 888 ὀνομάτων
3104 823 3264 876 πάλιν
3301 826 3432 896 ἡμῖν
3471 828 3767 902 ὲνωραῖζει

2175 922 2267 958 ται
2289 919 2303 933 '
2338 906 2454 970 πῶς
2479 906 2566 959 διὰ
2596 907 2798 961 τούτων
2826 909 3060 964 διαλύειν
3092 912 3191 981 μέν
3217 931 3346 985 φησι
3378 918 3478 989 τὴν
3504 923 3630 992 περὶ
3662 923 3765 976 a5-

2175 993 2268 1047 τοῦ
2317 996 2613 1066 γενομένην
2652 997 2942 1064 ὑπόνοιαν,
2994 1003 3360 1072 περιστέλλειν
3401 1007 3456 1058 δὲ
3507 1010 3607 1081 τὴν
3652 1013 3765 1065 τῶν

2175 1085 2545 1154 ἠπατημένων
2578 1087 2817 1155 ἄγνοιαν.
2859 1091 3060 1154 Αύταῖς
3089 1091 3198 1164 γὰρ
3238 1097 3511 1167 χρήσομαι
3546 1101 3646 1153 τοῦ
3681 1103 3763 1157 δι-

2177 1172 2544 1246 θυραμϐιποῦ
2591 1182 2710 1240 ταῖς
2761 1181 3135 1250 όμοιολήκτοις
3179 1188 3414 1252 φωναῖςο
3446 1191 3762 1260 Εἱπόντες,

2176 1268 2360 1336 φησὶν,
2391 1266 2478 1319 ὅτι
2513 1268 2583 1322 τὰ
2613 1270 2738 1323 κατ’
2769 1271 3039 1325 ἐπίνοιαν
3063 1275 3358 1344 ,λεγόμενα
3384 1279 3512 1346 ταῖς
3536 1285 3764 1351 φωναῖς

2174 1357 2645 1413 συνδιαλύεσθιῑι
2677 1360 2966 1431 πέφυκεν,
2995 1365 3371 1437 ἐπηγάγομεν
3408 1373 3666 1440 τούτοις·
3707 1377 3763 1429 Ὀ

2174 1447 2242 1500 δὲ
2277 1448 2440 1515 Θεὸς,
2463 1451 2558 1503 καὶ
2581 1452 2940 1506 σιωπώντων
2960 1457 3052 1509 καὶ
3078 1460 3496 1530 φθεγγομένων
3518 1469 3763 1535 γεγονό-

2174 1556 2309 1603 των,
2340 1541 2436 1594 καὶ
2463 1543 2574 1610 πρὸ
2603 1543 2708 1596 τοῦ
2734 1544 3039 1613 γεγονέναι
3062 1551 3134 1602 τὰ
3154 1550 3441 1619 ὀνόματα,
3469 1549 3550 1624 ἦν
3573 1573 3638 1610 τε
3661 1561 3762 1614 καὶ

2173 1631 2347 1684 ἔστιν
2377 1633 2722 1701 ἀγέννητος.
2758 1637 3035 1709 Μάθωμεν
3070 1641 3248 1694 τοίνυν
3280 1646 3472 1698 κοινῶν
3497 1650 3763 1719 ῥημάτων

2175 1723 2406 1810 ἐπινοίᾳ,
2437 1724 2470 1793 ἢ
2500 1724 2779 1794 ὀνομάτων
2813 1727 2978 1792 θέσει,
3015 1729 3149 1802 πρὸς
3174 1731 3312 1785 αὐτὰ
3340 1735 3406 1787 τὰ
3433 1738 3758 1810 πράγματα,

2172 1809 2208 1862 ἃ
2231 1810 2319 1863 διὰ
2349 1813 2446 1882 τῆς
2487 1814 2644 1874 ποιᾶς
2665 1813 2764 1883 τῆς
2787 1815 3065 1885 ὀνομάτων
3089 1834 3148 1870 τε
3173 1819 3266 1871 καὶ
3286 1815 3543 1891 ῥημάτιον
3575 1830 3761 1899 φωνῆς

2176 1902 2568 1972 σημειούμεθα.
2604 1904 2766 1960 Ὥστε
2810 1908 2857 1957 εί
2893 1907 3201 1979 ἀγεννήτως
3236 1911 3381 1964 ἐστὶν
3427 1917 3455 1966 ὁ
3488 1914 3619 1980 Θεὸς
3651 1921 3760 1991 np)

485 1992 667 2058 Quare
717 1994 762 2048 si
805 1992 951 2049 Deus
1001 2003 1084 2050 est
1133 1997 1377 2067 ingruito
1411 1998 1573 2052 modo
1621 2009 1747 2054 ante
1780 2000 2067 2055 humanam

2175 1999 2275 2068 τῆς
2333 1999 2675 2070 ἀνθρωπίνης
2724 2001 3064 2066 συστάσεως,
3117 2003 3217 2074 τὴν
3271 2005 3613 2081 ὲμφαντικὴν
3659 2013 3760 2083 τῆς

485 2085 957 2152 constitutionem,
998 2087 1387 2141 deelarativam
1427 2090 1552 2144 talis
1584 2090 1860 2159 opinionis
1882 2109 2069 2148 vocem

486 2187 744 2248 tanquam
779 2194 914 2233 sono
942 2178 1196 2234 diffusam
1231 2180 1583 2252 ixrprOpriam
1628 2191 1879 2251 oporteat
1921 2185 2072 2253 judi-

483 2283 633 2332 care,
679 2270 725 2324 si
767 2269 1068 2324 secundum
1105 2270 1402 2324 humanam
1444 2272 1725 2327 notionem
1758 2271 1925 2328 fuerit
1965 2291 2067 2329 no-

484 2361 688 2414 minata
719 2380 730 2414 :
760 2360 904 2414 haud
952 2361 1099 2414 enim
1155 2369 1236 2416 est
1285 2361 1452 2426 idem,
1500 2378 1624 2418 esse
1680 2371 1735 2418 ct
1775 2365 1882 2420 diei
1919 2384 1932 2421 :
1968 2367 2064 2421 sed

482 2459 564 2506 est
601 2452 820 2522 quidem
847 2459 1069 2516 natura,
1108 2452 1254 2522 quod
1284 2452 1502 2522 quidem
1543 2463 1628 2509 est
1666 2454 1829 2510 Deus.
1862 2455 2069 2513 Dicitur

483 2555 663 2598 autem
705 2559 734 2597 a
772 2543 933 2598 nobis
963 2552 1228 2613 quantum
1276 2544 1440 2599 fuerit
1479 2546 1743 2614 possibile
1781 2550 2067 2605 enuntiare

483 2640 703 2702 propter
738 2643 950 2688 naturae
996 2642 1200 2690 nostrae
1245 2643 1568 2705 egestatem,
1617 2653 1737 2707 quae
1784 2638 1838 2692 in
1886 2641 2066 2695 anima

484 2723 710 2781 affectus
759 2725 1066 2795 iucognitos
1119 2725 1236 2780 sive
1279 2727 1670 2795 inconspicuos
1725 2728 1907 2796 habet,
1959 2730 2066 2786 nisi

486 2832 582 2886 per
643 2831 831 2871 vocem
894 2824 949 2870 et
1009 2815 1313 2870 orationem
1386 2817 1588 2871 evoluti
1644 2818 1868 2874 fuerint.
1925 2820 2066 2894 Ergo

485 2907 667 2977 ipsum
697 2921 806 2961 non
847 2922 912 2961 ex
949 2921 1115 2961 causa
1151 2921 1273 2961 esse
1307 2906 1694 2976 intelligentes,
1732 2918 2066 2964 commenta-

483 3002 634 3056 tione
660 3001 894 3071 quadam
934 3000 1076 3054 hanc
1133 3000 1411 3054 notionem
1464 3015 1561 3069 per
1609 3000 1832 3070 ingeniti
1873 3016 2064 3056 vocem

483 3095 856 3148 enuntiamus.
880 3091 1167 3158 Quodnam
1192 3092 1359 3162 igitur
1379 3091 1643 3146 damnum
1668 3093 1715 3147 ei
1741 3093 1833 3163 qui
1859 3092 1937 3148 sic
1959 3103 2060 3154 est.

485 3185 614 3250 quid
633 3186 713 3240 sic
732 3194 837 3250 est,
863 3200 893 3238 a
917 3184 1075 3240 nobis
1098 3183 1410 3237 nominari?
1435 3181 1553 3236 Non
1573 3183 1716 3237 enim
1738 3198 1802 3238 ex
1837 3198 1900 3238 eo
1918 3183 2062 3254 quod

482 3274 703 3330 dicatur
730 3277 1028 3345 ingenitus,
1057 3277 1325 3330 exsistere
1358 3277 1805 3344 ingenerabiliter
1835 3276 2060 3338 dicitur,

479 3366 578 3424 sed
623 3383 689 3421 ex
725 3383 790 3421 eo
833 3367 979 3437 quod
1029 3368 1123 3432 sit,
1165 3367 1274 3420 diei
1331 3367 1496 3420 etiam
1538 3367 1588 3420 ei
1649 3366 1886 3421 advenit.
1950 3367 2065 3423 Hoc

485 3467 668 3512 autem
715 3474 825 3512 non
879 3459 1150 3513 intellexit
1200 3459 1422 3513 subtilis
1482 3469 1536 3514 et
1593 3459 1770 3514 solers
1822 3459 2064 3530 ingenio,

491 3565 666 3620 neque
709 3564 737 3602 a
767 3564 827 3604 se
860 3549 1036 3620 posita
1069 3549 1357 3604 manifeste
1387 3549 1791 3604 animadvertit.
1820 3549 1954 3604 Nam
1984 3553 2066 3606 vel

485 3646 633 3694 certe
669 3649 942 3694 cessasset
981 3654 1076 3694 eos
1109 3640 1201 3709 qui
1235 3655 1328 3708 per
1365 3641 1878 3694 commentationem
1909 3641 2068 3710 ἀγεν-

481 3729 673 3802 νησίας
709 3747 904 3787 nomen
923 3731 1200 3802 eﬂlngunt,
1230 3732 1778 3802 improbeinsectari.
1809 3732 2068 3787 Animad-

486 3826 682 3880 vertite
745 3823 890 3878 enim
933 3824 1078 3895 quod
1139 3824 1258 3878 ait:
1314 3824 1446 3890 Qua:
1503 3841 1599 3896 per
1651 3826 2067 3880 commentatio-

491 3928 615 3969 nem
671 3913 1010 3979 efferuntur,
1075 3916 1239 3971 simul
1297 3931 1420 3970 cum
1471 3915 1698 3972 vocibus
1747 3917 2062 3970 dissolvun-

491 4015 617 4074 tur;
651 4005 793 4062 Deus
843 4015 1026 4062 autem
1069 4019 1154 4063 est
1187 4010 1386 4079 genitis
1431 4008 1604 4078 prior,
1641 4016 1695 4063 et
1739 4008 2061 4078 priusquam

484 4099 705 4152 nomina
753 4099 1006 4168 imposita
1053 4107 1260 4166 essent,
1306 4107 1360 4154 et
1407 4106 1524 4153 erat
1553 4109 1604 4153 et
1637 4104 1721 4154 est
1764 4100 2060 4170 ingenitus.

486 4185 652 4243 Vides
708 4189 854 4258 quod
906 4205 1049 4254 csse,
1098 4190 1244 4260 quod
1289 4189 1509 4260 quidem
1562 4197 1666 4255 est,
1727 4188 1891 4244 habet
1935 4199 2064 4246 ante

483 4283 730 4337 onmium
790 4284 1085 4337 Iacentium
1148 4292 1204 4338 et
1255 4283 1592 4353 loquentium
1651 4283 2060 4349 exsistentiam,

486 4389 666 4443 neque
703 4375 877 4445 magis
908 4389 1087 4444 neque
1115 4375 1298 4428 minus
1326 4374 1470 4444 quod
1504 4382 1606 4440 est,
1644 4375 1760 4445 ipse
1788 4382 1892 4430 est.
1928 4371 2064 4429 Ver-

488 4461 681 4518 borum
725 4475 904 4521 autem
941 4473 993 4520 et
1019 4466 1298 4520 nominum
1329 4482 1462 4521 usus
1493 4472 1615 4536 post
1635 4465 1914 4520 hominum
1937 4479 2063 4535 pro—

483 4556 796 4610 ductionem
841 4556 1186 4626 excogitatas
1231 4563 1335 4622 est,
1380 4557 1470 4625 qui
1518 4571 1547 4609 a
1591 4555 1702 4610 Deo
1743 4556 1974 4611 rationis
2006 4563 2062 4610 et

483 4649 751 4703 orationis
779 4647 1036 4702 facultate
1076 4648 1323 4702 exornati
1351 4647 1592 4702 fuerunt.
1623 4646 1678 4700 Si
1713 4647 1877 4718 igitur
1903 4662 2059 4701 crea-
2090 4674 2134 4729 ι)

485 4747 608 4791 tura
661 4747 909 4792 creatore
961 4739 1229 4804 posterior
1279 4744 1384 4802 est,
1448 4736 1802 4806 omniumque
1842 4743 2059 4790 creatu-

482 4843 668 4882 rarum
701 4828 862 4881 bomo
892 4837 974 4882 est
1015 4830 1240 4884 ultimus
1266 4845 1279 4893 ;
1312 4829 1532 4898 propria
1562 4836 1740 4882 autem
1771 4837 1854 4883 est
1879 4828 2054 4882 homi-

481 4919 568 4975 nis
597 4917 805 4983 oratio;
830 4919 1097 4972 orationis
1125 4929 1303 4972 autem
1327 4927 1510 4988 partes
1535 4917 1754 4971 nomina
1780 4925 1834 4972 et
1859 4919 2054 4985 verba;

483 5027 678 5065 nomen
703 5024 830 5064 vero
849 5015 932 5063 est
955 5007 1276 5078 ἀγεννησίαε
1302 5008 1576 5079 quomodo
1606 5024 1716 5062 non
1766 5009 2053 5080 intelligat,

483 5117 542 5157 se
572 5103 658 5157 bis
688 5117 810 5172 quae
854 5101 1132 5170 praestruit
1164 5101 1514 5170 repugnare?
1561 5099 1670 5154 Nos
1699 5100 1846 5154 enim
1891 5102 2056 5155 etiam

451 5193 780 5249 -asserimus
827 5191 1049 5246 nomina
1099 5189 1166 5244 ad
1217 5205 1306 5244 res
1342 5189 1700 5246 declarandas
1745 5197 1798 5244 et
1847 5190 2058 5261 signifi-

481 5284 686 5340 candas
716 5285 955 5338 humana
982 5282 1200 5338 solertia
1239 5282 1456 5335 inventa
1497 5297 1617 5338 esse
1646 5301 1660 5337 :
1695 5283 1786 5338 ille
1806 5299 1933 5338 vero
1963 5298 2056 5340 eos

482 5375 577 5443 qui
614 5378 860 5432 oratione
907 5382 1158 5438 utuntur,
1207 5375 1390 5432 divina
1441 5375 1551 5430 vita
1601 5378 1930 5448 posteriores
1959 5378 2054 5434 de.

485 5468 778 5522 monstrari
813 5467 1124 5523 confitetur.
1159 5466 1410 5522 Divinam
1444 5474 1624 5523 autem
1655 5477 1906 5523 naturam
1931 5484 2054 5525 esse

481 5555 813 5626 ἀγεννήτως,
860 5557 1023 5612 modo
1069 5556 1445 5627 ingenerabili,
1489 5558 1632 5612 sicut
1677 5573 1824 5612 nunc
1860 5568 1964 5620 est,
2000 5567 2055 5614 et

483 5659 698 5714 semper
735 5655 873 5701 erat.
919 5646 976 5700 Si
1009 5648 1175 5717 igitur
1215 5648 1306 5702 ille
1337 5647 1553 5702 beatam
1579 5648 1745 5703 vitam
1789 5657 1915 5705 ante
1960 5651 2055 5706 bo-

482 5736 660 5794 mines
701 5746 861 5792 natos
898 5736 1176 5794 exstitisse
1203 5737 1494 5794 confitetur
1519 5738 1736 5812 (rursus
1784 5742 1929 5798 enim
1957 5757 2048 5798 rc-

2170 2088 2426 2159 τοιαύτης
2467 2089 2786 2160 ὑπολήψεως
2827 2091 3010 2161 φωνὴν
3045 2091 3120 2155 ὡς
3157 2092 3235 2163 τῷ
3273 2094 3495 2166 φθόγγῳ
3544 2099 3758 2152 συνδια-

2171 2178 2436 2250 χεομένην
2465 2179 2665 2251 ἄκυρον
2696 2180 2922 2250 κρίνειν,
2961 2183 3010 2233 εί
3051 2182 3169 2234 κατ’
3199 2185 3443 2240 ἐπίνοιαν
3477 2188 3756 2260 ἀνθρωπί-

2171 2285 2268 2339 νην
2305 2269 2667 2338 ὀνομασθεῖσα
2695 2267 2866 2337 τύχοι.
2896 2268 2971 2321 Οὐ
3004 2268 3112 2340 γὰρ
3143 2271 3335 2324 ταύτόν
3361 2273 3479 2326 ἐστι
3502 2275 3563 2328 τὸ
3595 2271 3754 2335 εἶναι.

2168 2359 2246 2430 τῷ
2282 2359 2555 2427 λέγεσθαι.
2601 2359 2739 2412 Ἀλλ’
2783 2358 2897 2411 ἔστι
2933 2361 3030 2429 μὲν
3071 2364 3136 2432 τῇ
3168 2361 3326 2431 φύσει
3367 2365 3505 2435 ὅπερ
3541 2368 3688 2420 ἐστὶν
3726 2370 3757 2422 ὁ

2169 2451 2320 2514 Θεός.
2348 2451 2578 2519 Λέγεται
2611 2450 2666 2503 δὲ
2695 2451 2822 2521 παρ’
2854 2450 3031 2520 ἡμῶν,
3062 2451 3135 2513 ὡς
3164 2452 3230 2505 ἂν
3328 2454 3554 2508 δυνατὸν
3588 2458 3753 2527 ἐξαγο

2168 2543 2342 2610 γεῖλαι
2367 2541 2454 2595 διὰ
2484 2542 2583 2612 τὴν
2611 2542 2708 2612 τῆς
2742 2542 2956 2610 φύσεως
2990 2542 3144 2612 ήμῶν
3172 2544 3464 2613 πτωχείαν,
3499 2546 3533 2616 ἦ
3569 2547 3670 2611 τὰς
3697 2551 3756 2601 ὲν

2168 2637 2232 2704 τῇ
2277 2633 2421 2704 ψυχῇ
2455 2633 2721 2698 διαθέσεις
2754 2634 2982 2704 ἀδήλους
3016 2637 3158 2704 ἔχει,
3201 2635 3296 2707 μὴν
3317 2636 3404 2688 διὰ
3436 2638 3624 2707 φωνῆς
3662 2641 3756 2691 Ex.

2167 2723 2582 2793 καλυπτομένας
2605 2724 2698 2776 καὶ
2719 2723 2899 2792 λόγου.
2935 2724 3142 2778 Οὐκοῦν
3171 2726 3232 2777 τὸ
3263 2725 3338 2796 μὴ
3370 2727 3429 2791 ἐξ
3462 2729 3644 2791 αἰτίας
3665 2729 3759 2783 αύ-

2165 2811 2257 2863 τδν
2284 2807 2420 2864 εἶναι
2453 2813 2764 2882 νοήσαντες,
2807 2813 3019 2884 ἐπινοίᾳ
3063 2813 3160 2883 τὴν
3199 2813 3382 2883 νόησιν
3411 2815 3621 2887 ταύτην
3666 2817 3758 2872 διὰ

2165 2902 2264 2971 τῆς
2295 2902 2388 2955 τοῦ
2433 2902 2722 2974 ἀγεννήτου
2764 2904 2946 2974 φωνῆς
2985 2903 3394 2976 ἐξαγγέλλομεν.
3442 2908 3542 2971 Τίς
3581 2905 3674 2962 οὖν
3716 2912 3751 2978 ἡ

2168 2991 2338 3062 βλάϐη
2367 2992 2644 3064 τῷρῦτως
2665 2995 2799 3058 ὄντι,
2830 2995 2890 3048 τὸ
2914 2995 2990 3060 ὡς
3020 2996 3134 3049 ἔστι
3173 2999 3304 3069 παρ’
3344 3000 3507 3070 ἡμῶν
3545 3001 3751 3071 ὀνομά-

2167 3085 2393 3153 (satiat;
2426 3087 2500 3140 Οὐ
2532 3087 2640 3158 γὰρ
2678 3089 2743 3141 ὲκ
2782 3087 2877 3140 τοῦ
2931 3087 3158 3160 ῥηθῆναι
3208 3090 3524 3160 ἀγέννητον,
3557 3095 3653 3146 καὶ
3694 3094 3756 3145 τὸ

2167 3179 2430 3251 ὑπάρχειν
2465 3181 2774 3251 ἀγεννήτως
2814 3182 2960 3236 ἐστὶν
2981 3221 2994 3243 ,
3025 3181 3138 3235 ἀλλ’
3171 3184 3234 3236 ἐκ
3262 3182 3353 3237 τοῦ
3393 3181 3530 3238 εῖναι
3575 3188 3665 3240 καὶ
3692 3191 3756 3241 τὸ

2169 3269 2400 3338 ῥηθῆναι
2429 3271 2795 3340 προσγίνεται.
2837 3271 3006 3325 Τοῦτο
3045 3273 3101 3326 δὲ
3135 3273 3196 3326 ού
3230 3272 3468 3328 σύνοιδεν
3506 3277 3534 3328 ὁ
3561 3275 3756 3341 λεπτὸς

2169 3359 2267 3429 τὴν
2315 3359 2567 3427 διάνοιαν,
2609 3361 2726 3414 οὐδὲ
2769 3362 2836 3415 τά
2892 3365 3021 3433 παρ’
3076 3363 3237 3416 αὐτοῦ
3299 3364 3521 3419 τεθέντα
3566 3367 3751 3438 cani);

2171 3451 2516 3522 κατενόησεν.
2564 3447 2640 3504 Ἦ
2676 3452 2784 3524 γὰρ
2825 3453 2891 3506 ἂν
2931 3452 3206 3507 ἐπαύσατο
3247 3456 3370 3519 τοὺς
3404 3456 3474 3508 δι’
3513 3459 3754 3523 ἐπινοίας

2167 3541 2266 3612 τὴν
2291 3543 2615 3614 ἀγεννησίαν
2647 3545 3164 3614 ὀνοματοποιοῦντας
3197 3548 3457 3612 κακίζων.
3488 3551 3752 3604 Σκοπεῖτε

2168 3631 2276 3702 γὰρ
2302 3633 2330 3683 ὅ
2352 3649 2484 3702 φησι
2507 3648 2520 3660 ·
2556 3634 2636 3685 Τά
2665 3635 2787 3687 κατ’
2828 3634 3069 3690 ἐπίνοιαν
3097 3635 3360 3705 λεγόμενα
3392 3639 3516 3701 ταῖς
3544 3644 3752 3706 φωναῖς

2169 3718 2572 3773 συνδιαλύεταιο
2603 3723 2632 3773 ό
2666 3722 2722 3774 δὲ
2755 3721 2889 3784 Θεὸς
2927 3724 3021 3775 καὶ
3054 3725 3459 3794 γεγενημένων,
3506 3727 3600 3780 καὶ
3643 3731 3750 3804 προ

2165 3807 2260 3861 τοῦ
2276 3809 2616 3878 γενέσθαιτά
2638 3810 2896 3881 ὀνόματα,
2921 3813 3014 3865 καὶ
3033 3807 3121 3883 ἦν,
3150 3814 3242 3866 καὶ
3269 3814 3414 3870 ἔστιν
3431 3816 3744 3886 ἀγέννητος.

2177 3901 2340 3972 Ὁρᾷς
2366 3903 2448 3956 ὃτι
2475 3903 2536 3956 τὸ
2571 3904 2669 3975 μὲν
2699 3900 2836 3957 εἶναι
2873 3905 3007 3977 ὅπερ
3034 3906 3199 3971 ἐστὶν,
3233 3905 3343 3977 ἔχει
3375 3907 3482 3978 πρὸ
3510 3909 3614 3979 τῆς
3640 3909 3746 3962 τῶν

2165 3991 2382 4047 πάντων
2414 3994 2699 4066 ὑπάρξεως
2729 3996 2822 4050 καὶ
2853 3997 3182 4051 σιωπώντων
3212 3998 3307 4050 καὶ
3334 3998 3744 4069 φθεγγομένων,

2163 4087 2287 4142 οὕτε
2330 4090 2528 4160 μᾶλλον
2550 4089 2672 4144 οὔτε
2699 4085 2860 4164 ἦττον
2884 4091 2913 4144 ὃ
2945 4093 3094 4144 ἐστιν
3115 4089 3209 4145 ὧν.
3251 4092 3316 4145 Ἦ
3343 4093 3397 4145 δὲ
3423 4093 3533 4145 τῶν
3570 4096 3748 4166 ῥημά-

2167 4199 2276 4234 των
2309 4199 2362 4234 τε
2395 4184 2487 4236 καὶ
2511 4183 2790 4253 ὀνομάτων
2811 4183 3006 4254 χρῆσις
3029 4182 3164 4252 μετὰ
3189 4183 3285 4253 τὴν
3309 4183 3417 4235 τῶν
3442 4184 3750 4254 ἀνθρώτων

2164 4273 2506 4346 κατασκευὴν
2539 4274 2810 4343 ὲλογίσθαι
2842 4274 2951 4327 τῶν
2993 4277 3059 4344 τῇ
3098 4274 3287 4347 λογικῇ
3326 4274 3551 4344 δυνάμει
3593 4276 3751 4346 παρὰ

2161 4364 2256 4418 τοῦ
2297 4363 2430 4418 Θεοῦ
2474 4365 2829 4438 τιμηθέντων.
2880 4367 2940 4418 Εί
2982 4361 3076 4419 οὖν
3117 4365 3318 4434 ὑστέρα
3359 4367 3458 4437 μὲν
3500 4365 3598 4418 τοῦ
3644 4383 3750 4420 πε-

2163 4459 2450 4528 ποιηκότος
2492 4460 2524 4530 ή
2563 4459 2772 4526 κτίσις,
2816 4459 2916 4528 τῆς
2966 4459 3197 4522 κτίσεως
3240 4458 3298 4512 δὲ
3349 4458 3529 4527 πάσης
3576 4458 3747 4528 ἐσχας

2161 4565 2253 4611 τος
2298 4550 2326 4601 ό
2371 4548 2657 4620 ἄνθρωπός
2709 4550 2888 4614 ἐστιν,
2938 4549 3066 4602 ἴδιον
3111 4549 3167 4601 δὲ
3217 4547 3311 4600 τοῦ
3368 4547 3655 4618 ἀνθρώπου
3715 4551 3748 4604 ό

2161 4639 2348 4707 λόγος·
2402 4639 2560 4706 λόγου
2615 4639 2672 4692 δὲ
2729 4640 2866 4712 μέρη
2938 4641 3158 4712 ῥήματά
3206 4657 3263 4692 τε
3319 4639 3410 4693 καί⁵
3464 4640 3746 4710 ὀνόματα,

2164 4732 2332 4804 ὄνομα
2361 4731 2418 4786 δὲ
2456 4734 2488 4803 ἡ
2526 4731 2853 4803 ἀγεννησία’
2904 4733 3021 4796 πῶς
3069 4733 3129 4785 οὐ
3177 4732 3418 4803 συνίησιν
3457 4727 3537 4796 οἷς
3571 4750 3749 4786 κατα-

2166 4825 2415 4890 σκευάζει
2445 4825 2652 4887 τούτοις
2689 4827 3030 4896 μαχόμενοςς
3076 4825 3265 4896 Ἡμεῖς
3292 4842 3352 4878 τε
3397 4825 3505 4896 γάρ
3555 4842 3748 4895 φαμεν

2160 4916 2491 4985 ἐφευρῆσθαι
2522 4919 2633 4979 τοῖς
2664 4912 2780 4970 οὖσι
2819 4915 2886 4969 τὰ
2927 4917 3258 4988 γνωριστικά
3287 4916 3394 4968 τῶν
3419 4916 3591 4968 ὄντων
3624 4917 3750 4969 ὀνό-

2162 5023 2306 5076 ματα
2331 5006 2419 5059 διὰ
2445 5006 2543 5075 τῆς
2570 5005 2913 5076 ἀνθρωπίνης
2934 5006 3158 5068 ἐννοίας,
3192 5007 3440 5068 κάκεῖνος
3476 5005 3747 5076 ὑστέρους

2158 5095 2408 5165 ὁμολογεῖ
2432 5098 2555 5159 τοὺς
2585 5096 2954 5167 κεχρημένους
2983 5095 3061 5166 τῷ
3099 5096 3242 5166 λόγῳ
3275 5097 3374 5168 τῆς
3403 5095 3552 5158 θείας
3608 5097 3747 5149 ἀνα-

2157 5188 2430 5258 δειχθῆναι
2468 5188 2642 5258 ζωῆς·
2674 5183 2810 5242 εἶναι
2851 5189 2907 5241 δὲ
2945 5188 3043 5259 τὴν
3064 5188 3211 5240 θείαν
3245 5187 3407 5257 φύσιν
3431 5187 3509 5249 ὡς
3542 5186 3645 5239 νῦν
3681 5191 3744 5242 τέ

2159 5279 2272 5331 ἔστι
2310 5281 2404 5333 καὶ
2435 5281 2520 5332 ἀεὶ
2548 5275 2616 5350 ἦν
2636 5319 2648 5338 ,
2679 5279 3004 5349 ἀγεννήτως.
3043 5279 3103 5330 Ei
3129 5274 3220 5331 οὖν
3248 5279 3457 5340 ἐκεῖνος
3488 5277 3548 5330 τὸ
3605 5295 3747 5350 προ-

2161 5371 2425 5441 ϋπάρχειν
2447 5371 2556 5424 τῶν
2571 5369 2870 5443 ἀνθρώπιον
2891 5370 3140 5441 ὁμολογεῖ
3152 5370 3251 5440 τὴν
3267 5369 3541 5442 μακαρίαν
3561 5370 3738 5442 ζωήν.

2159 5463 2326 5516 Πάλιν
2368 5463 2475 5533 γὰρ
2508 5462 2919 5535 ὲ-παναστρέψας
2948 5461 3026 5534 τῷ
3065 5461 3214 5532 αὑτῷ
3247 5463 3521 5534 χρήσομαι
3549 5462 3700 5534 λόγῳ
3720 5480 3738 5494 ι

2155 5557 2316 5628 ἡμεῖς
2342 5572 2403 5608 τε
2446 5554 2505 5608 τὸ
2545 5555 2758 5627 χρόνοις
2789 5553 3010 5634 δστερον
3047 5552 3210 5623 φῦναι
3241 5555 3369 5615 τοὺς
3413 5553 3746 5626 ἀνθρώπους

2156 5650 2255 5703 οὐκ
2283 5648 2651 5718 ἀντιλέγομεν,
2675 5649 2876 5720 ῥήμασι
2898 5647 2953 5700 δὲ
2980 5646 3277 5718 κεχρῆσθαί
3300 5663 3482 5717 φαμεν
3502 5646 3595 5700 καὶ
3622 5648 3747 5700 ὀνό-

2161 5755 2359 5810 μασιν,
2394 5739 2487 5809 ἀφ’
2530 5731 2591 5795 οὗ
2628 5753 2686 5792 τε
2731 5736 3062 5810 συνέστημεν
3103 5737 3198 5791 καὶ
3240 5737 3303 5791 τὸ
3342 5736 3550 5808 λογικοὶ
3595 5723 3737 5784 εἶναι
