4010 6212
281 330 386 391 965

1384 319 1665 378 CONTRA
1720 318 2119 392 EUNOMIUM,
2171 322 2297 377 LIB.
2341 321 2454 377 xu.

3442 323 3550 382 966

278 443 433 513 παρά
465 442 561 499 τοῦ
602 439 963 514 πεποιηκότος
990 438 1328 515 ἐσχήκαμεν.
1379 440 1446 496 Ἦ
1484 442 1540 496 δὲ
1580 441 1855 516 ἀγεννησίι

1977 444 2200 499 volvens
2265 422 2451 499 eadem
2510 448 2636 496 utar
2688 439 2991 513 oratione),
3048 455 3151 498 nos
3208 444 3547 514 temporibus

276 538 451 611 δνομά
486 538 636 590 ἐστιν
665 533 1001 606 ἐμφαντικὸν
1038 532 1134 587 τοῦ
1183 532 1315 587 ίδίου
1345 535 1645 607 νοήματος
1682 537 1795 589 πᾶν
1820 536 1878 590 δέ

276 631 446 701 ὄνομα
466 625 563 683 τοῦ
585 625 930 698 ἀνθρωπίνου
958 623 1118 694 λόγου
1148 623 1312 696 μέρος
1344 623 1496 679 ἐστὶν
1540 624 1650 687 ἄρα
1684 625 1713 678 ὁ
1744 643 1877 699 προ-

277 713 578 787 ῦφεστάναι
608 713 714 767 τῶν
743 711 1049 783 ἀνθρώπων
1082 711 1178 784 τὴν
1202 712 1351 767 θείαν
1384 715 1543 784 φύσιν
1573 715 1872 786 ὁμολογῶν,

278 802 747 876 μεταγενεστέραν
785 795 926 856 εἷναι
982 801 1081 873 τὴν
1144 801 1528 873 ἐφευρεθεῖσαν
1585 805 1653 875 τῇ
1711 804 1871 873 φύσει

276 897 468 968 κλῆσιν
508 894 832 950 συντίθεται.
865 894 1000 949 Οὐδὲ
1030 893 1140 965 γὰρ
1171 889 1239 965 ἦν
1277 894 1421 959 εἰκὸς
1451 893 1544 949 τοῦ
1577 894 1739 967 λόγου
1766 898 1865 969 τὴν

273 989 474 1060 χρῆσιν
503 987 609 1060 πρὸ
646 987 746 1059 τῆς
780 986 889 1040 τῶν
923 986 1278 1060 κεχρημένων
1326 988 1669 1058 κατασκευῆς
1715 990 1865 1059 ὲνερ.

272 1079 507 1149 γεῖσθαι.
538 1080 748 1150 Ὠσπερ
764 1078 885 1131 οὐδὲ
898 1079 1172 1149 γεωργίαν
1197 1079 1303 1151 πρὸ
1324 1078 1432 1132 τῶν
1453 1080 1861 1149 γεωργούντων,

271 1170 395 1225 ούδέ
428 1169 705 1226 ναυτιλίαν
737 1167 843 1242 πρὸ
875 1168 984 1222 τῶν
1016 1168 1468 1239 ναυτιλλομένων,
1499 1170 1617 1225 οὐδὲ
1649 1170 1776 1225 ἀλλο
1809 1188 1862 1225 τι

270 1260 382 1315 τῶν
410 1259 551 1314 κατά
585 1259 678 1313 τὸν
716 1257 831 1330 βίον
872 1258 1277 1330 ἐνεργουμένων
1316 1259 1423 1333 1:90
1467 1259 1562 1313 τοῦ
1598 1264 1860 1332 συστῆναι

270 1354 365 1409 10v
395 1351 731 1425 ἀνθρώπινον
771 1350 918 1422 βίου’
948 1351 1000 1404 τί
1035 1346 1127 1407 οὖν
1164 1354 1298 1424 ἡμῖν
1335 1352 1677 1424 διαμάχεται,
1724 1353 1856 1425 μηδέ

272 1448 386 1509 τοῖς
416 1446 567 1509 ἰδίοις
596 1443 774 1499 αὐτῶν
798 1444 977 1514 λόγοις
998 1444 1319 1500 ἀκολουθίαν
1342 1445 1625 1514 γινώσκων
1645 1464 1660 1515 ;

1978 535 2312 606 posteriores
2342 543 2507 589 natos
2553 548 2676 588 esse
2717 547 2827 588 non
2863 533 3314 599 contradicimus,
3364 535 3545 591 verbis

1978 643 2107 683 vero
2152 636 2207 685 et
2248 618 2587 683 nominibus
2614 642 2743 683 usos
2775 627 2945 683 fuisse
2988 627 3305 692 asserimus,
3339 643 3403 681 ex
3434 642 3544 696 quo

1974 720 2314 784 exsistimus,
2364 729 2418 775 et
2474 729 2530 773 ut
2578 720 2871 775 rationales
2912 720 3106 783 simus,
3174 733 3203 772 a
3258 719 3541 773 conditore

1970 812 2324 880 accepimus:
2360 811 2650 881 ἀγεννησὶα
2706 823 2883 864 autem
2947 826 3141 865 nomen
3180 820 3265 865 est
3306 811 3539 880 propria:

1972 903 2214 958 notionis
2266 903 2709 973 significativum.
2753 900 2925 957 Omne
2969 911 3148 955 autem
3188 916 3386 955 nomen
3436 901 3539 954 huo

1972 1011 2146 1049 mana:
2176 996 2440 1051 orationis
2470 1011 2596 1066 pars
2640 1004 2743 1049 est.
2789 992 2931 1063 Ergo
2960 994 3053 1048 ubi
3103 993 3343 1047 divinam
3378 1000 3539 1047 natu-

1977 1102 2091 1142 ram
2138 1087 2455 1143 hominibus
2500 1087 2653 1156 prius
2696 1086 2970 1140 exstitisse
3000 1084 3315 1147 conﬁtetur,
3354 1081 3539 1154 appel-

1970 1178 2232 1234 lationem
2294 1178 2444 1233 lianc
2517 1179 2583 1233 ab
2629 1178 2943 1232 hominibus
3007 1179 3282 1231 inventam
3338 1182 3534 1230 natura

1969 1267 2323 1337 posteriorem
2350 1281 2472 1322 esse
2511 1265 2802 1321 consentit.
2835 1262 3021 1334 Neque
3065 1264 3210 1318 enim
3246 1270 3363 1318 erat
3391 1276 3531 1316 con-

1964 1365 2284 1414 sentaneum
2322 1358 2587 1414 orationis
2632 1373 2788 1411 usum
2827 1365 2953 1411 ante
2996 1356 3277 1409 hominum
3327 1352 3535 1409 consti-

1964 1451 2236 1504 tutionem
2268 1452 2516 1505 oratione
2556 1450 2823 1503 utentium
2857 1456 3137 1517 operatum
3168 1446 3358 1510 fuisse,
3388 1447 3533 1501 sicut

269 1556 451 1612 neque
509 1540 900 1612 agriculturam
969 1549 1098 1596 ante
1150 1555 1247 1597 eos
1298 1541 1389 1611 qui
1445 1557 1607 1612 agros
1652 1542 1929 1608 colerent,
1992 1560 2171 1615 neque
2231 1545 2631 1615 navigationem
2701 1553 2825 1598 ante
2883 1557 2978 1597 eos
3028 1541 3121 1612 qui
3188 1542 3527 1612 navigarent,

268 1643 450 1701 neque
476 1632 625 1688 aliud
661 1632 961 1703 quidquam
994 1647 1183 1687 eorum
1220 1646 1342 1702 qua:
1390 1632 1456 1687 ad
1514 1633 1639 1686 vitae
1708 1634 2094 1691 necessitatem
2157 1637 2484 1702 clliciuntur,
2531 1644 2819 1706 antequam
2859 1633 2969 1687 vita
3041 1632 3279 1687 humana
3348 1630 3531 1687 cousi-

267 1730 460 1780 steret.
494 1723 609 1778 Cur
639 1723 809 1793 igitur
855 1722 1017 1778 nobis
1059 1729 1349 1794 repugnat,
1389 1738 1567 1792 neque
1610 1723 1857 1793 cognitas
1894 1740 2026 1780 suas
2055 1727 2295 1782 rationes
2328 1727 2613 1796 sequitur?

339 1809 687 1886 ⁷Ην,φησὶν,
720 1816 753 1869 ό
784 1812 950 1880 Θεὸς,
981 1812 1125 1883 ὅπερ
1157 1812 1286 1866 ἐστὶ
1314 1813 1427 1881 πρὸ
1448 1813 1554 1866 τοῦ
1576 1811 1853 1883 γενέσθαι

2026 1819 2179 1879 Erat,
2231 1816 2429 1886 inquit,
2501 1813 2641 1868 Deus
2692 1815 2979 1886 quodest,
3030 1830 3310 1892 antequam
3351 1816 3524 1886 factus

266 1906 381 1960 τὸν
422 1906 759 1976 ἄνθρωπον.
812 1905 985 1960 Τοῦτο
1035 1907 1128 1959 καὶ
1171 1907 1331 1976 ἡμεῖς
1382 1904 1482 1958 ούκ
1519 1904 1850 1976 ἀρνούμεθα.

271 1999 395 2053 Πᾶν
428 1999 540 2071 γὰρ
562 1999 755 2068 ὅτιπέρ
786 2001 904 2053 ἐστι
932 1998 1062 2071 περὶ
1088 1998 1181 2052 τὸν
1207 1998 1340 2051 Θεὸν
1371 1996 1676 2068 νοούμενον,
1696 1998 1853 2052 τοῦτο

417 2093 520 2164 τῆς
563 2091 658 2147 τοῦ
701 2093 907 2163 κόσμου
953 2090 1263 2154 συστάσεως
1292 2086 1380 2161 ἦν.
1425 2089 1562 2144 Ἀλλ’
1589 2089 1853 2162 ὀνομάζε-

265 2186 394 2241 σθαι
417 2184 608 2240 τοῦτόν
639 2201 819 2256 φαμεν
845 2182 985 2256 μετά
1015 2182 1076 2237 τὸ
1101 2182 1354 2253 γενέσθαι
1382 2181 1473 2236 τὸν
1500 2182 1851 2253 ὀνομάζοντα.

263 2279 332 2332 Et
363 2277 475 2351 γὰρ
515 2276 605 2332 διὰ
650 2275 809 2330 τοῦτο
835 2275 1095 2349 χρώμεθα
1132 2279 1245 2340 τοῖς
1297 2276 1575 2347 ὀνόμασιν,
1610 2275 1750 2329 ὥστε
1778 2275 1855 2330 δι-

262 2368 564 2424 δασκαλίαν
596 2370 731 2440 ἡμῖν
782 2367 990 2423 ἐκεῖθεν
1039 2368 1147 2421 τῶν
1187 2368 1529 2439 πραγμάτων
1572 2366 1849 2437 γίνεσθαιο

266 2459 434 2531 μόνον
462 2459 519 2513 δέ
545 2458 606 2513 τὸ
637 2457 864 2528 ἀγνοοῦν
897 2458 1110 2523 ἐπιδεές
1140 2460 1256 2512 ἐστι
1287 2456 1380 2512 τοῦ
1423 2458 1782 2523 διδάσκοντος,
1818 2460 1851 2531 ἠ

262 2552 325 2605 δὲ
374 2550 498 2606 θεία
541 2549 704 2623 φύσις
754 2549 842 2604 διὰ
893 2549 954 2605 1:0
1013 2552 1190 2605 πᾶσαν
1221 2551 1704 2623 ἐμπεριειληφέναι
1755 2551 1852 2623 τὴν

265 2644 495 2713 γνῶσιν,
529 2642 795 2714 κρείττων
816 2641 1000 2713 πάσης
1029 2642 1374 2706 διδασκαλίας
1403 2642 1548 2696 ἐστί’
1580 2643 1852 2696 δείκνυται

264 2730 328 2787 δέ
352 2734 443 2788 διὰ
468 2733 672 2787 τούτων
698 2735 780 2788 ὅτι
809 2734 871 2789 οὐ
909 2733 1004 2788 τοῦ
1033 2733 1167 2787 Θεοῦ
1191 2734 1374 2806 χάριν,
1404 2734 1519 2790 ἀλλ’
1548 2734 1705 2810 ἡμῶν
1731 2734 1849 2787 ’ἐνε-

266 2843 366 2879 κεν
390 2825 461 2879 τὰ
495 2824 733 2898 ὀνόματα
765 2825 901 2897 πρὸς
931 2824 1164 2897 δήλωσιν
1187 2825 1279 2880 τοῦ
1314 2825 1465 2890 ὄντος
1486 2826 1849 2897 ἐπινενόηται.

264 2916 346 2971 Οὐ
370 2914 483 2988 γὰρ
508 2916 655 2981 ὃπως
699 2916 767 2971 ἂν
793 2918 997 2981 ἐκεῖνος
1026 2916 1218 2970 ἐαυτὸν
1254 2916 1447 2987 μάθοι,
1472 2918 1534 2971 τὸ
1564 2918 1662 2988 τῆς
1689 2919 1852 2987 ἀγεν-

264 3008 464 3080 νησίας
486 3008 657 3080 ὄνομα
693 3011 759 3080 τῇ
792 3007 949 3080 φύσει
981 3009 1314 3081 ἐφήρμοσεν.
1367 3009 1425 3062 '0
1453 3010 1562 3081 γάρ
1591 3009 1746 3073 εἰδὼς
1785 3009 1854 3064 τά

266 3097 473 3167 πάντα,
520 3097 616 3153 καὶ
661 3098 856 3152 ἐαυτὸν
895 3098 1002 3172 πρὸ
1036 3100 1275 3163 πάντων,
1309 3098 1590 3153 συλλαϐῶν
1623 3102 1719 3154 καὶ⁵
1754 3104 1853 3172 ρη-

1949 1919 2082 1969 esset
2144 1910 2356 1962 homo;
2408 1919 2584 1973 neque
2640 1919 2741 1958 nos
2800 1904 2902 1957 hoc
2933 1918 3218 1973 negamus.
3252 1902 3523 1973 Quidquid

1953 1995 2097 2052 enim
2126 1994 2193 2048 de
2225 1993 2332 2048 Deo
2361 2000 2540 2048 mente
2572 2003 2621 2047 et
2662 1993 2843 2047 animo
2873 1993 3239 2063 cognoscitur,
3271 1992 3371 2046 hoc
3401 2003 3525 2047 ante

1953 2084 2142 2139 mundi
2166 2083 2613 2140 constitutionem
2639 2091 2754 2137 erat
2780 2083 2910 2150 ;sed
2938 2083 3039 2137 hoc
3087 2082 3358 2137 nominari
3389 2084 3527 2138 diei-

1953 2192 2093 2244 mus,
2119 2184 2469 2246 posteaquam
2498 2177 2588 2246 qui
2623 2176 2925 2230 nominaret
2941 2190 3061 2231 esse
3082 2177 3265 2247 cmpit.
3299 2173 3355 2230 Si
3378 2176 3522 2231 enim

1953 2268 2267 2323 nominibus
2300 2268 2369 2323 ob
2416 2282 2535 2323 eam
2570 2283 2789 2323 causam
2831 2268 3058 2333 utimur,
3095 2276 3153 2323 ut
3186 2283 3367 2323 rerum
3398 2269 3525 2323 inde

1954 2361 2111 2413 nobis
2156 2360 2403 2414 doctrina
2459 2370 2846 2430 comparetur;
2904 2354 3078 2415 solum
3125 2367 3304 2415 autem
3377 2360 3523 2430 quod

1954 2450 2188 2523 ignorat,
2225 2452 2454 2506 docente
2476 2451 2679 2520 indiget
2708 2469 2722 2519 ;
2753 2451 2935 2506 divina
2965 2460 3141 2506 autem
3173 2460 3367 2505 natura
3395 2451 3523 2522 quia

1952 2560 2169 2600 omnem
2217 2545 2593 2616 complectitur
2654 2544 3036 2615 cognitionem,
3096 2543 3244 2598 omni
3277 2543 3525 2598 doctrina

1954 2635 2303 2704 praestantior
2329 2644 2448 2689 est:
2494 2649 2589 2703 per
2613 2633 2724 2686 haec
2761 2640 2939 2686 autem
2962 2631 3364 2686 demonstratur
3378 2631 3522 2702 quod

1953 2742 2062 2779 non
2092 2724 2186 2779 Dei
2215 2725 2409 2796 gratia,
2459 2723 2552 2778 scd
2598 2721 2770 2776 nOstri
2813 2736 2980 2775 causa
3030 2722 3249 2775 nomina
3303 2720 3369 2774 ad
3405 2718 3525 2789 ejus

1952 2817 2044 2888 qui
2104 2825 2187 2872 est
2211 2817 2634 2872 declarationem
2683 2823 2811 2870 sunt
2836 2815 3158 2883 excogitata.
3210 2811 3328 2868 Non
3376 2814 3520 2868 enim

1955 2919 2012 2964 ut
2037 2910 2124 2965 ille
2155 2924 2214 2965 se
2239 2909 2414 2978 ipsum
2443 2908 2696 2968 disceret,
2723 2920 2918 2959 nomen
2968 2904 3291 2977 ἀγεννησίας
3318 2915 3524 2959 natura:

1953 2999 2398 3056 accommodavit.
2442 2997 2545 3063 Qui
2576 2997 2718 3050 enim
2762 2994 2912 3049 norit
2943 2995 3145 3059 omnia,
3200 3004 3252 3050 et
3283 2994 3521 3064 scipsum

1954 3102 2079 3148 ante
2100 3092 2303 3155 omnia,
2338 3090 2560 3161 syllabis
2588 3096 2641 3143 et
2670 3087 2849 3142 verbis
2878 3086 2944 3141 ad
2991 3101 3050 3142 se
3084 3085 3522 3157 cognoscendum

269 3190 463 3262 μάτων
484 3190 618 3262 πρὸς
644 3191 705 3245 τὸ
734 3191 926 3263 μαθεῖν
944 3171 1031 3255 γὼς
1055 3191 1167 3264 ἔχει
1194 3191 1409 3262 φύσεως
1441 3193 1536 3246 καὶ
1564 3193 1754 3260 ἀξίας,
1788 3171 1847 3248 ού

1958 3196 2012 3242 ιιι
2034 3186 2137 3241 fert
2179 3185 2297 3256 ejus
2330 3192 2517 3239 natura
2557 3190 2610 3237 et
2635 3181 2890 3252 dignitas,
2913 3195 3022 3234 non
3062 3179 3265 3251 indiget
3294 3220 3309 3244 ,
3335 3179 3427 3236 sed
3461 3190 3523 3235 ut

265 3282 471 3337 δέεται.
532 3282 671 3336 Ἀλλ’
724 3284 873 3347 ὅπως
907 3283 1068 3354 ἡμεῖς
1113 3299 1234 3339 τινα
1281 3283 1391 3337 τῶν
1440 3284 1678 3349 εὐσεϐῶς
1723 3286 1853 3357 περὶ

265 3373 432 3428 αὐτὸν
478 3373 781 3447 νοουμένων
813 3373 1117 3446 κατάληψιν
1161 3374 1440 3446 σχοίημεν,
1477 3376 1687 3447 ῥήμασί
1742 3394 1851 3431 τισι

267 3466 365 3522 καὶ
389 3465 680 3530 συλλαϐαῖς
705 3465 805 3530 τάς
829 3465 939 3520 τῶν
965 3464 1250 3538 νοημάτων
1274 3466 1535 3539 διαφοράς
1563 3466 1851 3522 ἐτυπιὶωα-

272 3572 393 3627 μεν,
440 3550 554 3610 οἷόν
600 3572 723 3611 τινα
756 3557 1043 3628 σήμαντρα
1090 3555 1185 3609 καὶ⁸
1232 3557 1586 3629 χαρακτῆρας
1624 3559 1725 3623 τὰς
1762 3559 1853 3613 διά

269 3647 378 3703 τῶν
426 3648 602 3717 λόγων
648 3646 923 3712 τυπώσεις
975 3649 1087 3712 τοῖς
1139 3649 1237 3720 τῆς
1275 3649 1513 3713 διανοίας
1556 3652 1851 3722 κινήμασιν

269 3737 696 3811 ἐπιγράψαντες.
730 3738 890 3792 ’Ὥστε
917 3737 1024 3792 τῶν
1055 3739 1447 3811 ἐπιγινομένων
1479 3742 1544 3810 τῇ
1593 3740 1735 3813 ψυχῇ
1770 3758 1851 3795 κι-

270 3830 530 3903 νημάτων
579 3831 783 3902 τρανὴν
824 3830 919 3886 xxi.
963 3829 1266 3902 ἀσύγχυτον
1312 3832 1580 3886 ποιεῖσθαι
1630 3831 1729 3902 τὴν
1761 3830 1853 3902 δή·

271 3925 459 3990 λωσιν,
480 3921 570 3976 διά
592 3921 703 3975 τῶν
727 3922 1161 3994 ἐφηρμοσμένων
1185 3924 1297 3986 τοῖς
1320 3923 1556 3993 νοήμασι
1578 3921 1848 3990 φθόγγων.

270 4016 336 4070 Τί
363 4014 546 4070 τοίνυν
572 4012 784 4085 ἐλέγχει
810 4013 902 4068 τὸν
930 4012 1197 4085 ἡμέτερον
1228 4012 1405 4083 λόγον,
1433 4012 1554 4067 καθ’
1581 4014 1641 4067 ὃν
1670 4029 1850 4085 φαμεν

264 4105 648 4179 ἐπινενοῆσθαι
681 4104 742 4158 τὸ
777 4105 877 4177 τῆς
914 4104 1238 4177 ἀγεννησίας
1261 4104 1433 4177 δνομα
1463 4104 1599 4176 πρὸς
1628 4103 1851 4177 ἔνδειξιν

266 4202 365 4259 τοῦ
412 4203 651 4273 ἄναρχον
696 4200 787 4256 τὸν
816 4200 948 4255 Θεὸν
991 4200 1318 4271 ὑφεστάναι,
1349 4199 1427 4272 τῷ
1476 4199 1653 4269 λέγειν
1698 4199 1780 4253 ὅτι
1824 4200 1853 4254 ὁ

265 4294 405 4359 Θεὸς
445 4293 541 4348 καὶ
585 4290 887 4346 λαλούντων
931 4292 1028 4347 καὶ
1056 4291 1387 4346 σιωπώντων
1411 4291 1503 4346 καί
1544 4290 1855 4363 διανοουμέ-

265 4403 400 4451 νων,
432 4385 528 4440 καὶ
562 4382 671 4455 1:90
726 4386 824 4455 τῆς
874 4383 982 4437 τῶν
1033 4381 1336 4455 γενομένων
1381 4380 1622 4447 ἐπινοίας
1673 4377 1743 4455 ἦν
1792 4400 1852 4437 τε

264 4476 368 4532 καὶ
416 4474 562 4529 ἐστιν
611 4474 939 4545 ἀγέννητος;
985 4472 1049 4526 Et
1081 4472 1179 4544 μὲν
1233 4471 1344 4545 γάρ
1374 4489 1460 4538 τις
1509 4467 1578 4544 ἦν
1620 4474 1649 4526 ὁ
1686 4488 1853 4527 κατα-

266 4564 559 4632 σκευάζων
603 4565 679 4638 μὴ
710 4565 971 4639 πρότερον
1003 4564 1168 4621 αὑτὸν
1204 4564 1496 4638 ἀγέννητον
1529 4560 1691 4631 εἶναι,
1720 4566 1848 4637 πρὶν

267 4659 304 4730 ἢ
332 4657 469 4730 παρ’
512 4657 670 4729 ἡμῶν
713 4655 1063 4730 ἐξευρεθῆναι
1088 4657 1150 4711 τὸ
1176 4657 1347 4729 δνομα
1366 4697 1384 4724 ,
1411 4658 1754 4729 συγγνωστὸς
1784 4657 1850 4713 ἂν

266 4747 340 4823 ἦν
368 4750 510 4823 πρὸς
533 4749 634 4823 τὴν
666 4749 921 4821 τοιαύτην
953 4749 1187 4817 ἀτοπίαν
1217 4751 1401 4806 ἐκεῖνα
1428 4751 1676 4823 γράφων.
1702 4751 1770 4806 Et
1795 4751 1852 4806 δέ

265 4842 335 4897 τὸ
360 4840 771 4911 προῦφεστάναι
810 4842 905 4896 καὶ
941 4840 1100 4910 λόγου
1132 4841 1226 4896 καὶ
1251 4841 1485 4905 διανοίας
1515 4842 1676 4896 αὐτὸν
1703 4841 1854 4912 παρὰ

270 4934 497 4989 πάντων
529 4935 889 5006 ὁμολογεῖται,
921 4935 957 5005 ἡ
1002 4933 1061 4988 δὲ
1105 4932 1201 4987 τοῦ
1238 4933 1501 5004 ὀνόματος
1546 4933 1693 4997 θέσις
1730 4932 1854 4987 καθ’

269 5026 339 5098 ῆν
359 5027 393 5081 0
421 5023 545 5092 νοῦς
587 5024 1002 5096 ἐξαγγέλλεται.
1027 5024 1098 5079 δι’
1125 5025 1365 5089 ἐπινοίας
1395 5024 1526 5097 παρ’
1569 5026 1602 5096 ή
1612 5023 1728 5095 μῶν
1759 5024 1851 5079 εὐ-

271 5116 475 5189 ρῆσθαι
506 5115 755 5187 λέγεταιο
811 5118 842 5172 ὁ
876 5116 934 5172 δὲ
961 5116 1163 5180 σκοπὸς
1199 5116 1349 5187 αύτῷ
1380 5114 1481 5187 τῆς
1529 5115 1665 5187 πρὸς
1706 5116 1855 5187 ἡμᾶς

270 5212 393 5263 ἐστι
434 5208 615 5280 μάχης
632 5249 649 5275 ,
674 5209 736 5264 τὸ
757 5208 931 5275 δεῖξαι
963 5210 1038 5280 μὴ
1067 5208 1217 5279 παρά
1244 5206 1547 5279 ἀνθρώπων
1577 5208 1854 5279 ἐπινενοῆ-

273 5299 402 5353 σθαι
445 5298 511 5352 1:0
556 5299 756 5370 ὄνομα,
807 5298 923 5354 ἀλλ’
968 5296 1108 5353 εἶναι
1136 5295 1297 5353 τοῦτο
1319 5298 1413 5354 καὶ¹
1451 5298 1557 5371 1:90
1590 5300 1686 5370 τῆς
1716 5301 1854 5370 ἡμε-

273 5392 441 5462 τέρας
467 5391 812 5459 συστάσεως,
838 5391 939 5445 οὐκ
965 5384 1084 5445 οῖδα
1109 5389 1263 5462 παρά
1290 5388 1434 5455 τίνος
1464 5388 1774 5460 λεγόμενον,
1800 5388 1853 5442 τί

277 5479 460 5534 mne»
486 5479 602 5552 εχει
627 5481 764 5552 πρὸς
786 5480 886 5554 τὴν
912 5480 1279 5553 προκειμένην
1313 5479 1462 5552 αὐτῷ
1495 5479 1729 5551 σπουδὴν
1746 5518 1765 5543 .
1794 5478 1857 5532 τδ

278 5569 389 5642 πρὸ
412 5568 525 5624 τῶν
547 5570 717 5626 ὅντων
741 5572 1035 5643 ὑφεστάναι
1061 5571 1150 5627 τὸν
1174 5570 1308 5626 Θεδν
1325 5571 1633 5645 ἀγεννήτως
1654 5571 1855 5640 λέγειν,

277 5660 377 5714 καὶ
404 5660 468 5714 τὸ
491 5659 930 5717 διαϐεϐαιοῦσθαι
954 5662 1416 5735 μεταγενεστέραν
1442 5660 1582 5716 εἶναι
1608 5660 1858 5730 διαγωνι-

282 5747 504 5821 ζεσθαι,
544 5754 639 5807 καὶ
668 5753 846 5822 λέγειν
878 5751 913 5806 ἃ
940 5755 1191 5826 εῖρηκενς
1225 5754 1347 5809 Ὀτι
1374 5754 1716 5823 μαινομένων
1740 5752 1857 5807 ἐστὶ

1951 3294 2053 3334 nos
2082 3294 2271 3334 eorum
2298 3292 2418 3348 quae
2464 3276 2549 3347 pie
2584 3274 2651 3330 de
2682 3275 2801 3344 ipso
2856 3272 3250 3343 intelliguntur,
3280 3272 3519 3343 aliquam

1950 3369 2489 3440 comprehensionem
2517 3368 2968 3437 adipisceremur,
2997 3365 3178 3420 verbis
3199 3365 3525 3435 quibusdam

1949 3471 2001 3515 et
2027 3460 2250 3532 syllabis
2276 3458 2558 3513 noliunum
2591 3454 2925 3510 diﬂ‘erentias
2977 3451 3406 3517 ell‘ormavimus,
3434 3470 3529 3509 ve-

1947 3547 2048 3603 luti
2072 3548 2350 3617 signacula
2369 3545 2614 3615 quaedam
2647 3552 2700 3599 et
2726 3552 2885 3598 notas
2911 3558 3006 3613 per
3029 3557 3339 3598 sermonum
3360 3541 3526 3598 επον-

1950 3642 2235 3704 motiones,
2270 3639 2636 3710 intelligentiae
2673 3636 3004 3691 motionibus
3027 3636 3389 3694 inscribcntes
3417 3680 3431 3706 ,
3467 3648 3528 3694 ut

1949 3748 2137 3790 earum
2168 3747 2287 3802 qua:
2304 3731 2598 3785 adveniunt
2623 3730 2806 3782 animo
2831 3727 3217 3796 impulsionum
3244 3744 3340 3798 per
3359 3744 3528 3786 sonos

1951 3823 2150 3878 mentis
2180 3821 2537 3891 conceptibus
2568 3834 2839 3889 congruos
2888 3833 3013 3872 vera
3046 3829 3100 3873 et
3156 3818 3412 3874 distincta
3441 3829 3528 3875 at-

1952 3933 2056 3988 que
2081 3916 2367 3971 inconfusa
2393 3915 2482 3969 fiat
2507 3912 2825 3968 dcclaratio.
2852 3911 2962 3966 Cur
2984 3911 3149 3981 igitur
3165 3918 3412 3968 nostrum
3444 3928 3526 3967 ar-

1951 4010 2066 4080 guit
2120 4023 2448 4073 sermonem,
2506 4020 2614 4076 quo
2652 4003 2885 4058 dicimus
2949 4017 3146 4057 nomen
3202 4003 3527 4076 ἀγεννησίας

1951 4098 2317 4171 excogitatum
2359 4096 2528 4152 fuisse
2561 4095 2629 4150 ad
2659 4093 3146 4148 demonstrandum
3181 4094 3386 4164 absque
3414 4098 3525 4151 ori-

1954 4187 2078 4259 gine
2108 4194 2161 4242 et
2189 4184 2454 4257 principio
2490 4183 2656 4239 Deum
2688 4182 3008 4248 subsistere,
3040 4182 3169 4238 dum
3199 4183 3353 4251 dicit,
3378 4188 3524 4257 quod

1955 4277 2099 4334 Deus
2128 4286 2181 4333 et
2199 4276 2548 4347 loquentibus
2564 4316 2577 4338 .
2596 4283 2650 4330 et
2669 4275 2973 4332 tacentibus
2995 4317 3011 4343 ,
3031 4282 3085 4331 et
3102 4277 3527 4349 intelligentibus

1957 4371 2125 4440 prior,
2142 4377 2195 4423 et
2216 4378 2341 4424 ante
2358 4384 2546 4423 eorum
2563 4385 2684 4440 qua:
2707 4369 2847 4425 lacta
2866 4380 2991 4427 sunt
3012 4372 3527 4429 commentationem

1956 4469 2092 4526 erat,
2111 4471 2164 4517 et
2180 4469 2264 4516 est
2281 4460 2581 4531 ingenitus?
2596 4464 2648 4516 Si
2667 4463 2810 4517 enim
2826 4465 3024 4536 aliquis
3036 4473 3182 4521 esset
3198 4466 3289 4537 qui
3315 4474 3528 4522 astrue-

1959 4559 2060 4619 ret,
2104 4567 2211 4608 non
2236 4552 2387 4623 prius
2405 4553 2581 4624 ipsum
2605 4553 2775 4610 fuisse
2810 4555 3109 4626 ingenitum
3133 4574 3294 4629 quam
3314 4573 3343 4612 a
3368 4559 3530 4614 nobis

1959 4660 2155 4700 nomen
2190 4644 2469 4700 inventum
2490 4655 2657 4713 esset,
2679 4646 2838 4701 venia
2867 4647 3063 4719 dignus
3087 4658 3235 4709 esset
3263 4649 3531 4707 adversus

1961 4738 2120 4793 talem
2144 4737 2534 4794 absurditatem
2555 4738 2646 4793 illa
2665 4740 2932 4795 scribens.
2959 4739 3113 4807 Quod
3137 4742 3181 4797 si
3202 4742 3379 4813 ipsum
3402 4752 3530 4798 ante

1959 4843 2174 4883 omnem
2198 4840 2504 4883 sermonem
2526 4841 2583 4886 et
2606 4831 3015 4902 intelligentiam
3040 4834 3315 4889 exstitisse
3336 4849 3531 4890 omnes

1962 4919 2236 4992 fatentur;
2272 4922 2510 4979 nominis
2531 4930 2708 4978 autem
2732 4925 2951 4995 positio,
2969 4941 3073 4996 qua
3099 4943 3250 4983 mens
3269 4926 3529 4983 enuntia-

1955 5015 2534 5077 tur,commentatione
2560 5015 2782 5069 inventa
2806 5030 2929 5071 esse
2960 5015 3164 5070 dicitur
3187 5031 3417 5088 ;scopus
3438 5032 3529 5072 au-

1957 5111 2064 5161 tem
2082 5114 2275 5161 contra
2288 5121 2389 5161 nos
2400 5121 2593 5176 pugnae
2608 5106 2657 5161 ei
2678 5106 2994 5176 propositus
3014 5115 3097 5161 est
3119 5147 3133 5169 .
3152 5107 3530 5164 demonstrare

1956 5213 2065 5251 non
2100 5197 2168 5253 ab
2228 5196 2538 5254 hominibus
2587 5198 2950 5267 excogitatum
3006 5212 3130 5253 esse
3175 5198 3279 5254 hoc
3310 5214 3531 5262 nomen,

1957 5288 2052 5343 sed
2087 5289 2187 5342 hoc
2218 5303 2340 5343 esse
2368 5296 2494 5343 ante
2522 5295 2761 5343 nostram
2792 5289 3257 5356 constitutionem,
3291 5292 3477 5346 nescio
3498 5307 3527 5345 a

1957 5393 2067 5448 quo
2088 5377 2291 5432 dictum
2324 5395 2338 5431 :
2393 5377 2524 5448 quid
2558 5393 2850 5433 commune
2889 5379 3199 5435 habetcum
3250 5383 3533 5453 proposito

1958 5471 2078 5541 ejus
2102 5469 2302 5532 studio,
2327 5485 2518 5541 nempe
2548 5468 2749 5534 dicere,
2775 5478 2901 5527 ante
2932 5486 2995 5527 ea
3041 5486 3162 5543 quae
3190 5483 3336 5538 sunt,
3361 5471 3528 5529 Deum

1961 5561 2124 5618 modo
2157 5562 2398 5633 ingenito
2448 5561 2768 5626 subsistere,
2793 5572 2848 5619 et
2878 5580 3075 5637 magno
3103 5574 3297 5621 conatu
3326 5566 3530 5622 conﬁr-

1959 5668 2111 5710 mare
2142 5652 2494 5724 posteriorem
2551 5668 2673 5710 csse
2718 5660 3251 5727 Commentationem,
3307 5666 3362 5715 et
3410 5671 3533 5729 qua:

1962 5746 2120 5815 dixit,
2154 5745 2422 5805 allirmare
2448 5746 2471 5801 3
2503 5743 2793 5803 Hominum
2828 5749 2973 5806 enim
3025 5761 3108 5810 est
3140 5750 3533 5809 insanientium
