4010 6212
474 242 583 301 967

1704 237 1759 292 S.
1803 236 2131 295 GREGORII
2165 235 2456 293 NYSSENI

3629 237 3745 296 958

483 359 816 423 existimare,
867 355 1248 427 cogitationem
1309 351 1440 424 quid
1493 352 1772 423 antiquius
1826 352 2047 409 essebis

2167 352 2224 407 τὲ
2257 351 2625 425 πρεσϐύτερον
2672 348 2783 404 τῶν
2824 348 3176 404 ἐπινοούντων
3205 346 3454 417 ἡγεῖσθαι
3486 346 3585 419 τὴν
3614 347 3744 402 ἔπει

483 450 578 520 qui
643 447 973 519 excogitant.
1006 444 1207 514 Estque
1259 453 1519 515 praeterea
1564 458 1906 514 quaecunque
1937 457 2077 512 pro»

482 555 703 609 gressus
730 545 970 602 enarrat,
987 535 1440 606 quemadmodum
1468 549 1645 605 neque
1666 533 1798 588 illud
1822 534 2066 589 sentien-

481 629 638 692 tium,
666 642 860 697 nempe
888 626 1162 691 homines,
1191 625 1442 694 quamvis
1474 622 1567 679 Dei
1596 622 1944 695 opilieiorum
1976 624 2063 679 ul-

481 718 669 782 timos,
719 733 831 772 sum
857 717 1243 786 excogitationi
1275 728 1612 785 praeponere.
1673 713 1919 785 Magnam
1954 714 2061 768 vim

480 824 668 864 revera
701 808 950 863 habuerit
983 807 1241 867 oratio,si
1264 805 1481 875 quidem
1514 803 1710 873 aliquis
1741 819 1806 859 ex
1825 803 2059 871 insania,

478 899 563 953 vel
591 898 826 952 amentia
881 896 1049 951 Deum
1084 909 1207 948 esse
1252 893 1766 947 commentationem
1814 906 2061 961 pronun-

481 988 661 1042 tiaret.
697 986 752 1042 Si
788 996 968 1042 autem
1026 985 1142 1040 haec
1168 982 1309 1037 ratio
1353 997 1530 1051 neque
1559 988 1664 1046 est,
1724 997 1903 1052 neque
1931 978 2057 1046 fuit,

480 1081 625 1150 (quis
650 1080 793 1135 enim
831 1095 896 1134 eo
926 1077 1167 1147 stuporis
1188 1083 1242 1130 et
1266 1074 1532 1129 vecordia:
1561 1074 1823 1144 adegerit,
1856 1083 1914 1128 ut
1934 1088 2058 1129 eum

478 1171 568 1239 qui
598 1186 725 1225 vere
749 1177 853 1236 est,
892 1178 944 1222 et
982 1169 1072 1238 qui
1127 1167 1228 1220 alia
1277 1166 1483 1229 omnia,
1517 1180 1857 1235 qumcnnqne
1907 1175 2057 1230 sunt,

400 1300 407 1305 ι
478 1258 548 1313 ad
591 1260 996 1328 generationem
1032 1256 1279 1320 adduxit,
1324 1269 1431 1309 non
1483 1269 1606 1309 esse
1653 1268 1748 1324 per
1781 1254 2058 1324 propriam

478 1350 890 1405 subsistentiam
958 1346 1207 1413 aﬂirmet,
1245 1345 1339 1401 sed
1374 1360 1470 1415 per
1494 1344 1733 1400 nominis
1784 1346 2061 1416 excogita-

475 1444 680 1497 tionem
713 1440 1092 1510 pronuntiet?)
1119 1454 1214 1492 cur
1242 1437 1444 1493 frustra
1468 1436 1741 1492 umbratili
1762 1436 2061 1492 certamine

475 1534 750 1605 depugnat
784 1532 1046 1587 adversus
1077 1546 1140 1587 ea
1170 1545 1290 1601 qua:
1317 1530 1499 1585 nullus
1523 1529 1743 1593 asserit,
1766 1528 2059 1600 pugnans?

475 1626 669 1679 Annon
700 1623 985 1679 manifesta
1024 1637 1188 1679 causa
1236 1621 1398 1692 hujus
1435 1621 1640 1676 insana:
1688 1620 2056 1676 contentionis
2102 1628 2111 1639 '

2163 444 2378 514 νόησιν*
2410 441 2505 495 καὶ
2540 440 2654 494 ἔστι
2685 440 2821 512 πρὸς
2845 438 3053 503 τούτοις
3076 440 3175 492 ὅσα
3201 438 3408 503 ὑποϐὰς
3437 437 3744 510 ἐξέρχεται,

2162 533 2352 605 ὥσπερ
2380 532 2499 586 οὐδὲ
2526 534 2703 587 ἐκεῖνο
2731 530 3085 603 φρονούντων,
3129 531 3189 586 τδ
3206 571 3222 596 ,
3248 532 3375 596 τούς
3419 530 3745 603 ἀνθρώπους

2164 624 2366 695 καίπερ
2426 625 2584 689 ὄντας
2634 625 2897 688 ὑστάτους
2946 622 3055 676 τῶν
3098 622 3191 675 τοῦ
3228 622 3362 676 Θεοῦ
3399 623 3745 695 δημιουργη-

2166 716 2352 786 μάτων
2391 715 2712 788 προτάττειν
2753 716 2854 786 τῆς
2896 715 3045 784 σφῶν
3088 713 3269 767 αὐτῶν
3314 713 3573 778 ἐπινοίας.
3626 717 3745 770 Με-

2162 805 2334 876 γάλην
2359 806 2465 878 γάρ
2486 806 2562 877 τῷ
2586 805 2699 860 ὄντι
2724 807 2820 877 τὴν
2851 808 3002 877 ἰσχὺν
3027 808 3054 860 ὁ
3078 805 3235 874 λόγος
3253 801 3419 876 εἶχεν,
3458 806 3620 876 εἰπερ
3656 824 3743 870 τις

2163 898 2229 951 ὲκ
2261 897 2459 969 μανίας
2495 897 2527 968 ἢ
2568 897 2990 969 παραφροσύνης
3025 898 3266 951 ἐπίνοιαν
3309 894 3449 950 εἶναι
3480 897 3570 951 τδν
3603 898 3740 952 Θεὸν

2161 988 2508 1058 ἀπεφαίνετο.
2544 990 2607 1042 Εἰ
2635 989 2689 1042 δὲ
2721 986 2874 1052 οὗτος
2901 989 3001 1059 μὲν
3033 989 3061 1041 ό
3083 989 3236 1057 λόγος
3266 987 3386 1041 οὗτε
3415 990 3588 1054 ἐστὶν,
3611 988 3734 1043 οὗτε

2165 1080 2267 1150 μὲν
2295 1076 2743 1150 γεγένηται·(τίς
2778 1079 2888 1151 γάρ
2927 1079 2993 1134 ἂν
3038 1082 3117 1143 εἰς
3148 1079 3302 1133 τοῦτο
3352 1080 3734 1152 παραπληξίας

2161 1170 2426 1237 ὲλάσειεν,
2449 1171 2589 1225 ὥστε
2612 1170 2702 1224 τὸν
2730 1172 2898 1233 ὅντως
2918 1172 3064 1233 ὄντα,
3083 1172 3178 1226 καὶ
3196 1171 3264 1226 τὰ
3280 1172 3414 1226 ἄλλα
3437 1171 3617 1227 πάντα
3637 1174 3737 1226 ὅσα

2161 1263 2310 1316 ἐστὶν
2330 1254 2639 1332 εἰς’γένεσιν
2667 1264 2961 1332 ἀγαγόντα,
2984 1265 3172 1318 τοῦτον
3195 1263 3270 1334 μὴ
3290 1263 3409 1316 καθ’
3435 1263 3736 1317 ὑπόστασιν

2164 1353 2301 1407 ἰδίαν
2329 1352 2506 1422 λέγειν
2544 1349 2711 1417 εἶναι,
2754 1354 2868 1407 ἀλλ’
2895 1355 3133 1408 ἐπίνοιαν
3153 1354 3409 1424 ὀνόματος
3438 1355 3738 1423 ἀποφαίνει

2164 1439 2402 1508 σθαι;)τί
2434 1443 2609 1515 μάτην
2636 1446 2935 1515 σκιομαχεῖ,
2960 1447 3072 1508 τοῖς
3090 1444 3152 1496 οὐ
3180 1444 3379 1498 τεθεῖσι
3404 1445 3740 1515 μαχόμενοςς

2160 1533 2195 1604 ἢ
2250 1532 2513 1604 πρόδηλος
2549 1533 2699 1588 αἰτία
2728 1534 2828 1604 τῆς
2864 1536 3093 1605 ἀνοήτου
3138 1533 3339 1605 ταύτης
3378 1533 3735 1603 φιλονεικίας,

2163 1625 2243 1677 ὅτι
2273 1626 2400 1689 τούς
2420 1624 2858 1695 ἐξαπατηθέντας
2882 1624 2969 1678 διὰ
2997 1625 3092 1678 τοῦ
3126 1626 3245 1679 κατ’
3279 1626 3605 1695 ἀγεννηοίαν
3647 1641 3738 1679 σο-

475 1726 579 1781 est,
604 1717 745 1787 quod
771 1716 898 1771 dum
934 1714 1005 1769 ob
1028 1715 1283 1783 deceptos
1313 1713 1559 1784 captioso
1587 1721 1912 1784 argumento
1940 1712 2044 1767 hu-

2154 1716 2422 1787 φίσματος
2444 1717 2848 1787 αἰσχυνόμενος,
2877 1716 2998 1770 ἐπεὶ
3020 1716 3308 1787 διηλέγχθη
3346 1716 3606 1787 πάμπολυ
3630 1720 3731 1786 τῆς

470 1807 565 1873 jus
636 1805 874 1859 nominis
950 1803 1274 1872 άγεννησίας
1334 1817 1458 1857 cum
1543 1801 1729 1874 pudet,
1789 1801 2049 1870 quoniam

477 1898 580 1953 hoc
613 1912 807 1952 nomen
841 1911 949 1951 non
1009 1896 1340 1967 permultum
1374 1893 1441 1949 ab
1485 1893 1740 1949 essentiae
1777 1892 2052 1964 signiﬁca—

474 1990 623 2046 tione
647 1996 954 2059 separatum
988 2002 1108 2043 esse
1152 1986 1438 2055 probatum
1486 1993 1612 2051 est,
1662 1994 1857 2056 sponte
1906 1985 2050 2039 dicta

474 2081 782 2144 confundit,
811 2094 841 2133 a
870 2079 1090 2132 nomine
1122 2076 1188 2130 ad
1220 2091 1308 2131 res
1348 2076 1780 2131 controversiam
1818 2074 2053 2130 transfe-

474 2189 625 2236 rens,
656 2180 716 2225 ut
749 2170 908 2224 facile
959 2170 1163 2224 incauti
1200 2169 1302 2223 hac
1360 2168 1684 2224 confusione
1738 2167 2048 2234 cludantur,

475 2274 728 2335 putantes
753 2264 834 2318 vel
860 2262 1374 2317 commentationem
1394 2258 1564 2314 Deum
1595 2273 1625 2312 a
1654 2258 1813 2314 nobis
1843 2258 2047 2313 dictum

472 2374 616 2422 esse,
638 2356 719 2410 vel
746 2356 1110 2409 humanorum
1140 2352 1418 2407 nominum
1448 2351 1761 2405 inventione
1779 2348 2048 2418 posterio-

474 2464 611 2509 rem,
644 2447 878 2515 ideoque
907 2444 1096 2500 relicto
1134 2452 1322 2498 nostro
1363 2440 1827 2512 irreprebensibili
1882 2455 2048 2511 argn-

474 2547 656 2594 mento
709 2550 942 2607 pugnam
981 2536 1286 2606 detorquet.
1333 2532 1449 2588 lloc
1477 2534 1622 2588 enim
1665 2546 1695 2585 a
1720 2530 1879 2585 nobis
1908 2538 2045 2599 erat,

467 2632 614 2688 sicut
641 2628 846 2685 dictum
885 2632 989 2694 est,
1021 2641 1219 2682 nomen
1285 2624 1607 2696 ἁγεννησίας
1643 2630 1750 2680 no‘n
1797 2632 2046 2679 naturam

472 2727 870 2786 demonstrare,
907 2719 1003 2777 sed
1037 2735 1103 2775 ex
1144 2717 1600 2773 commentatione
1657 2724 1869 2771 naturae.
1920 2730 2050 2770 con-

473 2829 689 2889 gruere,
713 2828 811 2884 per
838 2827 1000 2884 quam
1059 2811 1235 2881 ipsum
1278 2808 1481 2878 absque
1530 2821 1698 2861 causa
1750 2806 2048 2864 subsistere

472 2905 837 2976 significatur.
869 2902 1023 2970 Quod
1059 2915 1189 2955 vero
1217 2899 1284 2953 ab
1316 2897 1448 2968 ipsis
1475 2898 1845 2963 astruebatur,
1872 2897 2046 2968 ipsius

469 2997 721 3054 essentire
744 2996 975 3052 indicem
1000 3007 1188 3050 vocem
1222 3006 1363 3047 esse.
1411 2988 1515 3045 Ubi
1547 2990 1712 3061 igitur
1738 2997 2041 3046 astructum

470 3099 577 3154 est,
605 3090 717 3145 vim
772 3087 937 3158 hujus
996 3083 1234 3140 nominis
1282 3083 1357 3137 ita
1389 3097 1448 3137 se
1493 3080 1729 3138 habere?
1779 3079 1885 3137 Sed
1931 3082 2048 3136 haec

471 3182 668 3235 alicubi
695 3181 749 3235 in
779 3180 898 3234 aliis
919 3173 1378 3247 disputationibus
1408 3173 1566 3244 plane
1585 3172 1863 3229 recondita
1896 3180 2043 3230 sunt.

470 3274 661 3330 Omnis
699 3280 878 3328 autem
901 3272 949 3328 ei
974 3273 1125 3325 labor
1154 3275 1453 3338 occupatus
1488 3276 1592 3333 est,
1626 3275 1685 3321 ut
1713 3267 2046 3323 demonstret

472 3364 640 3420 Deum
672 3364 921 3419 substare
938 3360 1268 3431 ἀγεννήτως,
1299 3358 1519 3429 perinde
1543 3373 1606 3412 ac
1630 3358 1676 3414 si
1694 3359 1816 3428 quis
1840 3350 2060 3415 diserte

469 3455 539 3512 de
574 3456 659 3510 bis
688 3454 1069 3524 interrogaret,
1112 3465 1403 3521 quamnam
1453 3449 1519 3506 de
1567 3450 1788 3505 nomine
1817 3449 2045 3521 ἁγεννη-

470 3549 589 3612 σίας
611 3546 1022 3617 intelligentiam
1076 3543 1324 3607 haberet,
1359 3550 1543 3598 utrum
1593 3542 1927 3598 existimaret
1950 3556 2045 3597 ex-

467 3639 762 3708 cogitatum
785 3635 850 3690 ad
882 3632 1364 3701 demonstrandum
1394 3632 1624 3703 primam
1646 3647 1866 3687 causam
1895 3630 2045 3702 prin-

467 3728 611 3798 cipio
639 3735 692 3783 et
711 3727 919 3798 origine
944 3740 1153 3792 carere,
1177 3739 1245 3779 an
1271 3740 1400 3781 vero
1428 3725 1599 3797 ipsam
1629 3723 1922 3780 essentiam
1957 3725 2045 3779 de-

467 3821 698 3876 clarare.
730 3818 830 3874 Hic
882 3826 1064 3873 autem
1112 3817 1269 3874 valde
1300 3819 1537 3889 graviter
1563 3824 1617 3873 et
1672 3816 1930 3872 audacter
1952 3832 2041 3873 re—

465 3910 778 3981 sponderet,
842 3923 902 3963 se
932 3922 1040 3961 non
1095 3906 1344 3961 dubitare
1405 3904 1573 3960 Deum
1621 3906 1746 3961 cmli
1797 3914 1851 3961 et
1883 3914 2042 3961 terra:

464 4006 766 4054 creatorem
815 4010 959 4052 esse.
1009 3994 1079 4050 Ut
1113 3987 1276 4067 igitur
1328 3993 1417 4048 hic
1470 4008 1650 4049 sermo
1700 4008 1730 4048 a
1758 3997 2039 4065 proposito

464 4090 729 4153 dissonat,
766 4103 941 4159 neque
971 4101 1216 4143 connexa
1240 4087 1380 4143 serie
1410 4086 1678 4156 sequitur,
1713 4086 1900 4142 eodem
1927 4103 2039 4144 mo-

464 4182 535 4237 do
566 4181 839 4237 inveneris
866 4180 917 4233 in
942 4179 1167 4250 pulchre
1198 4178 1470 4249 descripta
1493 4188 1681 4233 contra
1710 4194 1810 4234 nos
1836 4195 2034 4251 pugna,

462 4272 610 4343 quod
643 4288 674 4326 a
698 4286 864 4342 scopo
892 4272 1299 4327 dissentancum
1330 4281 1415 4328 est
1442 4283 1492 4327 ct
1515 4271 1749 4328 alienum
1782 4291 1796 4328 :
1829 4273 1908 4329 sic
1933 4289 2034 4328 au-

462 4372 568 4418 tem
598 4362 1011 4433 perspiciamus.
2061 4381 2115 4441 ι)

531 4454 833 4524 lngenitum
886 4455 1037 4509 aiunt
1090 4453 1259 4510 Deum
1317 4469 1487 4512 esse:
1544 4455 1671 4511 huic
1716 4457 1878 4512 etiam
1928 4473 2030 4516 nos

462 4547 847 4611 assentiamur,
885 4546 978 4602 sed
1011 4545 1173 4601 etiam
1213 4546 1537 4618 ἀγεννησίαν
1567 4549 1858 4603 essentiam
1888 4564 2030 4619 esse,

460 4638 529 4693 ad
563 4638 664 4693 hoc
693 4653 722 4691 a
751 4637 913 4693 nobis
950 4634 1309 4691 contradictio
1341 4638 1580 4691 occurrit
1603 4657 1615 4692 :
1642 4637 1742 4692 hoc
1763 4638 1904 4693 enim
1934 4618 2031 4695 no-

460 4745 582 4785 men
612 4730 844 4785 dicimus
870 4727 1352 4784 demonstrativum
1384 4742 1527 4790 esse,
1554 4727 1724 4784 Deum
1749 4729 2031 4801 ingenera-

458 4823 642 4879 biliter
672 4822 944 4887 substare,
970 4834 1077 4874 non
1137 4818 1459 4889 ἁγεννησίαν
1487 4834 1608 4874 esse
1642 4818 1808 4875 Deum
1848 4838 1861 4874 :
1887 4821 2032 4878 hunc

459 4927 765 4971 sermonem
823 4909 1069 4965 refellere
1123 4919 1373 4964 nostrum
1430 4910 1736 4981 pollicetur.
1769 4911 2028 4978 Qnmnam

461 5002 626 5073 igitur
653 5001 946 5059 refutatio?
976 5000 1128 5067 Quod
1159 5010 1278 5055 ante
1310 5001 1579 5055 hominum
1606 5004 2029 5058 constitutionem

458 5106 595 5163 erat,
637 5096 833 5167 inquit,
889 5094 1171 5165 ingenitus.
1201 5093 1341 5161 Quid
1374 5094 1479 5150 hoc
1509 5094 1577 5148 ad
1613 5095 1666 5149 id
1695 5095 1839 5168 quod
1877 5114 2029 5169 qua:-

458 5190 621 5253 ritur,
656 5188 800 5258 quod
834 5202 892 5242 se
916 5185 1406 5240 demonstraturum
1431 5185 1712 5257 prolite'tur
1737 5189 1876 5244 idem
1907 5204 2029 5245 esse

459 5294 658 5334 nomen
687 5293 809 5333 cum
839 5274 1125 5345 subjecto?
1175 5274 1466 5330 essentiam
1511 5276 1656 5330 enim
1705 5277 2028 5350 ἀγεννησίαν

460 5370 668 5425 definit.
688 5369 945 5434 Quaenam
964 5368 1125 5440 igitur
1142 5366 1591 5439 pollicitationum
1612 5369 2029 5426 demonstratio?

461 5457 844 5516 Demonstrare
871 5475 1086 5531 nempe,
1117 5447 1286 5515 Deum
1313 5461 1578 5517 exsistere
1609 5471 1732 5517 ante
1779 5462 2024 5520 homines

463 5563 597 5605 voce
625 5557 859 5606 utentes.
881 5548 927 5608 Ο
948 5550 1229 5606 mirificam
1258 5550 1799 5619 demonstrationem,
1852 5561 1906 5610 et
1937 5554 2024 5608 cui

472 5639 770 5696 contradici
810 5655 918 5699 non
944 5640 1147 5714 possit!
1182 5641 1296 5698 haec
1343 5651 1515 5703 estex
1572 5644 1876 5703 disserendi
1909 5654 2025 5704 arte

2152 1806 2293 1861 κατὰ
2320 1805 2418 1879 τὴν
2446 1806 2634 1860 οὐσίαν
2676 1805 2950 1877 σημασίας
2991 1808 3391 1879 κεχωρισμένον
3416 1806 3479 1860 τὸ
3521 1807 3729 1877 ὄνομα,

2153 1898 2295 1953 ἑκὼν
2320 1900 2553 1952 ⁸τιοιεῖῖται
2581 1898 2690 1952 τῶν
2718 1898 3024 1970 λεγομένων
3050 1900 3150 1972 τὴν
3188 1899 3466 1969 σύγχυσιν,
3493 1899 3602 1952 ἀπὸ
3627 1898 3728 1951 τοῦ

2152 1991 2413 2062 ὀνόματος
2436 1992 2527 2045 ἐπὶ
2555 1991 2625 2045 τά
2651 1992 2949 2062 πράγματα
2981 1991 3356 2061 μεταϐιϐάζων
3383 1991 3483 2063 τὴν
3521 1990 3726 2062 μάχην,

2150 2085 2225 2150 ὼς
2250 2085 2374 2148 τούς
2422 2084 2810 2148 ἀνεπιστάτως
2842 2084 3078 2148 εὐκόλως
3100 2083 3187 2137 διὰ
3214 2084 3314 2155 τῆς
3338 2084 3594 2153 τοιαύτης
3618 2101 3725 2137 πα-

2155 2176 2556 2249 ρακρουσθῆναι
2586 2176 2917 2247 συγχύσεως,
2943 2174 3318 2247 νομίζονταςῆ
3354 2175 3597 2229 ἐπίνοιαν
3634 2175 3730 2229 τὸν

2151 2266 2284 2320 Θεὸν
2329 2266 2458 2339 παρ’
2502 2265 2662 2338 ἡμῶν
2701 2265 2984 2338 εἰρῆσθαι,
3015 2265 3048 2337 ἢ
3080 2269 3181 2337 τῆς
3227 2266 3335 2318 τῶν
3370 2265 3730 2337 ἀνθρωπίνων

2150 2357 2427 2429 ὀνομάτων
2463 2358 2731 2430 εὑρέσεως
2768 2357 3051 2428 δεύτερον’
3092 2357 3187 2411 καὶ
3225 2357 3313 2411 διὰ
3358 2356 3516 2410 τοῦτο
3559 2374 3731 2410 κατα⁴

2149 2449 2320 2503 λιπὼν
2364 2449 2687 2519 ἀνέλεγκτον
2733 2449 2794 2503 τὸ
2837 2449 3123 2520 ἡμέτερον,
3168 2448 3463 2519 μεταφέρει
3489 2447 3590 2519 τὴν
3618 2448 3728 2517 μά-

2150 2559 2270 2615 χην,
2301 2543 2376 2596 Τὸ
2420 2540 2530 2614 γὰρ
2571 2542 2702 2613 παρ’
2736 2541 2895 2613 ἡμῶν
2921 2536 3011 2613 ἦν,
3039 2539 3220 2604 καθὼς
3260 2539 3497 2612 εἴρηται,
3532 2539 3592 2592 τὸ
3627 2537 3726 2609 τῆς

2150 2632 2475 2703 ἀγεννησίας
2502 2632 2672 2702 ὄνομα
2703 2632 2776 2702 μὴ
2799 2631 2896 2703 τὴν
2926 2630 3086 2700 φύσιν
3111 2629 3494 2691 ἐνδείκνυσθαι,
3523 2630 3636 2683 ἀλλ’
3664 2631 3727 2696 ἐξ

2150 2719 2390 2781 ἐπινοίας
2427 2718 2757 2789 ἐφαρμόζειν
2796 2721 2866 2790 τῇ
2908 2718 3089 2788 φύσει,
3122 2718 3188 2772 δι’
3212 2713 3279 2791 ἦς
3305 2720 3367 2772 τὸ
3391 2721 3521 2775 ἄνευ
3544 2720 3726 2784 αἰτίας

2148 2807 2309 2863 αὐτὸν
2335 2809 2629 2878 ὑφεστάναι
2652 2808 3001 2880 σημαίνεται·
3024 2808 3086 2863 τὸ
3115 2810 3170 2864 δὲ
3199 2811 3328 2881 παρ’
3350 2811 3533 2865 αὐτῶν
3553 2828 3719 2865 κατα-

2150 2899 2541 2971 σκευαζόμενον
2560 2895 2648 2973 ἦν,
2674 2900 2842 2971 αὐτῆς
2877 2898 3014 2955 εἶναι
3046 2901 3143 2972 τῆς
3167 2902 3355 2965 οὐσίας
3385 2902 3723 2973 ὲνδεικτικὴν

2147 2992 2244 3064 τὴν
2270 2993 2473 3065 φωνήν.
2506 2991 2619 3045 Ποῦ
2657 2992 2835 3047 τοίνυν
2865 2994 3273 3063 κατεσκευάσθη
3301 2994 3362 3047 τὸ
3382 2994 3556 3058 οὕτως
3579 2996 3722 3066 ἔχειν

2147 3079 2244 3152 τὴν
2268 3080 2362 3133 τοῦ
2400 3080 2663 3151 ὀνόματος
2699 3081 2963 3155 δύναμιν;
3007 3082 3143 3138 άλλά
3169 3083 3339 3138 ταῦτα
3375 3085 3477 3155 μὲν
3514 3087 3723 3157 ἑτέροις

2148 3189 2250 3226 που
2273 3171 2487 3235 πάντως
2505 3189 2625 3226 τετα
2635 3174 2849 3243 μίευται
2867 3174 3063 3244 λόγοις.
3100 3174 3162 3227 Ὀ
3178 3175 3234 3228 δὲ
3255 3178 3361 3240 πᾶς
3384 3176 3536 3249 αὐτῷ
3562 3180 3724 3244 πόνος

2146 3263 2228 3326 είς
2258 3261 2318 3316 τὸ
2364 3262 2659 3333 ὑφεστάναι
2706 3263 2799 3318 τὸν
2848 3263 2979 3318 Θεὸν
3027 3266 3338 3337 άγεννήτως
3387 3268 3717 3339 ἡσχόληται·

2144 3356 2327 3426 ὅμοιον
2365 3354 2555 3428 ὥσπερ
2583 3356 2651 3410 ἂν
2680 3356 2736 3410 εῐ
2762 3374 2846 3422 τις
2886 3358 3073 3429 σαφῶς
3114 3361 3241 3429 περὶ
3283 3361 3489 3414 τούτων
3533 3362 3719 3432 ἤρετο,

2143 3448 2264 3501 τίνα
2295 3450 2423 3520 περὶ
2451 3447 2545 3503 τοῦ
2565 3447 2826 3521 ὀνόματος
2849 3450 2949 3522 τῆς
2972 3452 3295 3522 ἀγεννησίας
3317 3452 3432 3524 ἔχει
3458 3453 3718 3517 διάνοιαν,

2144 3537 2251 3590 εἴτε
2291 3537 2367 3602 ὡς
2412 3539 2793 3611 ἐπινοουμένου
2848 3540 2982 3612 πρὸς
3034 3541 3255 3607 ἔνδειξιν
3310 3543 3407 3597 τοῦ
3462 3545 3722 3616 άνάρχως

2142 3623 2360 3683 εἶναιτὸ
2393 3628 2607 3701 πρῶτον
2636 3630 2828 3696 αἴτιον,
2859 3631 2969 3685 είτε
2995 3632 3091 3687 καὶ
3117 3633 3192 3697 ὡς
3213 3633 3379 3706 αὐτῆς
3412 3635 3716 3704 δηλωτικοῦ

2140 3718 2242 3789 τῆς
2259 3719 2475 3782 οὐσίας’
2504 3721 2533 3772 ό
2564 3719 2620 3774 δὲ
2664 3720 2809 3791 μάλα
2832 3722 3043 3791 σεμνῶς
3081 3723 3173 3777 καὶ
3213 3724 3578 3790 ἐπιστατικῶς
3607 3727 3718 3779 άπ-

2141 3812 2404 3883 εκρίνετο,
2430 3813 2492 3867 τὸ
2521 3813 2750 3887 οὐρανοῦ
2779 3814 2872 3868 καὶ
2903 3815 3007 3886 γῆς
3029 3814 3123 3869 τὸν
3143 3816 3274 3870 Θεὸν
3307 3818 3537 3890 ποιητὴν
3572 3817 3713 3873 εἶναι

2144 3905 2217 3974 μὴ
2242 3902 2621 3973 άμφιϐάλλειν.
2661 3904 2750 3968 Ὧς
2771 3905 2948 3959 τοίνυν
2973 3900 3129 3972 οὗτος
3154 3909 3183 3963 ό
3214 3908 3372 3978 λόγος
3399 3911 3595 3984 ἀπᾴδει
3615 3912 3713 3965 τοῦ

2140 3993 2520 4065 προταθέντος,
2566 3994 2661 4050 καὶ
2700 3996 2760 4049 οὑ
2809 3998 3174 4069 συνήρτηται·
3227 4002 3368 4055 κατὰ
3409 4001 3505 4055 τὸν
3549 4003 3715 4056 αὐτὸν

2137 4085 2336 4156 τροπὸν
2378 4086 2558 4158 εὕροις
2596 4087 2662 4141 ἂν
2703 4088 2797 4142 καὶ
2834 4090 2925 4143 ἐπὶ
2964 4093 3540 4167 τῆςκαλλιγραφείοης
3559 4094 3715 4166 αὐτῷ

2137 4178 2258 4231 καθ’
2289 4181 2319 4249 ἠ
2330 4178 2445 4250 μῶν
2484 4180 2662 4251 μάχης
2697 4182 2759 4235 τὸ
2783 4180 2919 4253 πρὸς
2950 4183 3039 4243 τὸν
3072 4183 3268 4238 σκοπὸν
3313 4187 3708 4260 ἀσυνάρτητον.

2136 4270 2347 4323 Οὑτωσὶ
2377 4269 2433 4324 δὲ
2458 4274 2837 4344 σκοπήσωμεν.

2216 4447 2534 4519 Ἀγέννητόν
2573 4466 2705 4520 φασι
2746 4449 2836 4503 τὸν
2877 4449 3009 4504 Θεὸν
3038 4446 3197 4513 εἶναι,
3229 4451 3386 4506 τοῦτο
3422 4452 3516 4506 καὶ
3541 4455 3717 4525 ἡμεῖς

2133 4538 2489 4609 συντιθέμεθα
2511 4558 2525 4573 ’
2552 4540 2689 4594 ἀλλὰ
2716 4542 2810 4595 καὶ
2835 4543 2931 4611 τὴν
2958 4543 3302 4613 ἀγεννησίαν,
3324 4545 3513 4597 οὐσίαν
3535 4540 3707 4607 εἶναι,

2129 4630 2267 4700 πρὸς
2306 4630 2461 4683 τοῦτο
2496 4631 2626 4703 παρ’
2675 4632 2834 4704 ἡμῶν
2879 4634 2912 4703 ἡ
2956 4634 3293 4705 ἀντίρρησις.
3342 4637 3553 4705 Ὄνομα
3595 4636 3713 4707 γὰρ

2127 4718 2284 4773 τοῦτό
2332 4738 2510 4791 φαμεν
2556 4722 2881 4777 ἐνδεικτικὸν
2929 4718 3067 4777 εἶναι
3116 4724 3211 4777 τοῦ
3250 4727 3564 4795 άγεννὴτως
3613 4727 3712 4779 τὸν

2127 4809 2258 4863 Θεὸν
2322 4813 2656 4882 ὑφεστάναι,
2713 4816 2772 4867 οὐ
2825 4814 2923 4886 τὴν
2960 4816 3285 4886 άγεννησίαν
3340 4813 3478 4871 εἶναι
3540 4816 3713 4870 Θεόν·

2127 4908 2367 4980 ἐλέγχειν
2398 4906 2786 4976 ἐπαγγέλλεται
2806 4907 2897 4960 τὸν
2917 4906 3180 4979 ἡμέτερον
3221 4907 3405 4976 λόγον’
3428 4909 3512 4972 τίς
3545 4907 3647 4963 οὖν
3678 4912 3711 4962 ὁ

2129 5001 2376 5072 ἐλεγχοςς
2407 5000 2541 5076 ’Ὀτι⁵
2556 4998 2675 5067 Πρὸ
2706 4996 2815 5066 τῆς
2838 4997 2956 5053 τῶν
2978 4998 3302 5068 ἀνθρώπων
3340 5000 3709 5068 συστάσεως

2128 5091 2228 5161 ἦν.
2266 5090 2452 5160 φησὶν,
2483 5089 2829 5159 ἀγένητος.
2864 5090 2931 5143 Τί
2959 5089 3120 5144 τοῦτο
3168 5093 3306 5165 πρὸς
3334 5092 3397 5147 τὸ
3430 5092 3707 5163 ζητούμε-

2127 5201 2238 5247 νον,
2272 5182 2300 5235 ὃ
2343 5180 2534 5247 δείξειν
2561 5172 2715 5245 οὗτος
2741 5182 3273 5252 κατεπαγγέλλεται,
3317 5184 3516 5237 ταύτὸν
3562 5180 3723 5237 εἶναι’

2129 5272 2206 5343 τῷ
2231 5271 2570 5342 ὑποκειμένῳ
2594 5272 2657 5325 τὸ
2676 5271 2874 5343 ὅνομα;
2893 5273 3093 5327 Οὐσίαν
3116 5274 3228 5346 γάρ
3250 5271 3393 5329 εἶναι
3418 5275 3519 5346 τὴν
3540 5278 3706 5343 ἀγεν-

2127 5364 2321 5437 νησίαν
2348 5364 2606 5436 ὁρίζεται.
2645 5366 2740 5428 Τίς
2777 5362 2871 5419 οὖν
2904 5367 2938 5435 ἡ
2969 5366 3078 5421 τῶν
3111 5369 3537 5440 ἐπηγγελμένων
3566 5371 3712 5424 ἀπό-

2126 5457 2323 5525 δειξις;
2364 5458 2438 5511 Τὸ
2488 5459 2657 5527 δεῖξαι
2708 5461 3096 5531 προῦφεστῶτα
3155 5463 3266 5518 τῶν
3310 5467 3459 5536 φωνῇ
3499 5482 3710 5537 κεχρη-

2131 5549 2327 5622 μένων,
2359 5551 2449 5605 τδν
2479 5550 2630 5607 Θεόν.
2670 5553 2734 5605 Ὃ
2777 5552 2876 5623 τῆς
2920 5555 3317 5628 άναντιρῤήτου
3351 5558 3445 5610 καὶ
3488 5551 3710 5627 θαυμα-

2129 5643 2260 5717 στῆς
2282 5642 2637 5713 ἀποδείξεωςῐ
2677 5644 2816 5719 αὐτη
2857 5648 3025 5718 ἐστὶν,
3072 5650 3105 5720 ἡ
3137 5649 3201 5702 ἐκ
3228 5649 3326 5721 τῆς
3354 5648 3709 5719 διαλεκτικῆς
