4010 6212
317 253 428 316 969

1460 267 1737 324 CONTRA
1774 265 2162 340 EUNOMIUM,
2203 272 2332 328 LIB.
2374 273 2487 330 XII.

3465 285 3569 342 370

312 364 519 469 cr:me
559 365 751 469 λογικὴ
795 376 1144 446 τεχνουργία;
1178 379 1320 451 Πρδς
1360 382 1426 451 ἢν
1455 381 1537 446 τίς
1562 383 1885 454 ἀντιϐλέψειε

1998 385 2350 458 disceptatrix
2409 388 2682 446 subtilitas
2741 401 2794 447 et
2854 393 3108 464 argutia?
3158 395 3408 467 Inquam
3444 401 3572 469 quis

313 455 425 511 τῶν
475 459 736 530 ἀμυήτων
786 463 885 534 τῆς
936 466 1248 539 ἀπορρήτου
1311 473 1670 539 παιδεύσεωςς
1733 477 1891 530 Ἀλλὰ

317 547 535 615 σεμνῶς
567 550 697 619 ἡμῖν
741 552 800 605 ἐν
831 557 951 619 ταῖς
999 562 1124 630 περὶ
1168 560 1264 630 τῆς
1304 564 1542 627 ἐπινοίας
1590 565 1892 630 διαστολαίς

317 635 449 689 αὐτὸ
480 637 822 710 διακωμῳδεῖ
863 647 961 715 τῆς
1011 648 1250 714 ἐπινοίας
1296 652 1354 704 τὸ
1399 652 1588 722 ὄνομα.
1627 655 1748 708 Τῶν
1787 657 1892 727 γὰρ

316 727 460 782 οὕτω
503 731 622 782 κατ’
651 731 895 787 ἐπίνοιαν
927 736 1252 809 λεγομένων,
1290 743 1456 814 φησί,
1495 744 1563 797 τὰ
1604 744 1721 814 μὲν,
1753 747 1894 799 κατὰ

315 821 415 890 τὴν
443 822 726 893 προφορὰν
766 824 924 893 μόνον
967 827 1078 898 ἔχει
1115 830 1211 900 τὴν
1248 831 1502 903 ὓπαρξιν,
1532 833 1608 897 ὡς
1631 835 1698 888 τὰ
1728 837 1893 906 μηδὲν

317 911 682 981 σημαίνοντασ
713 912 781 966 τὰ
816 915 871 967 δὲ
916 917 1037 969 κατ’
1081 919 1214 972 ἰδίαν
1249 921 1486 974 διάνοιαν
1509 939 1522 952 ·
1554 925 1647 977 καὶ
1689 925 1892 978 τούτων

314 1001 384 1052 τι
413 999 534 1068 μὲν,
583 1002 725 1054 κατὰ
775 1001 1023 1072 αὔξησιν,
1066 1006 1141 1070 ὡς
1181 1009 1274 1061 ἐπὶ
1303 1008 1411 1062 τῶν
1437 1010 1766 1064 κολοσσαίων
1787 1027 1799 1042 ο
1825 1011 1894 1064 τὰ

310 1091 368 1143 δὲ
397 1092 538 1144 κατὰ
570 1092 814 1162 μείωσιν,
841 1095 915 1158 ὼς
945 1098 1037 1148 ἐπὶ
1058 1097 1162 1150 τῶν
1193 1100 1484 1170 πυγμαίων
1505 1119 1519 1132 ·
1547 1102 1616 1155 τὰ
1652 1102 1709 1155 δὲ
1753 1103 1894 1157 κατὰ

311 1183 608 1253 πρόσθεσιν
627 1184 702 1248 ὡς
728 1187 820 1239 ἐπὶ
843 1187 949 1240 τῶν
973 1189 1379 1259 πολυκεφάλων,
1403 1193 1436 1262 ἢ
1459 1194 1599 1247 κατὰ
1623 1193 1890 1261 σύνθεσιν,

310 1274 388 1337 ὡς
427 1276 521 1328 ἐπὶ
560 1275 666 1329 τῶν
714 1277 1040 1350 μιξοθὴρων.
1097 1281 1260 1352 Ὁρᾷς
1301 1286 1380 1345 εἰς
1419 1283 1472 1335 τί
1515 1285 1613 1356 τὴν
1652 1285 1893 1338 ἐπίνοιαν

312 1369 445 1436 ἡμῖν
478 1370 508 1421 6
547 1368 708 1438 σοφὸς
742 1371 1170 1442 διακερματίσας
1203 1376 1511 1447 περαιτέρω
1539 1377 1636 1446 τὴν
1664 1377 1893 1446 δύναμιν

308 1459 484 1529 αὐτῆς
515 1462 794 1532 προελθεῖν
817 1465 916 1516 οὐκ
945 1464 1204 1533 ἠξίωσενο
1248 1469 1560 1539 ἀσήμαντον
1588 1467 1728 1523 εἷναί
1759 1487 1891 1538 φησι

308 1550 410 1620 τὴν
431 1552 696 1628 ἐπίνοιαν,
722 1556 1052 1628 ἀδιανόητον,
1078 1558 1148 1611 τὰ
1169 1560 1317 1630 παρὰ
1341 1560 1504 1628 φύσιν
1530 1561 1892 1632 σοφιζομένην

308 1639 341 1709 ἦ
381 1640 828 1705 διακολοϐοὖσαν,
863 1645 895 1715 ἢ
937 1646 1356 1716 ὑπερτείνουσαν
1384 1647 1452 1700 τὰ
1487 1647 1764 1719 ὡρισμένα
1798 1649 1892 1718 μέ-

308 1749 414 1800 τρα
434 1732 532 1801 τῆς
554 1733 841 1803 φύσεως,ἣ
871 1735 929 1801 ἐξ
959 1736 1268 1807 ἐτεροφυῶν
1290 1738 1640 1802 συντιθεῖσαν,
1665 1739 1697 1811 ἦ
1727 1757 1886 1811 τερα-
1918 1737 1958 1790 Β

307 1822 606 1893 τευομένην
651 1829 769 1888 ταῖς
798 1825 1104 1889 ἀλλοκότοις
1149 1828 1505 1899 προσθήκαις.
1558 1831 1646 1883 Ἑν
1679 1831 1886 1894 τούτοις

306 1917 653 1980 καταπαίξας
671 1918 765 1970 τοῦ
793 1917 892 1988 τῆς
921 1920 1159 1983 ἐπινοίας
1181 1919 1459 1989 ὀνόματος,
1485 1923 1754 1993 ἄχρηστον
1788 1924 1886 1976 αὐ-

305 2006 410 2076 τὴν
448 2007 540 2059 καὶ
565 2007 825 2078 ἀνόνητον
852 2010 931 2079 τῷ
962 2009 1060 2080 βίῳ
1081 2010 1142 2063 τδ
1161 2012 1279 2063 κατ’
1304 2011 1464 2064 αὐτὸν
1485 2013 1882 2066 ἀποδείκνυσιν.

308 2081 482 2150 ῐῘόθεν
521 2093 615 2152 οὖν
653 2099 762 2152 τῶν
808 2101 1145 2172 μαθημάτων
1185 2102 1254 2156 τὰ
1285 2102 1616 2176 ὑψηλότερας
1653 2104 1884 2178 Πόθενὴ

305 2190 641 2262 γεωμετρία,
669 2193 816 2264 καὶὴ
844 2193 1176 2265 ἀριθμητικὴ
1208 2194 1514 2264 φιλοσοφία,
1543 2197 1636 2249 καὶ
1664 2196 1774 2249 τῶν
1808 2197 1889 2249 λο-

305 2281 484 2349 γικῶν
510 2299 570 2334 τε
595 2284 689 2338 καὶ
716 2285 958 2352 φυσικῶν
991 2285 1363 2355 θεωρημάτων
1398 2289 1430 2358 ἡ
1455 2287 1796 2349 διδασκαλία.
1829 2291 1885 2344 αί

302 2372 365 2425 δὲ
388 2373 496 2424 τῶν
524 2374 932 2444 μηχανημάτων
956 2375 1233 2446 εὑρέσεις;
1261 2378 1369 2429 Καὶ
1390 2377 1456 2429 τὰ
1485 2378 1571 2431 διὰ
1594 2379 1798 2448 χαλκοῦ
1827 2398 1886 2433 τε

305 2466 402 2516 καὶ
427 2463 617 2528 ὕδατος
641 2467 698 2517 ἐν
719 2466 1078 2538 ὡροσκοπίοις
1104 2465 1388 2538 (induam;
1420 2469 1564 2540 Αὐτὴ
1586 2473 1618 2541 η
1646 2473 1772 2540 περὶ
1794 2471 1885 2526 τοῦ

301 2555 461 2618 δντος
483 2557 800 2627 φιλοσοφία,
832 2560 923 2613 καὶ
945 2562 978 2631 ἡ
1002 2561 1110 2614 τῶν
1147 2562 1352 2632 νοητῶν
1383 2563 1610 2636 θεωρία,
1641 2567 1735 2620 καὶ
1759 2567 1883 2620 συλ·

301 2647 510 2719 λήὅδην
542 2647 724 2718 φάναι.
745 2652 895 2705 πᾶσά
922 2669 980 2704 τε
1006 2654 1037 2722 ἡ
1065 2653 1184 2722 περί
1200 2653 1265 2706 τὰ
1285 2655 1495 2724 μεγάλα
1510 2673 1569 2708 τε
1593 2657 1688 2710 καὶ
1709 2657 1889 2729 ὑψηλὰ

302 2740 408 2807 τῆς
423 2740 600 2811 ψυχῆς
623 2742 846 2812 ἀσχολία
863 2761 877 2808 ;
907 2743 971 2796 Τί
993 2744 1048 2797 δὲ
1066 2745 1098 2814 ἡ
1117 2747 1358 2818 γεωργία
1375 2764 1389 2812 ;
1413 2747 1477 2800 Τί
1490 2747 1546 2800 δὲ
1564 2750 1594 2819 ἠ
1609 2749 1884 2818 ναυτιλίας

301 2831 373 2884 Τί
407 2831 464 2884 δὲ
494 2834 526 2903 ἡ
565 2832 722 2904 λοιπὴ
747 2833 888 2887 κατὰ
911 2835 1004 2908 τὸν,
1029 2835 1140 2905 βίον
1167 2836 1326 2907 ἡμῶι
1363 2839 1674 2908 οἰκονομίας
1719 2840 1887 2894 Πόθεν

304 2926 540 2997 βάσιμος
560 2928 636 2998 τῷ
657 2927 980 2999 ἀνθρώπῳή
1010 2929 1283 2996 θάλασσα;
1309 2931 1432 2995 Πῶς
1452 2931 1789 2988 δεδούλευται
1809 2934 1888 3006 τῷ

1997 476 2259 548 profanus
2289 493 2390 532 nec
2419 481 2633 535 areanis
2663 480 3187 543 doctrinaeinitiatus
3215 487 3530 545 obtuebitur
3549 495 3576 546 'I

1996 570 2103 624 Sed
2141 571 2381 640 graviter
2430 573 2589 628 nobis
2623 573 2675 627 in
2703 575 3025 633 diﬁ‘erentiis
3057 579 3172 635 sive
3201 580 3572 637 distinctioni-

1994 662 2097 716 bus
2128 662 2292 729 hujus
2333 663 2572 718 nominis
2612 665 2872 731 ἐπινοίας,
2924 672 3402 727 commentationis
3455 675 3573 728 sive
3652 722 3663 736 .

1994 754 2412 823 excogitationis
2493 755 2667 824 ipsum
2733 773 2929 813 nomen
3009 761 3251 825 ἐπινοίας
3309 765 3566 820 traducit.

1994 843 2217 908 Eorum,
2253 846 2448 915 inquit,
2484 864 2604 917 quas
2644 849 2944 903 secundum
2977 850 3239 917 ἐπίνοιαν,
3274 854 3326 908 id
3356 863 3461 917 est,
3501 871 3572 910 ex

1994 933 2276 989 hominum
2325 940 2780 994 commentatione
2833 939 3112 1002 dicuntur,
3150 942 3398 1011 quaedam
3453 947 3570 999 sola

1995 1025 2296 1095 prolatione
2324 1029 2656 1091 consistunt,
2692 1035 2749 1082 ut
2777 1044 2898 1097 qua:
2921 1030 3054 1082 nihil
3085 1031 3428 1101 signiﬁcant;
3464 1035 3570 1087 alia

1992 1131 2121 1170 vero
2191 1118 2409 1186 pr0pria
2465 1119 2862 1188 intelligentia:
2891 1129 2946 1173 et
2975 1119 3168 1174 horum
3214 1121 3319 1176 alia
3349 1123 3570 1193 quidem

1993 1221 2090 1275 per
2118 1208 2609 1277 ampliﬁcationem,
2639 1219 2696 1262 nt
2729 1210 2782 1262 in
2813 1211 3118 1276 colossicis,
3153 1212 3257 1266 alia
3281 1229 3380 1283 per
3410 1214 3573 1269 dimi-

1993 1298 2297 1364 nutionem,
2327 1309 2386 1354 ut
2419 1300 2471 1353 in
2496 1301 2772 1370 pygmzcis,
2803 1303 2906 1356 alia
2937 1319 3030 1372 per
3053 1306 3484 1374 appositionem,
3513 1318 3572 1360 ut

1992 1387 2049 1441 in
2089 1387 2529 1456 multicipitibus,
2560 1389 2643 1444 vel
2685 1406 2781 1459 per
2813 1392 3286 1462 compositionem,
3319 1402 3378 1448 ut
3405 1394 3460 1448 in
3487 1410 3576 1450 se-

1993 1473 2226 1530 miferis.
2262 1475 2428 1532 Vides
2455 1494 2716 1548 quorsum
2755 1479 2843 1534 hic
2869 1482 3088 1549 sapiens
3117 1483 3272 1538 nobis
3298 1484 3352 1536 in
3393 1485 3573 1538 minu-

1993 1566 2098 1622 tias
2119 1568 2444 1639 discerptam
2469 1571 2713 1625 ἐπίνοιαν
2743 1571 2972 1628 ulterius
3004 1573 3124 1643 ejus
3145 1575 3251 1628 vim
3277 1576 3574 1645 procedere

1994 1659 2188 1716 noluit.
2216 1660 2364 1716 Nihil
2399 1664 2578 1733 inquit
2629 1665 2872 1718 ἐπίνοιαν
2931 1665 3256 1736 signiﬁcare,
3288 1683 3450 1722 sensu
3481 1681 3574 1722 ca-

1985 1765 2126 1815 rere,
2153 1767 2216 1805 ea
2241 1769 2361 1821 quze
2407 1764 2534 1808 sunt
2592 1763 2788 1824 praiter
2819 1762 3069 1810 naturam
3097 1759 3343 1828 captiose
3374 1766 3563 1814 osten-

1986 1841 2226 1906 dentem,
2263 1844 2344 1898 vel
2373 1844 2774 1909 decurtantem,
2813 1847 2892 1899 vel
2917 1854 3125 1901 natura:
3167 1847 3423 1904 deﬁnitos
3448 1863 3566 1905 mo-

1987 1933 2088 1989 dos
2109 1937 2676 2004 superextendentem,
2702 1939 2785 1993 vel
2823 1953 2890 1994 ex
2925 1939 3156 1994 diversis
3192 1939 3384 1996 formis
3411 1955 3568 1996 com-

1987 2037 2297 2096 ponentem,
2322 2029 2406 2082 vel
2455 2030 2649 2084 alienis
2703 2031 3142 2100 monstrosisque
3191 2030 3568 2086 additionibus

1988 2123 2236 2186 portenta
2268 2116 2578 2188 ﬁngentem.
2610 2119 2665 2172 ln
2704 2119 2790 2175 his
2831 2119 3072 2183 ἐπινοίας
3089 2134 3290 2176 nomen
3320 2119 3592 2180 ludiﬁca-,

1987 2214 2076 2262 tus
2105 2207 2348 2262 inutilem
2380 2210 2553 2279 ipsam
2585 2225 2814 2281 prorsus
2835 2227 2898 2266 ac
2924 2211 3128 2286 nullius
3162 2212 3436 2268 commodi
3467 2211 3570 2266 hu-

1988 2314 2162 2355 mana:
2179 2301 2302 2356 vitae
2326 2317 2392 2357 ex
2430 2305 2546 2358 suis
2575 2304 2935 2360 demonstrat.
2982 2303 3137 2360 Unde
3159 2305 3326 2375 igitur
3345 2305 3568 2360 altiores

1987 2395 2327 2466 disciplinae?
2359 2397 2501 2453 unde
2528 2400 2846 2468 geometria,
2881 2407 2935 2456 et
2959 2399 3283 2454 numerandi
3313 2398 3564 2462 scientia,

1987 2488 2426 2544 sermocinalium
2485 2499 2539 2545 et
2589 2491 2917 2546 naturalium
2973 2501 3384 2560 perceptarum,
3451 2492 3570 2546 sive

1987 2579 2522 2648 speculamentorum
2575 2582 2870 2636 doctrina?
2921 2590 2974 2636 et
3007 2581 3565 2636 machinamentorum

1989 2669 2348 2736 inventiones,
2376 2678 2431 2725 et
2469 2686 2564 2741 per
2588 2686 2664 2726 aes
2693 2682 2746 2726 et
2789 2686 2984 2742 aquam
3028 2671 3082 2726 in
3115 2671 3475 2741 boroscopiis,
3511 2670 3567 2725 id

1989 2773 2073 2818 est
2100 2762 2358 2818 horarum
2388 2763 2882 2827 observationibus,
2911 2761 3223 2817 miracula?
3254 2761 3482 2833 ipsaque
3495 2760 3568 2817 de

1989 2869 2054 2909 eo
2086 2854 2231 2925 quod
2261 2863 2346 2910 est
2371 2853 2711 2925 philosophia
2730 2854 2754 2908 τ
2773 2862 2956 2924 atque,
2979 2851 3401 2924 intelligibilium
3428 2853 3568 2906 con—

1985 2947 2308 3016 templatio?
2338 2952 2540 3015 atque,
2597 2955 2654 3000 ut
2692 2944 3006 2999 summatim
3051 2943 3252 3006 dicam,
3301 2943 3480 2999 omnis
3507 2943 3563 2996 in

299 3018 550 3089 χερσαίῳ
572 3019 631 3071 τὸ
653 3019 928 3090 ἐναέριονς
952 3019 1073 3084 Πῶς
1095 3019 1472 3076 τιθασσεὺεται
1493 3023 1553 3076 τὸ
1572 3025 1844 3096 ἀνήμερον
1864 3045 1878 3094 ;

303 3109 433 3131 n3-
466 3108 755 3131 §__-!_)’___4-
798 3110 846 3131 -ι
892 3111 1432 3131 U_E-_'_---_AI1'-,
1501 3114 1513 3130 1
1603 3115 1616 3131 ν
1776 3117 1831 3131 οι-

1989 3035 2202 3105 magnis
2246 3043 2300 3090 et
2332 3035 2565 3090 excelsis
2610 3034 2777 3089 animi
2809 3029 3142 3114 occypatio?
3197 3033 3340 3100 Quid
3381 3042 3562 3089 autem

303 3109 433 3173 Πῶς
462 3108 760 3179 δαμάζεται
793 3110 854 3164 τὸ
887 3111 1286 3182 φοϐερώτεροη
1313 3112 1437 3176 Πῶς
1462 3114 1562 3167 οὐκ
1593 3115 1880 3186 ἀφηνιὰζει

297 3199 368 3252 τὸ
398 3201 743 3272 ἰσχυρότερον
763 3219 777 3266 ;
801 3197 924 3274 ⁷Λρ’
957 3204 1016 3256 οὐ
1050 3203 1114 3256 δι’
1147 3204 1388 3268 ἐπινοίας
1417 3206 1680 3278 ὲφευρέθη
1708 3210 1881 3265 ταῦτα

300 3291 484 3344 πάντα
515 3293 579 3362 τῇ
611 3291 926 3366 ἀνθρωπίνῃ
951 3293 1096 3365 Coiﬁ;
1129 3295 1283 3348 Ἔστι
1321 3293 1428 3367 γὰρ
1462 3297 1603 3350 κατὰ
1631 3298 1720 3352 τὸν
1749 3301 1878 3371 ἐμὸν

298 3383 464 3449 λόγον
489 3383 700 3436 ἐπίνοια
731 3384 916 3452 ἔφοδος
940 3384 1192 3456 εὑρετικὴ
1221 3385 1330 3439 τῶν
1363 3387 1758 3458 ἀγνοουμένων,
1792 3391 1880 3444 διὰ

295 3473 414 3527 τῶν
455 3473 735 3545 προσεχῶν
777 3493 835 3528 τε
866 3477 959 3529 καὶ
985 3475 1292 3529 ἀκολούθων
1323 3478 1388 3546 τῇ
1429 3479 1620 3548 πρώτῃ
1659 3479 1788 3550 περὶ
1818 3478 1880 3532 τὸ

301 3563 740 3634 σπουδαζόμενον
796 3567 1010 3636 νοήσει,
1066 3566 1128 3618 τὸ
1195 3565 1393 3636 ἐφεξῆς
1468 3567 1875 3638 ἐξευρίσκουσα.

299 3658 616 3726 Νοήσανπες
643 3659 751 3729 γάρ
772 3677 824 3711 τι
865 3658 992 3728 περὶ
1019 3655 1112 3710 τοῦ
1153 3655 1487 3726 ζητουμένου
1518 3661 1583 3728 τῇ
1615 3659 1755 3731 ἀρχῇ
1783 3661 1878 3715 τοῦ

295 3747 630 3819 ληφθέντος,
669 3752 756 3804 διὰ
786 3751 894 3803 τῶν
929 3749 1404 3822 ἐφευρισκομὲνων
1441 3750 1726 3820 νοημάτων
1754 3769 1881 3806 συν-

294 3842 636 3911 αρμόζοντες
679 3843 740 3895 τὸ
779 3840 1086 3904 ἀκόλουθον,
1119 3843 1196 3904 είς
1221 3841 1279 3894 τὸ
1305 3841 1477 3912 πέρας
1512 3841 1620 3894 τῶν
1649 3843 1882 3898 σπουδα-

294 3932 547 4002 ζομένων
577 3933 674 4003 τὴν
702 3934 1012 4004 ἐγχείρησιν
1044 3932 1270 4001 ἄγομεν.

1987 3125 2318 3196 agricultura
2345 3125 2368 3180 2
2396 3125 2524 3194 quid
2578 3123 2868 3194 navigandi
2918 3125 3144 3194 peritia?
3168 3123 3300 3193 quid
3348 3124 3559 3193 reliqua

1987 3218 2044 3272 in
2077 3217 2189 3272 vita
2211 3215 2584 3287 dispensatio?
2643 3215 2796 3272 Unde
2846 3217 3092 3286 pervium
3119 3216 3333 3270 homini
3375 3216 3564 3270 mare?

1986 3308 2269 3376 Quomodo
2301 3325 2330 3364 a
2349 3311 2592 3365 terrestri
2621 3307 2767 3380 quod
2807 3317 2891 3364 est
2921 3309 2977 3362 in
3003 3323 3130 3362 aere
3165 3309 3218 3362 in
3246 3308 3562 3363 servitutem

1984 3400 2264 3455 redactum
2291 3410 2376 3456 est
2396 3401 2420 3454 ?
2439 3399 2722 3467 Quomodo
2745 3400 2888 3471 quod
2910 3399 3087 3455 ferum
3122 3406 3205 3454 est
3249 3395 3567 3450 cit-uratur?

1986 3489 2271 3554 Quomodo
2293 3491 2547 3546 domatur
2582 3491 2729 3562 quod
2757 3500 2842 3548 est
2873 3491 3194 3547 horribilius
3218 3488 3244 3543 ‘1
3269 3486 3563 3552 Quomodo

1984 3578 2196 3634 frenum
2255 3597 2364 3636 non
2405 3582 2690 3648 detrectat,
2745 3591 2800 3638 et
2851 3583 3060 3652 respuit
3085 3579 3230 3650 quod
3281 3589 3366 3635 est
3394 3578 3562 3633 robu-

1983 3670 2122 3724 stius
2147 3671 2385 3725 ?Annon
2447 3687 2542 3741 per
2561 3673 2824 3735 ἐπίνοιαν,
2855 3673 2906 3727 id
2936 3680 3020 3726 est
3042 3671 3563 3746 commentationem

1982 3760 2095 3814 lucc
2175 3761 2354 3814 omnia
2430 3763 2556 3816 vitae
2622 3762 2875 3816 humanae
2948 3763 3164 3816 inventa
3225 3760 3398 3813 sunt?
3463 3757 3564 3814 Est

1980 3848 2127 3900 enim
2178 3847 2478 3902 secundum
2517 3864 2690 3902 meam
2727 3849 3097 3902 deﬁnitionem
3153 3845 3386 3910 ἐπίνοια,
3417 3846 3562 3900 ratio

1980 3938 2253 3994 inventrix
2279 3956 2466 3996 eorum
2489 3956 2609 4010 quae
2642 3941 2986 4010 ignorantur,
3014 3953 3111 4010 per
3139 3938 3469 3992 adhmrentia
3505 3946 3560 3992 et

293 4036 668 4084 consentanea
701 4030 887 4098 prima:
928 4027 994 4082 de
1038 4042 1102 4082 eo
1147 4028 1289 4096 quod
1319 4028 1562 4084 studiose
1625 4030 1908 4099 quaeritur,
1986 4036 2217 4100 notioni,
2261 4036 2405 4107 quod
2435 4037 2691 4105 deinceps
2718 4037 2964 4105 sequitur
3003 4033 3374 4092 adinveniens.
3424 4031 3557 4085 Nam

293 4134 426 4173 cum
491 4121 860 4174 intelleximus
885 4119 1086 4188 aliquid
1117 4119 1184 4173 de
1217 4134 1283 4173 eo
1307 4119 1454 4188 quod
1516 4123 1803 4190 qumritur,
1860 4138 1954 4193 per
1990 4127 2316 4197 principium
2365 4127 2486 4197 ejus
2532 4129 2677 4197 quod
2706 4135 2984 4196 sumptum
3033 4134 3136 4189 est,
3167 4142 3263 4198 per
3307 4139 3370 4180 ea
3396 4141 3558 4180 sensa

295 4224 423 4276 quae
456 4211 828 4275 inveniuntur,
868 4211 1014 4281 quod
1043 4225 1387 4280 consequens
1418 4220 1503 4266 est
1529 4211 1876 4282 adaptantes,
1917 4217 1983 4271 ad
2019 4220 2316 4273 terminum
2341 4233 2532 4274 eorum
2556 4218 2610 4272 in
2641 4217 2842 4287 quibus
2897 4217 3241 4274 elaboramus
3297 4223 3556 4272 conatum

293 4300 647 4357 adducimus.

370 4396 484 4450 Καὶ
511 4395 562 4447 τί
603 4411 690 4465 μοι
727 4395 794 4448 τὰ
837 4394 1005 4465 μείζω
1049 4395 1141 4448 καὶ
1167 4395 1469 4468 ὑψηλότερα
1499 4395 1607 4449 τῶν
1630 4394 1732 4466 τῆς
1758 4398 1877 4450 ἐπι·-

2051 4392 2118 4446 Ει
2140 4392 2268 4461 quid
2299 4393 2430 4446 mihi
2464 4407 2686 4448 necesse
2713 4402 2795 4447 est
2821 4391 3061 4455 ἐπινοίας
3087 4396 3553 4453 commentatione

293 4485 454 4548 νοίας
482 4485 920 4556 κατορθωμάτων
964 4485 1350 4556 ἁριθμείσθαις
1403 4485 1620 4553 Ἔξεστι
1662 4487 1771 4558 γὰρ
1797 4486 1876 4556 τῷ

299 4579 380 4648 μὴ
427 4577 741 4646 φιλονείκως
783 4576 956 4647 ἔχοντι
1003 4578 1138 4648 πρὸς
1189 4578 1285 4649 τὴν
1320 4578 1574 4650 ἀλήθειαν
1617 4579 1872 4641 κατιδεῖν,

293 4670 382 4721 ὃτι
413 4668 507 4720 καὶ
535 4667 601 4720 τὰ
629 4667 760 4721 ἄλλα
804 4669 977 4721 πάντα
1009 4669 1109 4722 ὅσα
1141 4667 1376 4740 βιωφελῆ
1424 4687 1481 4722 τε
1511 4669 1603 4723 καὶ
1633 4670 1874 4740 χρήσιμα

296 4761 366 4828 τῇ
396 4759 510 4828 ζωῇ
538 4758 646 4811 τῶν
669 4757 969 4829 ἀνθρώπων
999 4760 1027 4812 ὁ
1056 4759 1244 4829 χρόνος
1267 4759 1513 4831 ἐφεῦρεν,
1539 4761 1634 4832 οὐχ
1657 4761 1875 4831 ἑτέρως,

297 4851 441 4904 ἀλλὰ
459 4850 548 4903 διὰ
580 4851 680 4920 τῆς
711 4851 948 4914 ἐπινοίας
979 4849 1294 4922 ἐξηύρηται.
1328 4852 1435 4906 Καί
1466 4870 1555 4922 μοι
1582 4853 1729 4906 δοκεῖ
1747 4854 1880 4906 πάν-

297 4958 412 4994 των
458 4941 569 4995 τῶν
619 4942 758 4995 κατὰ
803 4942 901 5012 τὴν
945 4942 1087 5013 ζωὴν
1139 4942 1341 5012 ταύτην
1390 4944 1792 5014 ἐνεργουμένων
1821 4947 1879 5000 ἐν

297 5034 436 5104 ἡμῖν
469 5031 689 5097 ἀγαθῶν
715 5033 822 5086 τῶν
851 5036 972 5096 ταῖς
1002 5033 1201 5104 ψυχαῖς
1247 5033 1400 5103 ἡμῶν
1427 5035 1578 5104 παρὰ
1603 5036 1700 5106 τῆς
1731 5036 1879 5099 θείας

297 5121 648 5192 προμηθείας
677 5123 1112 5193 ἐνυπαρχόντων,
1143 5123 1240 5193 τὴν
1279 5123 1521 5176 ἐπίνοιάν
1563 5140 1644 5187 τις
1697 5141 1880 5194 προτι-

300 5213 544 5283 μοτέραν
579 5213 800 5284 κρίνων,
840 5213 914 5283 μὴ
946 5213 1011 5268 ἂν
1034 5213 1131 5282 τῆς
1163 5212 1476 5283 πρεπούσης
1507 5215 1737 5285 κρίσεως
1762 5215 1877 5268 δια-

291 5303 620 5373 ψευσθῆναι.
654 5306 811 5372 Λέγω
838 5305 902 5376 δὴ
935 5304 1105 5357 ταῦτα
1134 5304 1282 5375 παρὰ
1309 5305 1402 5358 τοῦ
1448 5304 1564 5358 ’1ὼὸ
1592 5305 1876 5376 διδαχθεὶς,

299 5396 362 5445 ἐν
394 5387 476 5458 οἷς
527 5397 555 5446 6
599 5392 730 5456 Θεὸς
760 5394 835 5463 τῷ
861 5395 1004 5462 λόγῳ
1040 5394 1351 5465 πεποίηται,
1385 5393 1471 5448 διὰ
1502 5393 1760 5458 λαίλαπος
1788 5397 1880 5449 καὶ

294 5484 502 5554 νεφῶν,
533 5483 612 5554 τῷ
640 5483 928 5551 θεράποντι
961 5483 1312 5555 χρηματίζων
1331 5502 1345 5516 ·
1373 5485 1442 5538 τά
1468 5502 1525 5539 τι
1547 5485 1680 5537 ἄλλα
1708 5483 1879 5554 λέγων

289 5578 402 5631 ὅσα
427 5576 549 5646 θεῷ
578 5577 784 5647 πρέπον
813 5572 878 5646 ἦν
907 5577 1105 5644 λέγειν,
1144 5576 1236 5628 καὶ.
1280 5577 1361 5629 ὅτι
1407 5578 1565 5640 αὐτὸς
1596 5577 1679 5647 είη
1707 5578 1736 5629 6
1760 5580 1880 5641 ταῖς

293 5669 522 5740 τέχναις
550 5670 849 5739 ἐπιστήσας
891 5668 979 5736 τὸν
1013 5669 1317 5736 ἄνθρωπον,
1350 5669 1444 5726 καὶ
1477 5669 1689 5739 γυναιξί
1725 5686 1880 5741 χαρι-

625 5785 897 5849 Ριιτιιοι..
929 5786 1046 5849 Gs.
1084 5785 1273 5849 XLV.

1983 4485 2244 4542 beneﬁcia
2279 4486 2486 4556 majora
2520 4494 2574 4560 et
2619 4485 2938 4540 sublimiora
2983 4485 3322 4540 numerando
3365 4503 3556 4543 recen-

1982 4577 2142 4633 sere?
2185 4575 2335 4632 Licet
2383 4577 2525 4631 enim
2565 4576 2772 4630 homini
2803 4590 2911 4630 non
2941 4575 3280 4631 contentioso
3309 4575 3377 4631 ad
3409 4580 3553 4632 veri-

1981 4678 2147 4725 tatem
2179 4669 2506 4740 perspicere,
2542 4668 2685 4738 quod
2715 4668 2820 4722 alia
2853 4668 3035 4722 omnia
3064 4683 3184 4737 qua:
3218 4668 3339 4722 vita:
3372 4668 3552 4722 homi-

1980 4775 2111 4814 num
2147 4760 2296 4814 utilia
2327 4767 2381 4814 ει
2413 4761 2722 4814 necessaria
2752 4768 2966 4830 tempus
2996 4759 3224 4822 invenit,
3261 4777 3368 4814 non
3391 4762 3554 4816 aliter

1978 4868 2140 4922 quam
2173 4853 2262 4906 διὰ
2302 4852 2402 4923 τῆς
2440 4852 2704 4916 ἐπινοίας,
2746 4851 2800 4905 id
2843 4859 2947 4914 est.
2999 4853 3457 4908 commentatione
3497 4863 3554 4907 et

1980 4944 2280 5000 subtilitate
2331 4943 2528 4997 mentis
2576 4943 2792 5004 inventa
2837 4950 2965 4995 sunt
3011 4951 3065 4997 et
3112 4943 3437 5012 excogitata.
3473 4944 3554 4998 Ac

1980 5035 2110 5089 mihi
2141 5035 2360 5106 quidem
2395 5033 2602 5088 videtur
2623 5033 2878 5089 omnibus
2907 5034 3062 5089 bouis
3094 5050 3215 5102 quae
3243 5035 3295 5088 in
3319 5033 3419 5088 hac
3439 5033 3551 5087 vita

1978 5127 2284 5184 elﬁciuntur
2312 5126 2366 5180 in
2399 5126 2578 5188 nobis,
2613 5141 2840 5196 quaeque
2868 5125 3065 5180 animis
3094 5124 3292 5180 nostris
3315 5139 3343 5176 a
3368 5124 3549 5179 divina

1980 5217 2322 5272 Providentia
2352 5217 2558 5279 insunt,
2580 5215 2677 5286 τὴν
2698 5214 2958 5278 ἐπίνοιαν,
2985 5214 3091 5266 vim
3124 5215 3549 5274 commentandi.

1979 5310 2099 5378 quis
2139 5309 2515 5376 pretiosiorem
2546 5316 2598 5362 et
2631 5306 3089 5361 honorabiliorem
3112 5305 3390 5374 judicans,
3439 5321 3547 5361 non

1979 5413 2011 5450 a
2051 5400 2274 5452 decente
2305 5406 2358 5451 et
2411 5405 2559 5451 recto
2594 5396 2801 5465 judicio
2851 5394 2989 5449 falso
3019 5395 3373 5452 aberraturus
3403 5412 3546 5452 esse.

1981 5487 2104 5544 "mc
2139 5497 2320 5543 autem
2351 5489 2473 5542 dico
2500 5503 2529 5541 a
2551 5487 2654 5542 Job
2681 5488 2927 5550 edoctus,
2962 5487 3014 5540 in
3047 5487 3244 5556 quibus
3269 5486 3408 5542 Deus
3439 5504 3545 5543 sers

1980 5596 2139 5636 moue
2169 5596 2262 5650 per
2286 5581 2530 5634 turbines
2551 5589 2603 5633 et
2628 5579 2802 5634 nubes
2824 5594 2982 5633 servo
3013 5579 3349 5648 respondens
3373 5578 3548 5633 lactus

1978 5679 2085 5738 est,
2124 5679 2246 5734 tum
2281 5671 2386 5725 alia
2433 5686 2554 5742 qua:
2601 5667 2770 5725 Deum
2817 5668 2971 5726 decet
3015 5667 3198 5723 dicere
3247 5668 3544 5737 proferens,

3195 5784 3270 5844 31
