4010 6212
410 277 509 333 97'!

419 487 564 545 fecit.
616 495 669 540 et
708 489 920 542 mulieri
962 491 1299 560 gratificatus
1331 506 1500 552 artem
1550 501 1766 556 texendi
1793 512 1847 558 et
1890 519 1991 558 acu

420 581 671 648 pingendi
708 580 1017 637 scientiam.
1066 584 1221 650 Quod
1260 590 1404 641 enim
1441 607 1546 646 non
1593 601 1716 647 actu
1755 595 1990 664 quodam

416 671 550 724 tales
580 678 726 726 artes
753 671 958 736 docuit.
1007 674 1122 745 ipse
1151 692 1331 747 opera)
1365 683 1682 750 prassidens,
1728 687 1991 755 quemad-

413 760 633 814 modum
687 762 740 816 in
786 763 875 820 his
903 780 1024 835 quae
1069 771 1425 838 corporaliter
1470 774 1770 829 edocentur
1807 776 1989 832 videre

414 852 560 914 licet,
610 855 802 911 nul-lus
853 858 1018 927 plane
1067 863 1477 927 contradixerit,
1537 867 1626 936 qui
1665 869 1903 924 carnalis
1935 879 1988 923 et

415 942 687 1002 belluinus
721 965 827 1005 non
872 951 943 1006 sit
974 968 986 1003 :
1013 938 1108 1008 sed
1156 956 1362 1011 dictum
1401 967 1484 1013 est
1529 960 1596 1012 ab
1638 961 1755 1029 ipso
1798 961 1985 1014 talium

411 1037 608 1091 artium
633 1040 789 1095 nobis
820 1042 1039 1097 insitam
1070 1061 1193 1102 esse
1220 1048 1545 1113 doctrinam,
1569 1052 1695 1121 quia
1724 1053 1982 1107 nimirum

410 1126 619 1202 dederit
646 1139 855 1184 naturae
880 1135 1222 1204 excogitandi
1251 1146 1304 1191 et
1329 1138 1636 1193 inveniendi
1660 1155 1721 1194 ea
1749 1156 1872 1211 qua;
1898 1141 1982 1195 in-

409 1220 735 1284 quiruntur,
785 1223 1092 1280 facultatem
1119 1266 1135 1292 ,
1189 1229 1378 1298 sicque
1420 1231 1537 1299 ipse
1585 1247 1683 1287 nos
1714 1233 1794 1288 .ad
1837 1241 1983 1289 artes

408 1312 654 1367 adduxit.
705 1314 769 1368 Et
799 1325 1028 1386 propter
1073 1334 1254 1374 causai
1302 1321 1567 1377 rationem
1617 1324 1880 1394 quidquid
1916 1340 1981 1379 ex

406 1404 665 1469 ἐπινοίας,
711 1407 762 1460 id
801 1418 881 1463 est
922 1413 1382 1467 contmenta'ione
1414 1415 1774 1485 excogitatur,
1810 1424 1864 1470 et
1896 1416 1979 1470 in-

406 1497 623 1549 venitur
648 1504 811 1567 atque
844 1499 1146 1568 perﬁcitur,
1183 1503 1236 1556 in
1272 1504 1572 1574 principem
1606 1505 1770 1574 hujus
1805 1506 1977 1562 facul-

407 1587 534 1641 tatis
557 1598 835 1644 auctorem
864 1589 1118 1646 refertur:
1146 1592 1224 1662 sic
1254 1593 1579 1648 medicinam
1608 1595 1718 1649 vita
1751 1596 1974 1663 invenit,

404 1687 780 1733 verumtamen
834 1679 926 1733 Dei
976 1680 1179 1735 donum
1231 1682 1553 1737 medicinam
1610 1684 1702 1754 qui
1756 1685 1972 1750 dixerit,

404 1868 622 1914 ventum
652 1868 759 1924 est,
803 1869 859 1917 et
888 1862 954 1917 ad
990 1863 1193 1932 aliquid
1223 1880 1411 1920 eorum
1442 1882 1563 1936 quae
1605 1868 1671 1922 ad
1704 1885 1890 1938 pacem
1921 1881 1975 1927 ct

404 1951 603 2005 bellum
640 1953 789 2007 utilia
842 1963 989 2018 sunt,
1026 1954 1305 2019 conducit.
1363 1972 1471 2012 non
1521 1959 1738 2016 aliunde
1787 1961 1976 2017 habuit

402 2044 631 2107 aditum,
660 2045 754 2099 sed
791 2060 946 2102 mens
973 2055 1057 2102 est
1083 2063 1204 2118 quae
1235 2049 1449 2119 singula
1483 2050 1658 2115 nobis,
1687 2062 1849 2123 prout
1880 2070 1975 2109 ua-

401 2141 537 2187 tum:
571 2147 772 2190 nosnrze
820 2138 1092 2206 congruit,
1128 2141 1401 2208 echgitat
1429 2149 1484 2196 et
1539 2142 1765 2199 invenit.
1823 2144 1973 2203 Mens

402 2232 581 2276 autem
615 2240 749 2292 opus
778 2223 868 2277 Dei
916 2233 1018 2279 est.
1055 2225 1224 2295 Igitur
1252 2242 1314 2282 ex
1352 2227 1460 2283 Deo
1503 2233 1684 2287 omnia
1726 2250 1846 2305 qua:
1877 2252 1992 2308 per-

400 2321 633 2367 meutcm
686 2314 844 2368 nobis
904 2317 1247 2385 suppeditata
1286 2329 1434 2376 sunt.
1480 2321 1635 2388 Quod
1690 2334 1868 2382 autem
1905 2329 1973 2384 ab

399 2405 730 2460 adversariis
761 2406 983 2472 dicitur,
1026 2407 1272 2465 fabulosa
1307 2409 1557 2482 figmenta
1587 2422 1640 2470 et
1689 2417 1970 2473 mendacia

398 2508 715 2568 portentosa
746 2499 846 2555 hac
871 2504 1332 2560 commentatione
1363 2511 1595 2560 conficta
1622 2524 1746 2564 esse
1770 2518 1823 2565 et
1846 2527 1973 2566 con-

399 2591 621 2659 scripta.
660 2606 833 2662 neque
862 2607 964 2663 ego
999 2592 1115 2664 ipse
1145 2594 1419 2667 refragor;
1458 2613 1585 2652 nam
1613 2600 1679 2654 ad
1720 2611 1970 2657 nostrum

398 2696 623 2752 scopum
653 2684 814 2738 etiam
849 2685 1063 2740 illorum
1104 2687 1244 2742 ratio
1282 2689 1518 2761 confert.
1556 2689 1795 2747 Dicimus
1826 2694 1969 2748 enim

399 2786 499 2826 nos
520 2773 762 2827 eamdem
784 2790 906 2830 esse
927 2778 1328 2832 contrariorum
1353 2781 1657 2848 scientiam,
1681 2792 1734 2838 et
1758 2786 1970 2840 utilium

396 2872 448 2916 et
480 2877 668 2917 eorum
701 2879 822 2933 qua:
854 2866 1132 2921 contrario
1165 2867 1327 2922 modo
1354 2883 1413 2925 se
1447 2869 1668 2935 habent,
1709 2882 1767 2926 ut
1800 2874 1970 2928 medi-

397 2954 596 3017 cinam,
628 2956 1090 3041 gubernatricetn,
1126 2966 1180 3013 ct
1209 2958 1254 3014 si
1281 2959 1411 3029 quid
1439 2962 1584 3016 aliud
1610 2963 1715 3017 tale
1739 2973 1842 3020 est.
1867 2965 1968 3032 Qui

1665 287 1719 342 S.
1767 285 2088 348 GREGORII
2144 294 2433 355 NYSSENI
3076 321 3103 335 ‘

418 406 541 463 cum
581 392 744 451 etiam
779 395 924 465 quod
953 398 1068 467 ipse
1096 399 1168 453 sit
1195 402 1288 471 qui
1313 404 1522 460 artibus
1553 407 1826 466 hominem
1861 427 1969 483 prae

2101 417 2329 488 σάμενος
2362 422 2660 494 ὑφαντικὴν
2709 443 2766 479 τε
2825 429 2913 482 καὶ

3565 322 3675 377 972

2962 430 3297 504 ποινι).τικὴν
3342 437 3675 511 ἐπιστήμην.

2100 504 2218 559 Ὅτι
2241 507 2350 576 γὰρ
2370 509 2469 561 οὐκ
2500 511 2749 583 ἐνεργείᾳ
2774 515 2881 568 τινὶ
2909 515 3005 580 τὰς
3031 519 3285 583 τοιαύτας
3310 504 3679 596 τέχνας

2093 592 2365 660 ἐδιδάξατο
2394 597 2555 661 αὐτὸς
2586 602 3000 673 προκαθήμενος
3044 607 3143 676 τῆς
3186 609 3470 677 ἐργασίας,
3506 592 3681 669 κᾶθά-

2092 697 2196 751 περ
2232 682 2289 733 ἐν
2337 686 2451 746 τοῖς
2494 689 2823 756 σωματικῶς
2865 691 3268 763 διδασκομένοις
3318 695 3467 751 ἔστιν
3515 700 3669 762 ίδεῖν,

2089 767 2261 829 οὐδεὶς
2288 769 2533 823 ἀντείποι
2581 772 2819 841 πάντως,
2871 777 2945 848 μὴ
2981 780 3233 850 σάρκινος
3268 782 3363 836 καὶ
3394 784 3674 856 κτηνὼδης

2087 869 2171 916 τις
2216 855 2311 909 ὢν.
2376 857 2536 910 Ἀλλὰ
2570 858 2675 930 μὴν
2702 863 2914 932 εἴρηται
2966 866 3095 936 παρ’
3137 867 3302 921 αὐτοῦ
3339 855 3672 941 γεγενῆσθαι

2087 942 2220 1011 ἡμῖν
2262 942 2367 995 τῶν
2401 944 2654 999 τοιούτων
2684 949 2886 1019 τεχνῶν
2923 954 2956 1022 η
3000 952 3303 1025 καθήγησις
3328 973 3342 987 ·
3393 958 3593 1012 οὐκοῦν
3641 963 3671 1014 δ

2084 1025 2207 1116 δοὺς
2253 1031 2317 1098 τῇ
2362 1029 2520 1098 φύσει
2563 1033 2663 1104 τὴν
2708 1035 3057 1109 ἐπινοητικὴν
3091 1041 3185 1094 καὶ
3229 1042 3515 1116 εὑρετικὴν
3557 1045 3670 1100 τῶν

2086 1114 2430 1187 ζητουμένων
2461 1120 2706 1192 δύναμιν,
2758 1126 2922 1189 αὐτὸς
2964 1128 3113 1198 ἡμᾶς
3154 1114 3307 1200 πρὸς
3333 1132 3433 1196 τὰς
3472 1114 3671 1205 τέχνας

2083 1202 2278 1272 ἧγαγε.
2313 1206 2421 1259 Καὶ
2452 1208 2531 1278 τῷ
2574 1209 2673 1279 τῆς
2699 1211 2879 1275 αίτίας
2920 1213 3064 1285 λόγῳ
3093 1217 3204 1270 πᾶν
3243 1217 3305 1271 τὺ
3333 1218 3394 1283 ἐξ
3422 1202 3669 1287 ἐπινοίας

2081 1290 2472 1362 εὐρισκόμενόν
2499 1311 2557 1347 τε
2585 1297 2679 1349 καὶ
2717 1299 3172 1372 κατορθούμενον,
3203 1306 3282 1368 είς
3305 1306 3396 1360 τὸν
3420 1308 3668 1380 ἀρχηγὸν

2083 1380 2185 1449 τῆς
2224 1380 2507 1468 δυνάμεως
2533 1383 2738 1456 ταύτης
2763 1388 3183 1461 ἐπαναφέρεται.
3217 1391 3401 1458 Οὕτως
3435 1397 3531 1449 καὶ
3562 1397 3664 1468 τὴν

2091 1466 2336 1538 ἰατρικὴν
2370 1469 2399 1520 6
2438 1468 2550 1537 βίος
2590 1470 2822 1542 εὖρατο’
2871 1473 2985 1528 ἀλλ’
3013 1476 3163 1548 ὅμως
3199 1479 3333 1534 Θεοῦ
3366 1481 3536 1552 δῶρον

2084 1554 2332 1626 ἰατρικὴν
2391 1554 2561 1608 εἰπών
2613 1575 2697 1620 τις
2755 1561 2853 1631 οὐχ
2906 1562 3304 1635 ἁμαρτήσεται.
3375 1569 3486 1622 Καὶ
3550 1572 3668 1624 πᾶν

2074 1903 2166 1958 νοῦ
2194 1903 2260 1957 τὰ
2279 1904 2397 1957 καθ’
2414 1904 2641 1959 ἕκαστον
2669 1907 2801 1977 ἡμῖν
2831 1910 3178 1984 καταλλήλως
3205 1913 3542 1980 ἐπινοοῦντος
3562 1919 3658 1970 καὶ

2075 1991 2507 2061 ἐφευρίσκοντος’
2532 1993 2654 2057 νοῦς
2673 1994 2728 2048 δὲ
2744 1995 2905 2066 ἔργον
2916 1996 3070 2055 Θεοῦ·
3090 2000 3285 2054 οὐκοῦν
3301 2002 3504 2060 ἐκΘεοῦ
3522 2005 3659 2059 πάν-

2073 2095 2141 2132 τα
2155 2079 2254 2131 ὅσα
2271 2078 2359 2131 διὰ
2373 2078 2465 2132 τοῦ
2481 2079 2573 2134 νοῦ
2589 2083 2720 2150 ἡμῖν
2738 2084 3078 2155 πεπόρισται·
3097 2086 3158 2140 τὸ
3169 2086 3225 2139 δέ
3241 2087 3495 2156 λέγεσθαι
3507 2092 3659 2162 παρά

2072 2166 2179 2219 τῶν
2210 2166 2545 2221 ὑπεναντίων
2574 2169 2641 2222 τὰ
2677 2169 2894 2242 μυθώδη
2935 2171 3229 2244 πλάσματα
3265 2178 3359 2230 καὶ
3385 2177 3455 2230 τὰ
3486 2177 3656 2248 ψευδῆ

2072 2253 2448 2325 τερατεύματα
2501 2257 2651 2326 παρὰ
2709 2257 2807 2327 τῆς
2838 2259 3080 2324 ἐπινοίας
3112 2260 3513 2335 λογοποιεῖσθαι
3565 2267 3660 2320 καὶ

2075 2340 2421 2404 πλάττεσθαι,
2433 2340 2554 2394 οὐδὲ
2566 2342 2727 2406 αὐτὸς
2749 2343 3010 2414 ἀντιλέγω
3029 2360 3043 2376 ⁸
3083 2347 3218 2419 πρὸς
3231 2350 3341 2423 γὰρ
3355 2351 3446 2404 τὸν
3460 2354 3493 2421 η
3499 2351 3661 2421 μέτε-

2077 2446 2166 2500 ρον
2185 2427 2383 2480 σκοπὸν
2401 2428 2495 2482 καὶ
2510 2429 2538 2480 ὁ
2553 2427 2773 2482 ἐκείνων
2787 2428 2941 2498 λόγος
2973 2433 3215 2504 συμφέρε
3223 2453 3329 2490 ται.
3353 2438 3537 2508 Φαμὲν
3552 2438 3658 2508 γὰρ

2073 2516 2166 2568 καὶ
2197 2517 2388 2585 ἡμεῖς,
2435 2514 2533 2585 τὴν
2564 2515 2736 2586 αὐτὴν
2781 2512 2922 2571 εἶναι
2962 2517 3070 2572 τῶν
3110 2521 3366 2576 ἐναντίων
3408 2525 3509 2595 τὴν
3537 2524 3658 2578 ἐπι·-

2073 2604 2304 2673 στήμην,
2337 2602 2442 2655 τῶν
2474 2619 2531 2656 τε
2563 2603 2877 2672 ἐπωφελῶν,
2917 2606 3010 2659 καὶ
3034 2607 3141 2660 τῶν
3175 2608 3250 2674 ὡς
3280 2610 3482 2681 ἑτέρως
3507 2612 3656 2681 ἐχόν-

2070 2708 2199 2755 των,
2231 2685 2341 2742 οἷον
2367 2692 2464 2763 τὴν
2493 2692 2761 2762 ἰατρικὴν,
2796 2692 3213 2768 κυϐερνητικὴν,
3241 2699 3333 2751 καὶ
3362 2700 3486 2752 εἴτι
3525 2700 3654 2754 ἄλλο

2070 2778 2305 2832 τοιοῦτόν
2328 2778 2491 2831 ἐστιν·
2522 2780 2550 2831 ὁ
2578 2780 2686 2850 γὰρ
2710 2779 2862 2844 εἰδὼς
2892 2782 3152 2855 βοηθῆσαι
3174 2788 3286 2850 τοῖς
3312 2788 3653 2858 ἀρρωστοῦσι

2072 2869 2156 2923 διὰ
2187 2869 2511 2940 φαρμάκων,
2544 2871 2791 2942 ἐπιγνοῐη
2826 2872 2911 2940 ἀν,
2951 2875 3107 2944 εἰπερ
3140 2877 3232 2929 ἐαιτλ⁵
3278 2876 3432 2948 κακῷ
3473 2878 3656 2948 χρῷτο

2072 2963 2137 3033 τῇ
2168 2962 2352 3034 τέχνῃ,
2402 2962 2494 3014 καὶ
2534 2964 2647 3025 τοῖς
2692 2963 3026 3030 ὑγιαίνουσιν
3053 2965 3299 3037 ἐντρίψαι
3329 2967 3391 3021 τὺ
3417 2968 3653 3041 δηλητή-

396 3046 539 3099 cnim
587 3048 737 3100 novit
778 3063 935 3119 opem
982 3046 1124 3105 ferre
1163 3053 1550 3121 aegrotantibus
1582 3070 1677 3125 per
1730 3057 1960 3111 medica-

2077 3072 2187 3127 ριον
2214 3071 2228 3085 ’
2284 3057 2377 3108 καὶ
2406 3058 2434 3109 ὁ
2478 3056 2613 3127 προς
2641 3058 2732 3111 τὸν
2758 3057 2948 3128 λιμένα
2975 3058 3261 3115 διευθύνων
3288 3061 3368 3132 τῷ
3407 3062 3653 3134 πηδαλίῳ

400 3147 598 3203 menta,
634 3141 841 3194 noverit
867 3140 1030 3196 etiam
1068 3142 1145 3212 (si
1185 3144 1402 3214 quidem
1441 3152 1557 3201 arte
1588 3147 1641 3201 in
1671 3148 1968 3218 perniciem

397 3230 545 3283 abuti
573 3231 730 3298 velit)
767 3232 919 3287 sanis
944 3233 1282 3289 mortiferum
1313 3252 1578 3292 venenum
1604 3240 1883 3310 ingerere;
1916 3249 1970 3296 et

398 3320 490 3389 qtti
539 3321 605 3374 ad
652 3331 866 3391 portum
912 3326 1282 3393 gubernaculo
1317 3329 1588 3399 navigium
1637 3330 1863 3401 dirigit,
1901 3333 1966 3387 ad

396 3425 527 3464 saxa
557 3410 717 3465 etiam
749 3413 967 3468 latent’a
996 3425 1050 3471 et
1080 3417 1360 3486 paululum
1405 3418 1724 3483 eminentia,
1757 3428 1811 3475 et
1844 3434 1967 3476 sco-

397 3501 555 3571 pulos
584 3503 856 3573 appellere
891 3506 1113 3575 poterit,
1148 3508 1207 3561 si
1232 3506 1335 3562 hoc
1367 3507 1415 3562 ci
1448 3508 1597 3563 cordi
1632 3509 1796 3564 fuerit
1832 3510 1966 3567 insi-

396 3594 546 3647 diose
583 3595 809 3664 perdere
848 3596 1184 3668 navigantes.
1223 3596 1288 3652 Et
1320 3600 1495 3669 pictor
1546 3600 1732 3656 eadem
1762 3612 1878 3659 arte
1912 3604 1965 3659 in

394 3685 576 3738 tabula
620 3686 1039 3758 pulcherrimam
1090 3689 1317 3745 formam
1366 3694 1626 3758 odeudit,
1672 3704 1731 3751 ct
1776 3712 1968 3754 rursus

394 3778 762 3847 turpissimam
796 3779 1076 3837 evidenter
1108 3783 1353 3840 imitatus
1382 3794 1499 3841 est:
1553 3788 1632 3842 sic
1672 3788 1966 3858 pzedotriba

2077 3148 2137 3201 τὸ
2166 3149 2392 3220 σκάφος,
2440 3149 2711 3202 εύθύνειεν
2753 3149 2818 3203 ἂν
2852 3151 2944 3204 καὶ
2976 3152 3066 3205 ἐπὶ
3095 3154 3347 3225 χοιράδας
3383 3154 3418 3225 ἣ
3451 3156 3649 3208 σκοπέ-

2077 3239 2221 3303 λους,
2269 3241 2317 3292 εἰ
2358 3240 2514 3293 τοῦτο
2541 3241 2747 3308 γένοιτο
2777 3242 2928 3310 φίλον
2959 3243 3124 3315 αὐτῷ,
3155 3245 3215 3299 τὸ
3256 3247 3322 3300 δι’
3357 3246 3650 3316 ἐπιϐουλῆς

2074 3326 2380 3400 διαφθεῖραι
2420 3330 2545 3392 τοὶς
2575 3330 2855 3395 πλέοντας.
2904 3333 3012 3387 Καὶ
3041 3336 3069 3388 ὁ
3101 3332 3388 3405 ζωγράφος
3417 3338 3487 3407 τῇ
3512 3337 3648 3407 αὑτῇ

2075 3419 2233 3491 τέχνῃ
2253 3420 2351 3491 τήν
2370 3437 2426 3474 τε
2452 3421 2743 3493 καλλίστην
2762 3425 2976 3496 μορφὴν
2996 3426 3086 3480 ἐπὶ
3108 3426 3199 3480 τοῦ
3216 3428 3441 3491 πίνακος
3460 3427 3646 3493 ἔδειξε,

2075 3511 2168 3565 καὶ
2198 3514 2295 3584 τὴν
2319 3513 2601 3583 αἰσχίστην
2634 3514 2793 3569 πάλιν
2824 3517 3067 3588 ἐναργῶς
3094 3519 3400 3590 ἐμιμήσατο
3420 3535 3435 3548 ο
3478 3520 3650 3584 οὔτως

2072 3605 2102 3656 ὁ
2128 3602 2476 3675 παιδοτρίϐης
2503 3604 2561 3658 τὸ
2588 3604 2997 3678 ἐξηρθρωμένον
3032 3609 3193 3680 μέλος
3233 3610 3318 3664 διὰ
3363 3611 3462 3681 τῆς
3503 3611 3651 3664 ἀλει-

2075 3696 2273 3765 πτικῆς
2302 3697 2587 3767 ἐμπειρίας
2617 3698 2904 3769 ἐνήρμοσε,
2940 3701 3033 3753 καὶ¹
3068 3701 3127 3754 τδ
3156 3703 3397 3772 ὑγιαῖνον
3429 3705 3478 3771 ει
3519 3702 3645 3774 βού-

2076 3789 2219 3843 λοιτο
2248 3788 2335 3841 διὰ
2361 3790 2459 3858 τῆς
2484 3788 2651 3860 αὐτῆς
2679 3790 2870 3860 τέχνης
2900 3791 3188 3863 ἐξῆρμοσε.

394 3872 509 3924 sive.
554 3873 821 3942 palaestra:
869 3875 1144 3946 magister,
1199 3880 1500 3935 membrum
1557 3882 1799 3937 luxatum
1855 3885 1969 3941 sive
2008 3898 2105 3941 sua
2142 3883 2271 3938 sede
2308 3872 2538 3946 morum,
2609 3885 2841 3955 ungendi
2894 3889 3083 3957 peritia
3157 3902 3523 3961 congruenter
3566 3905 3667 3947 τοι

393 3965 595 4032 stituit;
649 3975 701 4020 et
753 3966 894 4036 quod
940 3966 1075 4023 bene
1118 3968 1300 4031 habet.
1348 3970 1393 4025 si
1442 3972 1588 4037 Vi'lil,
1640 3973 1827 4028 eadem
1868 3984 1984 4029 arte
2012 3973 2343 4029 deartuabit.

464 4054 521 4107 Et
558 4055 686 4125 quiti
719 4072 856 4128 opus
889 4067 973 4112 est
997 4059 1209 4125 singula
1238 4063 1573 4116 recensendo
1604 4064 1826 4118 multam
1850 4080 1966 4120 ora-

393 4147 538 4201 tione
564 4149 775 4203 turbam
801 4149 1099 4226 inducere?
1132 4149 1198 4206 Ut
1225 4152 1390 4223 igitur
1415 4153 1498 4211 bis
1520 4170 1640 4226 quae
1668 4155 1813 4211 dicta
1836 4166 1967 4212 sunt

393 4238 572 4293 nullus
603 4224 1019 4304 contradixerit,
1056 4255 1180 4296 eum
1213 4243 1304 4313 qui
1347 4252 1517 4299 artem
1540 4224 1791 4317 aliquam
1817 4247 1947 4302 didi

390 4332 545 4387 cerit.
589 4334 653 4386 ad
684 4333 734 4386 il
762 4333 905 4405 quod
933 4342 1016 4388 est
1047 4336 1242 4390 melius
1282 4337 1639 4405 efficiendum,
1677 4355 1838 4410 posse
1865 4355 1959 4395 ea-

2144 4067 2253 4119 Καὶ
2296 4066 2348 4118 τί
2381 4064 2486 4138 χρὴ
2513 4065 2579 4118 τὰ
2613 4065 2731 4119 καθ’
2771 4067 2997 4122 ἕκαστον
3024 4069 3251 4139 λέγοντα
3294 4073 3462 4127 πολὺν
3489 4074 3647 4144 δχλον

2071 4153 2381 4223 ἐπεισάγειν
2413 4153 2488 4225 τῷ
2530 4155 2673 4226 λόγῳ
2702 4174 2715 4222 ;
2771 4156 2859 4219 Ὠς
2883 4156 3057 4211 τοίνυν
3084 4160 3178 4213 ἐπὶ
3206 4160 3314 4214 τῶν
3340 4164 3647 4234 εἰρημένων

2069 4246 2167 4299 οὐκ
2205 4247 2269 4301 ἀν
2301 4262 2383 4309 τις
2412 4247 2673 4312 ἀντείποι,
2705 4247 2796 4301 τὸν
2831 4248 2966 4318 πρὸς
3015 4249 3076 4303 τὸ
3126 4254 3369 4322 κρεῖττον
3400 4255 3644 4327 ἐνεργεῖν

2072 4336 2425 4409 μεμαθηκῧτα
2474 4338 2665 4407 τέχνην
2696 4339 2816 4393 τινὰ
2861 4338 3114 4394 δύνασθαι
3157 4341 3223 4395 ἂν
3263 4346 3331 4414 τῇ
3377 4345 3511 4416 αὐτῇ
3548 4348 3643 4401 καὶ

389 4426 510 4477 dem
552 4432 667 4510 arte
686 4424 758 4479 a1
788 4440 850 4479 ea
883 4440 1006 4496 quae
1033 4440 1140 4480 non
1179 4429 1510 4482 conveniunt
1538 4427 1816 4485 ellicienda
1850 4431 1958 4485 uti:

2075 4428 2208 4499 πρὸς
2232 4429 2300 4483 τὰ
2332 4430 2405 4500 μὴ
2432 4429 2617 4483 δέοντα
2641 4430 2965 4502 χρήσασθαι.
2999 4431 3185 4498 Οὕτως
3215 4435 3391 4505 φαμὲν
3544 4439 3646 4508 τῆς

390 4517 468 4571 sic
500 4516 733 4571 dicimus
767 4517 872 4572 vim
917 4519 1179 4585 ἐπινοίας,
1217 4522 1715 4588 commentationis,
1762 4523 1829 4580 ad
1866 4525 1964 4580 bo-

389 4619 518 4656 num
552 4605 767 4673 quidem
818 4622 848 4663 a
883 4606 990 4663 Deo
1027 4608 1278 4664 humanae
1311 4618 1521 4666 natura:
1552 4612 1778 4668 inditam
1808 4630 1959 4683 esse;

388 4694 739 4751 abutentibus
793 4713 923 4754 vero
981 4700 1283 4756 inventrice
1337 4701 1593 4759 facultate
1653 4705 1959 4761 ministram

2063 4520 2299 4583 ἐπινοίας
2322 4521 2419 4589 τὴν
2440 4520 2665 4591 δύναμιν
2687 4520 2771 4574 ἐπ’
2792 4523 2982 4594 ἀγαθῷ
3011 4524 3112 4594 μὲν
3141 4525 3472 4581 ἐντεθεῖσθαι
3491 4532 3646 4599 παρὰ

2062 4611 2156 4665 τοῦ
2187 4609 2322 4664 Θεοῦ
2362 4613 2427 4682 τῇ
2458 4611 2769 4688 ἀνθρωπίνῃ
2795 4614 2951 4683 φύσει
2980 4631 2993 4643 ·
3042 4618 3543 4687 κατακεχρημένων
3586 4619 3646 4672 δὲ

2061 4702 2222 4756 τινῶν
2251 4705 2316 4774 τῇ
2346 4704 2666 4777 ἐφευρετικῇ
2703 4705 2948 4776 δυνάμει,
2979 4706 3223 4761 διάκονον
3254 4708 3512 4774 πολλάκις
3545 4712 3649 4764 καὶ

388 4801 531 4854 sepe
582 4796 634 4842 et
690 4790 1046 4846 inventricem
1095 4791 1210 4847 ﬁeri
1263 4794 1536 4848 inutilium
1595 4796 1961 4852 inventorum.

2075 4795 2322 4865 συνεργὸν
2343 4794 2587 4863 γίνεσθαι
2612 4797 2720 4851 τῶν
2742 4798 3030 4867 ἀνωφελῶν
3054 4802 3398 4872 εὑρημάτων.
3430 4804 3651 4857 Οὐκοῦν

389 4876 754 4941 Quamobrem
795 4894 902 4933 non
948 4882 1204 4952 quoniam
1238 4883 1372 4938 falsa
1414 4892 1468 4940 et
1500 4900 1606 4940 non
1645 4886 1961 4941 exsistentia

388 4968 744 5038 probabiliter
799 4979 973 5039 potest
1010 4973 1219 5028 ἐπίνοια
1275 4975 1606 5049 conﬁngere,
1665 4979 1786 5035 ideo
1842 4996 1963 5050 qua»

388 5077 515 5116 vere
546 5068 673 5118 sunt
699 5071 750 5117 et
787 5078 911 5120 vere
941 5066 1212 5135 substant,
1248 5071 1578 5130 perscrutari
1611 5086 1717 5127 non
1751 5083 1957 5144 potest;

387 5155 479 5209 scd
514 5155 624 5211 lucc
658 5156 773 5227 ipsa
826 5157 1070 5227 aptitudo
1098 5167 1152 5213 et
1191 5161 1445 5219 babilitas
1483 5177 1645 5234 quam
1697 5164 1857 5222 habet
1892 5168 1957 5222 ad

385 5245 677 5311 ejusmodi,
726 5247 898 5316 atquis
927 5255 981 5303 et
1015 5248 1171 5305 bonis
1226 5249 1498 5307 facultatis
1536 5253 1602 5307 ad
1640 5253 1771 5309 illud
1801 5256 1957 5311 testi-

389 5336 631 5388 monium
655 5345 757 5392 est.
784 5338 939 5405 Quod
961 5339 1104 5394 enim
1128 5343 1463 5412 propositum
1488 5350 1571 5398 est
1594 5343 1659 5397 ad
1681 5358 1958 5414 paverent,

385 5425 468 5476 vel
521 5426 687 5480 animi
738 5429 1153 5485 oblectationem
1192 5432 1426 5503 aliquam
1472 5433 1781 5489 videntibus
1812 5435 1962 5488 cien—

385 5512 510 5570 dam
546 5524 598 5567 et
632 5520 968 5583 movendam,
1015 5524 1472 5579 commentatione
1516 5539 1621 5578 non
1656 5539 1844 5581 carere
1892 5525 1957 5580 ad

388 5602 442 5657 id
491 5601 572 5655 ναὶ
614 5604 827 5659 iendum
881 5611 1024 5677 quod
1077 5613 1423 5679 elaboratur;
1480 5615 1573 5671 sed
1633 5615 1713 5670 vel
1760 5615 1960 5672 multas

388 5706 583 5745 manus
614 5703 663 5746 et
692 5695 855 5746 multa
885 5699 1058 5764 cap’ta
1085 5699 1346 5757 habentes
1374 5703 1641 5773 homines,
1668 5706 1749 5760 vel
1780 5706 1955 5779 ignem

2061 4886 2162 4941 οὐκ
2193 4886 2378 4957 ἐπειδὴ
2409 4886 2629 4941 δύναται
2673 4888 2742 4942 τὰ
2782 4888 2948 4960 ψευδῆ
2998 4892 3092 4944 καὶ
3126 4892 3446 4963 ἀνύπαρκτα
3475 4894 3647 4947 πιθα-

2062 4978 2165 5042 νῶς
2200 4980 2233 5050 ἡ
2279 4979 2487 5033 ἐπίνοια
2515 4979 2881 5044 διαπλάσσειν,
2923 4979 3009 5036 διά
3038 4980 3196 5035 τοῦτο
3221 4981 3287 5036 τὰ
3311 4982 3477 5045 ὅντως
3510 4983 3649 5038 εντα

2063 5070 2153 5124 καὶ
2210 5070 2423 5141 ἀληθῶς
2478 5072 2762 5140 ὑφεστῶτα
2812 5073 3184 5146 διερευνᾶσθαι
3248 5073 3308 5127 οὗ
3369 5073 3643 5129 δύναταιο

2061 5162 2174 5217 ἀλλ’
2204 5165 2237 5233 ἡ
2277 5162 2410 5231 πρὸς
2438 5163 2496 5216 τ’)
2529 5163 2762 5217 τοιοῦτον
2802 5164 3190 5237 ἐπιτηδειότης,
3221 5165 3498 5237 μαρτυρία
3525 5169 3647 5232 τοῖς

2061 5253 2363 5323 εὐγνώμοσι
2383 5254 2481 5317 τῆς
2510 5254 2645 5322 πρὸς
2671 5256 2843 5308 ἐκεῖνο
2866 5255 3145 5327 δυνάμεως
3170 5258 3398 5325 γίνεται.
3430 5258 3503 5311 Τὸ
3530 5258 3650 5329 γὰρ

2062 5345 2393 5414 προθέμενον
2429 5359 2530 5397 κατ
2548 5343 2764 5414 ’πληξιν
2793 5347 2904 5408 τοῖς
2931 5345 3128 5416 δρῶσιν
3157 5346 3188 5417 ἦ
3223 5346 3492 5416 θυμηδίαν
3515 5349 3646 5403 τινα

2066 5435 2477 5507 μηχανήσασθαι
2521 5435 2620 5504 τῆς
2670 5436 2804 5506 πρὸς
2832 5436 2891 5490 τὸ
2923 5438 3354 5509 σπουδαζόμενον
3394 5439 3643 5504 ἐπινοίας

2065 5525 2138 5595 μὴ
2165 5525 2468 5595 ἀπορῆσαι·
2519 5525 2632 5578 ἀλλ’
2659 5527 2690 5596 ἢ
2728 5526 3052 5599 πολύχειράς
3082 5545 3234 5592 τινας
3261 5528 3294 5600 ἢ
3332 5528 3643 5598 πολυκεφά-

2060 5616 2202 5679 λους,
2236 5615 2268 5685 ἢ
2303 5615 2411 5686 πῦρ
2447 5616 2725 5681 πνέοντας,
2752 5618 2784 5689 ἢ
2817 5618 3123 5690 δρακόντων
3154 5620 3330 5683 ὁλκοῖς
3353 5636 3643 5673 συνεσπει-

2065 5708 2329 5780 ραμένους
2363 5709 2716 5780 εἰδοποιῆσαι,
2751 5710 2782 5781 ἢ
2821 5711 2955 5782 πρὸς
2986 5710 3047 5767 τὸ
3089 5711 3272 5783 μεῖζον
3310 5711 3503 5783 ἐξᾶραι
3531 5711 3636 5783 τὴν
