4010 6212
254 257 362 317 975

1373 267 1656 325 CONTRA
1687 267 2077 341 EUNOMIUM,
2117 271 2244 328 LIB.
2288 274 2404 331 XII.

2332 158 2364 179 ..4

3411 284 3516 343 97ῑ

254 375 618 450 συμμετρίαν,
643 378 676 450 ἢ
698 378 1087 434 διακολοδῶσαι
1112 382 1248 455 πρὸς
1267 383 1328 437 τὸ
1348 374 1557 453 γελοῖον
1574 384 1644 439 τὰ
1668 386 1842 459 μέτρα

1955 391 2242 460 spirantes,
2278 392 2360 447 vel
2400 392 2702 448 draconum
2746 395 2912 465 spiris
2953 395 3230 453 involutos
3260 396 3522 457 simulare

251 471 353 542 τῆς
380 470 619 540 φύσεως,
653 471 686 543 ἢ
716 473 899 543 πηγάς
920 477 1044 537 τοὺς
1068 474 1387 548 ἀνθρώπούς
1416 479 1507 531 καὶ
1531 478 1722 550 δένδρα
1745 482 1840 533 καὶ

251 561 417 634 δρνεα
449 563 702 629 γενέσθαι
746 563 835 617 διά
883 566 1184 638 μεταϐολῆς
1224 568 1607 640 διηγήσασθαι,
1658 573 1728 625 δι’
1767 566 1842 627 ὧν

254 656 373 707 ἐστι
412 654 771 724 ψυχαγωγίαν
814 658 936 710 τινὰ
981 659 1108 721 τοὺς
1154 659 1240 713 διά
1282 662 1390 713 τῶν
1433 662 1689 717 τοιούτων
1719 664 1843 734 ἡδο-

258 745 455 814 μένους
495 745 678 816 εὑρεῖν
703 759 718 773 ⁸
768 748 1171 820 ἐναργεστάτην
1203 749 1477 815 ἀπόδειξιν
1510 748 1651 806 εἷναί
1699 771 1842 824 φημι

255 834 348 888 τοῦ
390 836 483 887 καὶ
515 835 582 888 τὰ
611 836 844 907 κρείττω
874 838 981 892 τῶν
1013 839 1351 910 μαθημάτων
1376 840 1635 896 δύνασθαι
1662 843 1729 898 ἂν
1755 844 1842 899 διά

256 928 355 997 τῆς
397 928 689 997 εὑρετικῆς
725 927 1005 998 δυνάμεως
1051 933 1406 1000 κατανοῆσαι.
1459 932 1534 984 Οὑ
1564 933 1675 1005 γάρ
1706 934 1844 1005 πρὸς

258 1016 362 1087 μὲν
402 1018 501 1088 τὴν
551 1017 658 1069 τῶν
689 1017 1054 1089 ἀνυπάρκτων
1087 1018 1373 1073 διάπλασιν
1402 1020 1622 1092 ἐντελὴς
1654 1024 1785 1093 ημῖν
1816 1025 1845 1075 ὁ

255 1107 383 1170 νοῦς
411 1107 669 1178 παράτοῦ
697 1107 986 1172 δεδωκότος
1008 1109 1294 1180 ἐμπέφυκε
1311 1127 1324 1141 °
1360 1112 1495 1182 πρὸς
1526 1112 1585 1165 δὲ
1611 1113 1710 1184 τὴν
1735 1114 1844 1168 τῶν

253 1199 593 1271 ψυχωφελῶν
641 1198 889 1272 εὖρεσιν,
938 1200 1195 1271 οὐδεμίαν
1242 1202 1467 1274 δύναμιν
1522 1205 1843 1276 ποριστικὴν

254 1294 367 1346 τῶν
416 1291 836 1345 λυσιτελούντων
883 1293 1245 1364 κεκλήρωται.
1307 1295 1466 1348 Ἀλλά
1511 1295 1764 1367 καθάπερ
1808 1299 1842 1367 ὴ

256 1382 533 1452 ὁρμητικὴ
566 1382 658 1433 καὶ
686 1384 1041 1453 προαιρετικὴ
1069 1382 1171 1454 τῆς
1200 1384 1378 1455 ψυχῆς
1410 1384 1569 1455 ἡμῶν
1593 1385 1842 1456 δύναμις,

258 1473 403 1527 κατά
440 1473 540 1542 μὲν
590 1472 651 1525 τὸ
681 1474 1088 1545 προηγούμενον
1138 1475 1273 1546 πρὸς
1312 1476 1410 1546 τὴν
1436 1475 1543 1530 τῶν
1574 1475 1754 1530 καλῶν
1784 1493 1844 1529 τε

260 1565 356 1617 καὶ
372 1565 591 1633 ἀγαθῶν
607 1564 790 1633 ἔφεσιν
809 1565 1281 1635 ὲγκατεσκευάσθη
1298 1569 1365 1637 τῇ
1380 1566 1559 1635 φύσεισ
1579 1568 1843 1637 χρήσαιτο

258 1655 304 1709 δ’
340 1655 405 1707 ἀν
439 1672 522 1718 τις
552 1655 645 1707 καὶ
667 1654 803 1725 πρὸς
817 1654 885 1708 τὰ
917 1655 990 1725 μὴ
1012 1654 1199 1708 δέοντα
1233 1657 1300 1727 τῇ
1335 1656 1558 1727 τοιαύτῃ
1590 1660 1801 1727 κινήσει
1826 1674 1841 1688 ·

1943 491 1997 538 et
2029 483 2249 552 fingere,
2277 484 2360 537 vel
2390 484 2443 538 in
2475 484 2654 553 majus
2696 495 2958 541 staturam
2985 488 3263 554 extollere,
3304 491 3388 545 vel
3419 507 3512 546 na-

1943 581 2081 627 tura“;
2106 573 2296 627 modos
2322 572 2388 626 ad
2426 574 2715 630 ridiculum
2739 577 3047 642 decurtarc,
3080 580 3162 633 vel
3195 579 3444 637 homines
3467 583 3520 636 in

1942 665 2144 726 fontes,
2171 672 2224 718 et
2255 666 2500 727 arbores,
2547 674 2601 720 et
2639 681 2767 722 aves
2808 668 3230 725 transformatos
3272 686 3520 735 narrare.

1943 765 2040 822 per
2064 767 2185 823 quae
2210 753 2332 807 licet
2362 768 2458 808 eos
2498 756 2589 824 qui
2632 757 2835 812 talibus
2863 756 3205 813 delectantur
3234 761 3400 815 animi
3431 776 3525 817 so-

1943 845 2134 898 latium
2166 845 2383 915 aliquod
2414 858 2469 901 et
2508 848 2818 903 illecebram
2870 850 3136 914 invenire,
3176 850 3524 908 evidentissi-

1944 950 2090 988 mum
2124 949 2249 990 esse
2291 948 2670 1006 argmnentum
2706 938 2852 1003 dico,
2878 936 3142 1008 ~aliquem
3196 955 3362 1010 posse
3402 958 3526 1013 quae

1946 1025 2155 1094 majora
2189 1035 2320 1081 sunt
2342 1035 2395 1082 et
2427 1030 2803 1096 pmslantiora
2838 1030 2891 1083 in
2923 1030 3253 1101 disciplinis,
3307 1033 3410 1087 hac
3442 1035 3527 1088 in-

1943 1116 2186 1171 ventrice
2232 1118 2492 1174 facultate
2531 1121 2865 1191 excogitare.
2899 1120 3018 1176 Non
3049 1123 3195 1177 enim
3227 1123 3295 1179 ad
3334 1140 3524 1181 eorum

1945 1220 2067 1275 quae
2105 1221 2214 1262 non
2258 1209 2569 1264 subsistunt
2605 1210 2858 1280 figmenta
2901 1212 3142 1281 perfecta
3177 1214 3336 1272 nobis
3371 1231 3527 1273 mens

1946 1299 2015 1351 ab
2062 1313 2128 1353 eo
2165 1300 2259 1369 qui
2306 1298 2476 1362 dedit,
2524 1301 2841 1370 ingenerata
2888 1310 3001 1367 est;
3045 1302 3115 1356 ad
3163 1319 3352 1359 eorum
3395 1320 3526 1360 vero

1945 1402 2066 1457 quae
2091 1389 2332 1451 animum
2374 1390 2590 1458 juvant,
2623 1391 3018 1456 inventionem,
3061 1394 3266 1448 nullam
3302 1393 3530 1450 facultao

1947 1483 2053 1530 tem
2093 1477 2305 1531 utilium
2336 1468 2819 1563 suppeditatricem
2856 1483 3049 1537 sortita
3077 1491 3183 1539 est.
3208 1483 3315 1538 Sed
3339 1500 3529 1556 quem-

1947 1567 2239 1623 admodum
2269 1570 2552 1641 impultrix
2576 1579 2629 1627 et
2650 1575 2872 1629 electrix
2900 1576 3069 1628 animi
3097 1577 3268 1632 nostri
3295 1576 3528 1633 facultas

1948 1660 2222 1730 prazcipue
2255 1660 2323 1714 ad
2374 1662 2731 1718 honestorum
2765 1672 2817 1719 et
2866 1665 3132 1720 bonorum
3165 1668 3461 1737 appetitum
3494 1684 3529 1724 a

262 1749 355 1804 καὶ
407 1748 508 1801 οὑκ
538 1749 601 1802 ἀν
644 1766 724 1812 τις
773 1747 917 1800 εἴποι
960 1744 1054 1800 τοῦ
1103 1746 1239 1817 πρὸς
1293 1746 1459 1817 μηδὲν
1500 1747 1705 1816 άγαοδν
1749 1749 1848 1819 τὴν

1955 1757 2145 1803 natura
2174 1751 2442 1806 instructa
2474 1761 2580 1817 est,
2611 1754 2747 1808 nihil
2787 1764 2967 1809 tamen
2998 1756 3224 1826 impedit
3254 1760 3387 1828 quin
3428 1759 3530 1813 ali-

261 1841 586 1911 προαίρεσιν
614 1840 822 1910 ῥέπειν,
851 1841 1151 1911 τεκμήριον
1179 1835 1398 1892 εἶναιτὸ
1419 1841 1553 1910 πρὸς
1578 1839 1645 1893 τά
1667 1839 1846 1909 φαῦλά

262 1949 392 1985 ποτε
420 1933 520 2001 τὴν
550 1932 722 2002 ῥοπὴν
744 1931 890 2002 ἔχειν
922 1949 935 1961 ·
985 1930 1158 1994 οὕτως
1187 1931 1280 1985 καὶ
1304 1933 1337 2000 ἠ
1372 1931 1500 2001 περὶ
1532 1933 1601 1983 τά
1642 1931 1847 2002 μάταιά

259 2039 318 2076 τε
355 2024 448 2075 καὶ
493 2022 725 2093 ἀνόνητα
757 2024 853 2094 τῆς
889 2023 1125 2086 ἐπινοίας
1172 2022 1403 2093 κίνησις,
1450 2021 1511 2075 οὑ
1545 2021 1847 2092 κατηγορία

257 2116 363 2183 τῆς
397 2115 534 2185 πρὸς
564 2114 627 2168 τδ
657 2116 924 2186 χρήσιμον
974 2114 1275 2183 ἀδυναμίας
1328 2113 1499 2178 ἐστὶν,
1552 2112 1670 2165 ἀλλ’
1713 2112 1847 2165 ἀπό-

257 2205 431 2270 δειξις
480 2205 688 2273 γίνεται
737 2204 830 2258 τοῦ
878 2205 973 2258 καὶ
1023 2202 1158 2275 πρὸς
1205 2204 1272 2256 τά
1309 2200 1605 2274 ψυχωφελῆ
1655 2219 1713 2255 τε
1754 2202 1847 2255 καὶ

256 2299 545 2366 ἀναγκαῖα
576 2298 649 2369 μὴ
682 2298 964 2367 ἄπρακτος
1002 2293 1162 2350 εἶναι.
1212 2296 1297 2360 Ὠς
1327 2295 1437 2365 γὰρ
1473 2293 1695 2365 ἐξεῦρεν
1732 2295 1848 2347 ἐκεῖ

257 2389 321 2443 τὺ
353 2390 489 2461 προς
515 2389 706 2460 ἡδονὴν
729 2389 760 2459 ἦ
785 2388 1139 2465 κατάπληξιν,
1164 2387 1335 2452 οὕτως
1361 2388 1453 2441 καὶ
1479 2384 1712 2439 ἐνταῦθα
1736 2385 1847 2439 τῶν

258 2482 404 2554 πρὸς
444 2482 541 2553 τὴν
574 2482 829 2552 ἀλήθειαν
860 2481 1063 2549 ἐφόδων
1096 2480 1193 2548 οὑχ
1235 2480 1632 2549 ἁμαρτήσεται.
1670 2478 1767 2531 Ἐν
1790 2477 1848 2530 δὲ

258 2575 373 2629 τῶν
406 2573 753 2645 ζητουμένων
781 2566 870 2643 ἦν,
903 2573 951 2625 εί
995 2570 1054 2624 τὸ
1092 2570 1304 2642 πρῶτον
1347 2568 1539 2631 αἴτιον,
1584 2569 1613 2622 ὅ
1646 2571 1791 2623 ἐστιν
1818 2568 1847 2620 δ

258 2664 418 2727 Θεὸς,
447 2664 698 2734 ἀνάρχως
731 2663 898 2729 ἐστὶν,
940 2662 974 2734 ἦ
1006 2679 1151 2725 τινος
1192 2662 1365 2733 ἀρχῆς
1396 2658 1701 2731 ἐξημμένον
1734 2658 1848 2729 ἔχει

256 2757 322 2809 τὸ
358 2751 521 2808 εἶναι.
566 2754 973 2817 Καταλαδόντες
1008 2754 1065 2806 δὲ
1092 2757 1157 2825 τῇ
1204 2754 1434 2826 διανοίᾳ,
1470 2754 1546 2825 μὴ
1590 2752 1847 2807 δύνασθαι

259 2844 486 2914 πρῶτον
516 2839 657 2897 εἶναι
699 2844 760 2897 τὸ
811 2843 871 2909 ἐξ
904 2843 1091 2915 ἐτέρου
1137 2844 1444 2917 νοούμενον,
1476 2847 1848 2917 ἐπενοήσαμεν

254 2936 442 3008 ὖνομα
471 2938 572 3007 τῆς
596 2936 849 3006 τοιαύτης
881 2939 1189 3009 ἐμφατικῆς
1232 2938 1570 3010 ὑπολήψεως,
1619 2939 1711 2992 καί
1741 2955 1846 3007 φα-

256 3047 370 3101 μεν
418 3030 511 3082 τὸν
566 3031 693 3084 ἀνευ
736 3032 916 3095 αίτίας
955 3031 1357 3100 ὑπερκειμένης
1398 3031 1559 3095 ὄντα,
1597 3031 1850 3101 άνάρχως

259 3122 449 3175 εἴτουν
476 3122 783 3192 ἀγεννήτως
811 3118 949 3175 εἶναι
967 3140 979 3153 ο
1034 3122 1126 3175 τὸν
1154 3123 1208 3175 δὲ
1238 3120 1409 3185 οὑτως
1439 3121 1590 3188 ὄντα,
1622 3122 1850 3193 ἀγέννη-

257 3228 361 3264 τον
392 3212 488 3264 καὶ
535 3212 766 3281 ἀναρχον
797 3211 1178 3283 ὠνομάσαμεν,
1227 3212 1287 3265 οὑ
1337 3211 1390 3264 τί
1419 3211 1586 3277 ἔστιν,
1634 3212 1770 3266 ἀλλά
1798 3215 1851 3267 τί

260 3305 370 3358 οὐκ
396 3303 568 3369 ἔστιν,
595 3303 684 3357 διά
708 3304 800 3358 τοῦ
827 3304 1093 3375 ὀνόματος
1125 3303 1540 3375 ἐνδεικνύμενοι.
1583 3304 1669 3369 Ὡς
1709 3304 1753 3358 δ’
1786 3304 1852 3359 ἂν

265 3395 513 3466 μάλιστα
541 3396 851 3465 καταφανὲς
885 3395 946 3449 τὸ
972 3395 1141 3465 ὄνομα
1166 3394 1395 3463 γένοιτο,
1434 3395 1502 3448 δι’
1533 3395 1855 3466 ὑποδείγμα-

262 3503 362 3550 τος
389 3487 781 3558 ἐναργεστέρου
817 3486 1167 3558 παραστῆσαι
1217 3486 1567 3557 πειράσομαι.
1612 3488 1855 3541 Δεδόσθω

266 3579 403 3650 περὶ
428 3578 646 3652 δένδρου
670 3579 815 3643 τινός
851 3575 991 3633 εἶναι
1033 3579 1130 3649 τὴν
1159 3578 1405 3649 ζήτησιν,
1440 3580 1550 3631 εἴτε
1596 3580 1855 3646 φυτευτόν

262 3674 445 3737 ἐστιν,
475 3672 508 3744 ἦ
535 3673 853 3743 αὐτομάτως
876 3671 1182 3742 γενόμενον.
1216 3672 1278 3724 Ei
1307 3671 1405 3742 μὲν
1429 3665 1520 3724 οὑν
1549 3671 1612 3724 ἐκ
1633 3671 1857 3740 φυτείας

266 3764 385 3833 εῐη,
412 3764 675 3832 φυτευτδν
706 3764 926 3825 πάντως
962 3762 1335 3833 προσεροῦμεν
1354 3763 1414 3816 τὸ
1446 3762 1683 3833 δένδρον,
1715 3764 1764 3816 εί
1800 3763 1857 3817 δὲ

267 3854 621 3924 αὐτομάτως,
673 3852 976 3924 ἁφύτειῐτον
1008 3871 1021 3885 ο
1078 3854 1141 3907 τὸ
1176 3854 1239 3924 δὴ
1273 3853 1512 3908 τοιοῦτον
1553 3854 1724 3923 ὄνομα
1767 3855 1859 3908 καὶ

264 3946 373 4015 τῆς
404 3945 664 4014 ἀληθείας
707 3943 765 3998 οὑ
792 3945 1195 4016 διασφάλλεται.
1242 3945 1463 4008 Πάντως
1495 3945 1658 4018 γάρῆ
1687 3945 1860 4009 οὕτως

267 4037 305 4108 ἢ
341 4038 549 4108 ἑτέρως
596 4037 748 4091 ἔσται
784 4038 844 4091 τδ
875 4037 1109 4109 δένδρον,
1153 4039 1245 4091 καὶ
1272 4035 1364 4089 τοῦ
1397 4036 1569 4106 φυτοῦ
1599 4039 1697 4107 τὴν
1728 4038 1862 4092 ιδιά-

268 4130 478 4194 ζουσαν
526 4128 627 4181 οὑκ
669 4128 997 4182 ἐνδείκνυται
1046 4128 1227 4197 φύσιν.
1282 4129 1356 4181 Τὸ
1409 4130 1509 4199 μὲν
1556 4129 1665 4199 γάρ
1702 4129 1861 4181 αὑτο·

269 4220 434 4290 φυῶς
466 4215 627 4285 εἶναι,
646 4218 735 4272 διὰ
761 4218 855 4273 τοῦ
888 4219 1189 4288 ἀφυτεύτου
1225 4219 1505 4290 ἐμάθομεν
1524 4235 1538 4248 '
1573 4219 1622 4271 εί
1648 4218 1703 4272 δὲ
1733 4218 1864 4271 πλά-

1946 1835 2073 1903 quis
2099 1835 2192 1889 tali
2220 1835 2551 1906 impulsione
2576 1839 2642 1892 ad
2665 1855 2728 1895 ea
2759 1858 2881 1910 qua:
2907 1860 3012 1897 non
3037 1846 3194 1900 decet
3219 1848 3296 1900 uti
3333 1849 3506 1917 possit

1946 1937 2123 1993 neque
2165 1926 2290 1995 quis
2332 1925 2553 1992 dixerit,
2603 1940 2813 1984 certum
2848 1944 3231 2003 argumentum
3267 1948 3321 1991 et
3362 1936 3529 1993 indu-

1945 2015 2175 2068 bitatum
2199 2016 2414 2087 signum
2441 2034 2564 2074 esse
2593 2022 2738 2090 quod
2769 2023 2964 2080 electio
2992 2026 3198 2080 nullum
3229 2027 3296 2082 ad
3325 2030 3528 2084 bonum

1948 2114 2157 2175 vergat,
2186 2108 2312 2177 quia
2348 2108 2414 2162 ad
2450 2111 2593 2165 mala
2621 2113 2919 2183 aliquando
2964 2127 3300 2173 momentum
3334 2121 3531 2177 habeat

1946 2205 1999 2251 et
2029 2196 2266 2252 declinet
2289 2217 2304 2253 :
2331 2199 2409 2253 sic
2439 2200 2601 2255 etiam
2646 2204 2774 2259 licet
2813 2206 2881 2259 ad
2923 2206 3106 2262 inania
3140 2216 3195 2262 et
3232 2210 3407 2265 futilia
3445 2214 3533 2267 in-

1948 2288 2090 2358 genii
2135 2291 2356 2345 solertia
2399 2304 2702 2355 moveatur,
2750 2296 2876 2351 inde
2924 2305 3104 2353 tamen
3136 2304 3385 2357 accusari
3421 2319 3532 2358 non

1948 2378 2108 2434 debet
2153 2379 2490 2451 impotentia
2538 2384 2605 2439 ad
2660 2385 2715 2439 id
2749 2387 2895 2456 quod
2933 2388 3065 2443 utile
3099 2398 3184 2445 est
3222 2399 3274 2445 et
3304 2391 3531 2460 bonum,

1949 2470 2062 2525 imo
2094 2486 2225 2528 vero
2287 2473 2340 2528 id
2386 2483 2570 2543 aperte
2617 2476 2978 2541 demonstrat.
3021 2481 3166 2550 quod
3217 2482 3332 2537 haec
3367 2484 3437 2537 ad
3467 2499 3533 2539 ea

1948 2575 2071 2630 quae
2124 2550 2309 2639 animo
2362 2573 2590 2632 prosunt
2636 2574 2689 2620 et
2736 2568 3050 2624 necessaria
3103 2580 3253 2635 sinit,
3304 2588 3413 2627 non
3462 2575 3536 2629 slt

1948 2652 2126 2706 otiosa
2156 2660 2211 2706 et
2239 2653 2408 2711 iners.
2438 2654 2505 2710 Ut
2532 2657 2676 2711 enim
2710 2659 2820 2713 illic
2851 2660 3079 2725 invenit,
3103 2664 3247 2732 quod
3283 2665 3348 2717 ad
3378 2666 3536 2720 volu-

1948 2750 2154 2812 ptatem
2181 2745 2265 2800 vel
2299 2755 2578 2816 stuporem
2609 2749 2846 2812 confert,
2896 2752 2978 2807 sic
3012 2755 3177 2807 etiam
3210 2755 3298 2807 hic.
3325 2755 3411 2810 .ab
3449 2756 3537 2813 his

1948 2853 2073 2907 quae
2125 2837 2196 2893 ad
2240 2840 2522 2895 veritatem
2579 2842 2721 2896 viam
2763 2852 3039 2910 sternunt,
3092 2862 3197 2900 non
3233 2848 3533 2904 abcrrabit.

1950 2929 2154 2986 Eorum
2209 2939 2390 2986 autem
2448 2948 2570 3002 qua:
2633 2935 3020 3003 quaerebantur
3063 2946 3182 2991 erat
3231 2954 3421 3003 unum,
3489 2939 3537 2995 si

1951 3024 2130 3093 prima
2184 3039 2353 3080 causa
2401 3041 2523 3095 quae
2568 3025 2710 3081 Deus
2750 3035 2854 3090 est,
2899 3028 3110 3098 origine
3144 3039 3312 3096 caret,
3355 3031 3438 3086 vel
3469 3046 3537 3086 ex

1902 3113 1919 3134 ‘
1953 3115 2139 3185 aliquo
2188 3116 2462 3187 principio
2510 3118 2825 3188 dependens
2865 3121 3031 3176 habet
3065 3136 3207 3176 esse.
3241 3122 3310 3175 At
3356 3131 3540 3177 mente

1952 3206 2336 3276 percipientEs.
2383 3223 2490 3262 non
2524 3225 2688 3279 posse
2715 3210 2945 3279 primam
2993 3223 3216 3267 causam
3245 3229 3367 3269 esse
3393 3215 3538 3284 quod

1953 3312 2017 3351 ex
2061 3297 2235 3352 altero
2271 3298 2611 3368 intelligitur,
2660 3303 3093 3371 excogitavimns
3140 3320 3336 3359 nomen
3375 3307 3542 3374 hujus

1954 3405 2229 3459 expressae
2256 3390 2498 3446 notionis
2519 3391 2936 3460 declarativum,
2962 3404 3019 3449 et
3045 3397 3279 3452 dicimus
3303 3414 3427 3469 eum
3448 3402 3541 3467 qui

1955 3488 2039 3535 est
2072 3480 2280 3552 absque
2327 3483 2772 3554 superemineute
2816 3502 3010 3554 causa,
3052 3488 3172 3545 sine
3221 3491 3438 3561 origine
3488 3500 3546 3546 et

1958 3574 2250 3646 principio,
2281 3576 2400 3632 sive
2431 3578 2678 3648 ingenito
2706 3580 2868 3636 modo
2897 3597 3041 3637 esse.
3077 3580 3215 3637 Eum
3237 3590 3420 3638 autem
3451 3583 3545 3652 qui

1958 3666 2039 3722 sic
2065 3677 2169 3733 est,
2202 3669 2497 3741 ἀγέννητον
2522 3674 2616 3726 καὶ
2640 3672 2899 3744 ἀναρχον.
2931 3674 2984 3729 id
3013 3686 3115 3741 est,
3157 3677 3451 3746 ingenitum
3486 3686 3541 3731 et

1959 3768 2223 3815 carentem
2251 3761 2530 3829 principio,
2557 3764 2996 3820 nominavimus:
3029 3781 3136 3821 non
3156 3767 3285 3834 quid
3314 3776 3420 3827 est.
3449 3766 3546 3821 sed

1960 3853 2091 3921 quid
2123 3866 2231 3907 non
2259 3861 2345 3907 est
2373 3852 2478 3909 hoc
2508 3853 2729 3909 nomine
2755 3854 3100 3923 indicantes;
3133 3864 3191 3910 ut
3223 3863 3405 3910 autem
3439 3856 3546 3912 hoc

1962 3957 2158 3997 nomen
2220 3943 2527 3998 clarissime
2581 3943 2876 4010 eluccscat,
2937 3946 3189 4014 exemplo
3241 3946 3547 4002 illustriore

1963 4034 2206 4087 conabor
2226 4034 2444 4089 docere.
2472 4034 2637 4089 Detur
2662 4036 2731 4091 de
2755 4037 2938 4107 aliqua
2969 4038 3167 4094 arbore
3190 4040 3546 4110 quaestionem

1962 4141 2105 4187 esse,
2138 4134 2320 4179 utrum
2351 4126 2520 4180 sativa
2565 4135 2650 4180 est
2683 4142 2751 4180 an
2785 4136 2981 4197 sponte
3015 4137 3143 4182 nata
3174 4140 3229 4184 ct
3275 4129 3550 4199 agrestis?

1965 4217 2022 4270 Si
2055 4215 2222 4287 igitur
2251 4233 2315 4272 ex
2347 4217 2685 4286 plantatione
2719 4218 2902 4283 fuerit,
2939 4221 3169 4275 salivam
3204 4236 3431 4292 prorsus
3461 4235 3551 4276 ar-

267 4328 464 4375 τανος,
490 4311 525 4380 ἢ
552 4310 815 4381 ἄμπελος,
838 4311 873 4381 ἢ
895 4310 1020 4366 ἄλλο
1041 4329 1092 4364 τι
1121 4310 1231 4364 τῶν
1254 4310 1510 4364 τοιούτων
1541 4309 1721 4377 φυτῶν
1747 4312 1853 4364 ἐστι

1965 4309 2152 4364 berem
2178 4309 2673 4378 pronuntiabimus,
2702 4310 2748 4365 si
2775 4322 2974 4381 sponte
2998 4312 3118 4367 fusa
3144 4320 3200 4369 et
3231 4312 3400 4379 edita,
3434 4326 3549 4368 non

266 4403 340 4456 τὸ
378 4400 729 4472 δηλούμενον,
762 4400 851 4454 διά
882 4401 980 4470 τῆς
1007 4399 1263 4472 τοιαύτης
1304 4398 1603 4470 ὀνομασίας
1631 4399 1731 4452 οὑκ
1760 4399 1853 4453 ἐδι-

1968 4400 2233 4454 satiram:
2276 4401 2385 4454 tale
2438 4415 2636 4454 nomen
2687 4416 2717 4455 a
2749 4403 2976 4458 veritate
3020 4419 3127 4459 non
3160 4404 3398 4466 aberrat,
3430 4418 3553 4458 om-

269 4494 587 4565 δάχοημεν.
1971 4492 2100 4546 nino
2145 4494 2313 4553 enim.
2375 4490 2457 4546 vel
2511 4493 2613 4558 sic,
2669 4494 2754 4549 vel
2804 4494 2962 4549 aliter
2993 4496 3094 4550 erit
3122 4496 3306 4560 arbor,
3352 4496 3555 4566 plantae

269 4597 467 4642 autem
534 4593 784 4639 naturam
852 4583 1178 4654 peculiarem
1248 4597 1357 4637 non
1419 4582 1660 4649 indicat;
1733 4594 1856 4633 nam
1898 4591 2092 4650 sponte
2124 4590 2305 4635 natam
2341 4583 2592 4637 arborem
2624 4599 2768 4648 esse.
2800 4585 2926 4653 quia
2958 4600 3067 4639 non
3135 4586 3210 4639 sit
3237 4594 3374 4650 sata,
3437 4586 3555 4641 sive

273 4688 558 4757 plautata,
608 4683 936 4749 didicimus;
982 4681 1028 4735 si
1057 4688 1238 4734 autem
1282 4680 1562 4751 platanus,
1631 4678 1717 4735 vel
1789 4678 1936 4740 vitis.
1977 4680 2060 4733 vel
2106 4679 2297 4732 talium
2355 4680 2664 4749 plantarum
2705 4689 2791 4736 est
2831 4696 2896 4736 ea
2935 4696 3056 4751 qua:
3084 4680 3415 4746 declaratur,
3456 4695 3556 4752 per
3650 4706 3669 4719 κ

270 4785 452 4839 talem
481 4778 915 4838 nominationem
948 4792 1057 4832 non
1089 4775 1404 4834 didicimus.

354 4875 421 4928 Ei
441 4873 508 4945 δὴ
538 4873 786 4942 νενόηται
819 4869 881 4925 τὸ
906 4870 1229 4940 ὑπόδειγμα,
1266 4870 1453 4942 καιρὸς
1480 4867 1545 4923 ἂν
1580 4868 1667 4939 εἴη
1702 4885 1868 4939 μετα-ο

269 4967 511 5021 διόἀσαι
537 4965 629 5019 τὸν
653 4964 810 5034 λόγον
841 4963 933 5016 ἐπί
976 4961 1037 5014 τὸ
1066 4964 1301 5033 πρᾶγμα
1344 4955 1403 5014 οὑ
1448 4960 1509 5013 τὺ
1540 4960 1866 5030 ὑπόδειγμα.

271 5060 361 5113 Τὸ
389 5059 609 5130 πρῶτον
638 5056 808 5113 αἴτιον
856 5053 917 5119 ἐξ
960 5054 1215 5123 οὐδεμιᾶς
1256 5051 1655 5123 ὑπερκειμένης
1684 5051 1871 5113 αίτίας

170 5198 175 5207 .
276 5151 435 5221 ἔχειν
456 5150 519 5201 τὸ
548 5144 689 5201 εἶναι
716 5144 1147 5215 κατελαϐόμεθα.
1179 5144 1282 5196 Τὸν
1301 5139 1395 5194 οὖν
1415 5141 1724 5211 ἀγεννήτως
1742 5141 1874 5194 ὄντα

272 5245 445 5306 θεὸν,
483 5244 562 5304 εἰς
603 5241 865 5312 ὀνόματος
891 5239 1058 5292 τύπον
1085 5238 1182 5305 τὴν
1219 5235 1427 5288 ἔννοιαν
1457 5233 1657 5304 ταύτην
1694 5234 1875 5305 παρά·

275 5350 502 5403 τοντες,
556 5333 847 5403 ἀγέννητον
896 5328 1275 5399 ὠνομάσαμεν.
1337 5327 1459 5378 Ὅτι
1511 5326 1608 5395 μὲν
1652 5323 1745 5379 οὖν
1786 5325 1875 5379 διὰ

274 5427 560 5494 γενέσεως
592 5425 695 5477 οὑκ
739 5423 903 5485 ἐστιν,
947 5425 1010 5476 ἐκ
1050 5419 1149 5489 τῆς
1173 5417 1268 5472 τοῦ
1295 5418 1556 5488 ὀνόματος
1586 5417 1875 5488 ἐμφάσεως

279 5515 646 5586 ἐδηλώσαμεν
667 5532 681 5545 ·
730 5513 865 5583 αὑτὴ
901 5513 957 5566 δέ
984 5515 1016 5583 ἠ
1040 5510 1196 5565 ούσία
1229 5512 1261 5579 ἡ
1292 5511 1601 5580 ἁγεννήτως
1624 5504 1874 5580 οὖσαςίς

278 5608 439 5663 κατᾶ
475 5606 572 5675 τὴν
603 5604 737 5657 ἰδέαν
770 5603 929 5673 φύσιν
956 5602 1124 5667 ἐστὶν,
1162 5600 1316 5655 οὐδὲν
1347 5602 1410 5654 ἐκ
1432 5600 1530 5670 τῆς
1558 5599 1873 5667 ἐπωνυμίας

276 5699 504 5772 ταύτης
547 5698 682 5771 πρὸς
711 5698 771 5751 τὸ
800 5697 1034 5753 κατιδεῖν
1065 5695 1445 5767 ὼδηγήθημεν.
1487 5691 1622 5750 Οὐδὲ
1650 5690 1758 5763 γὰρ
1810 5687 1878 5764 ἦν

2048 4863 2104 4918 Si
2135 4862 2250 4932 jam
2294 4860 2601 4931 exemplum
2635 4859 2970 4915 intellectum
2997 4866 3102 4923 est,
3139 4867 3356 4928 tempus
3387 4858 3556 4914 fuerit

1976 4967 2284 5013 sermonem
2315 4954 2382 5006 ad
2415 4966 2525 5006 rem
2548 4951 2724 5020 ipsam
2746 4946 3065 5015 transferre,
3086 4947 3248 5016 cujus
3275 4957 3359 5004 est
3378 4962 3559 5003 exem-

1977 5048 2147 5118 plum.
2206 5043 2459 5100 Primam.
2497 5057 2720 5099 causam
2781 5057 2848 5098 ex
2901 5042 3052 5097 nulla
3113 5040 3560 5111 supereminente

1977 5154 2144 5195 causa
2171 5137 2371 5191 habere
2387 5149 2512 5190 esse
2538 5131 3072 5203 comprehendimus.
3101 5132 3243 5202 Ergo
3271 5131 3439 5186 Deum
3460 5132 3557 5201 qui

1980 5230 2143 5285 modo
2176 5228 2419 5298 ingenito
2450 5241 2509 5282 se
2542 5224 2728 5287 habet,
2763 5223 2830 5279 ad
2870 5223 3110 5299 nominis
3142 5222 3374 5277 formam
3408 5225 3558 5278 noti-

1978 5321 2112 5373 tiam
2135 5318 2276 5372 hauc
2296 5313 2629 5371 adducentes
2650 5315 2945 5384 ingenitum
2961 5312 3382 5367 nominavimus.
3400 5310 3558 5378 Quod

1981 5411 2147 5480 igitur
2177 5422 2272 5478 per
2306 5405 2708 5476 generationem
2746 5417 2854 5458 non
2899 5409 2983 5455 est
3017 5415 3083 5455 ex
3113 5401 3353 5456 nominis
3384 5402 3559 5471 signi-

1980 5502 2232 5556 ficatione
2278 5496 2709 5552 declaravimus:
2768 5493 2885 5563 ipsa
2936 5499 3118 5547 autem
3156 5493 3397 5549 essentia
3435 5509 3560 5565 quae

1980 5600 2066 5649 est
2098 5591 2341 5661 ingenita
2369 5585 2666 5645 secundum
2711 5585 2991 5656 propriam
3023 5593 3275 5640 naturam
3306 5601 3555 5656 qua-nam

1981 5696 2087 5751 est,
2151 5682 2286 5740 nihil
2339 5697 2405 5738 ex
2458 5676 2935 5751 cognominatione
2979 5677 3051 5755 ad
3103 5677 3552 5749 conspiciendum
