4010 6212
535 382 653 445 979i

1762 380 1822 437 s.
1846 380 2172 439 GBEGORll
2198 380 2490 437 NYSSENI
3464 448 3497 459 ,ς
3632 386 3715 444 930

524 497 943 570 intelligentiam
1003 496 1407 555 examinemus.
1464 498 1603 565 Quis
1660 499 1735 554 ita
1786 501 2019 557 stolidus
2049 510 2136 563 et,

2228 502 2299 555 ιαὶ
2341 501 2702 571 Ἐξιιγαγὲτω
2732 500 2805 554 τὰ
2840 499 3047 564 ὕδατα,
3083 499 3177 553 καὶ
3206 498 3504 555 πάνταἛσα
3530 503 3724 576 καθεξῆς
3760 534 3771 545 -

526 606 743 655 vecors,
792 590 888 661 qui
938 590 1149 647 nesciat
1205 589 1452 645 auditum
1496 599 1553 646 et
1595 607 1905 648 sermonem
1953 604 2113 648 natu-

529 681 704 736 ralem
765 680 1000 737 interse
1057 681 1259 736 habere
1296 681 1656 749 relationem;
1713 698 1813 737 nec
1866 684 2110 739 auditum

532 785 698 841 posse
742 770 894 843 fungi
939 786 1043 827 suo
1092 786 1324 827 munere
1370 773 1522 827 nullo
1563 773 1835 843 loquente,
1886 776 1965 829 sic
2013 790 2113 831 nec

536 876 848 917 sermonem
878 861 1150 918 eﬂlcacem
1185 877 1311 919 esse
1335 864 1429 933 qui
1465 880 1573 918 non
1606 865 1671 919 ad
1702 864 1948 919 auditum
1979 867 2116 922 diri-

539 954 733 1023 gitur?
770 952 828 1009 Si
895 954 1067 1026 igitur
1118 956 1318 1010 asserit
1371 954 1542 1011 Deum
1591 957 1814 1022 dixisse,
1865 960 2118 1013 ostendat

540 1046 705 1102 nobis
737 1048 902 1102 etiam
921 1049 1163 1101 auditum
1204 1047 1270 1102 ad
1305 1063 1464 1118 quem
1498 1048 1671 1115 dixit;
1710 1064 1777 1103 an
1803 1050 1868 1104 ad
1899 1067 1958 1106 se
2003 1052 2120 1105 hac

541 1137 733 1193 dicere
768 1138 1157 1207 respondebit?
1189 1138 1329 1208 Ergo
1356 1138 1459 1192 sibi
1509 1138 1614 1208 ipsi
1645 1139 1953 1207 imperabit,
2004 1141 2119 1195 haec

538 1228 763 1299 jubens.
816 1228 1020 1297 Ecquis
1074 1229 1178 1283 hoc
1231 1229 1503 1299 probabit,
1548 1229 1713 1283 Deum
1743 1229 1934 1285 sedere
1974 1230 2118 1299 quod

545 1322 815 1393 agendum
847 1329 930 1376 cst
949 1321 1051 1376 sibi
1078 1321 1455 1390 imperantem,
1487 1327 1611 1375 ctse
1628 1320 1874 1374 ministro
1898 1321 2121 1374 manda-

544 1423 726 1469 torum
755 1422 806 1467 ct
831 1420 1154 1468 exsecutore
1172 1412 1453 1466 utentem?
1479 1411 1632 1478 Quod
1651 1413 1696 1467 si
1714 1413 1839 1482 quis
1855 1413 1957 1467 hoc
1972 1413 2119 1483 pium

546 1518 671 1559 esse
721 1504 903 1559 d'cere
951 1504 1307 1569 concesserit,
1347 1504 1472 1574 quis
1519 1508 1571 1558 in
1601 1505 1785 1574 seipso
1838 1507 2020 1560 verbis
2067 1513 2123 1560 et

548 1596 896 1651 sermonibus
934 1595 1246 1665 indignerit,
1286 1596 1534 1665 quamvis
1570 1595 1732 1650 homo
1763 1595 1875 1650 sit?
1912 1595 2125 1667 cuique

548 1686 695 1741 enim
731 1688 932 1742 tuentis
975 1688 1197 1759 agitatio
1240 1688 1441 1742 sullicit
1489 1687 1554 1741 ad
1601 1686 1884 1742 electionis
1927 1687 2126 1757 impul-

549 1775 762 1829 sionem
792 1775 1160 1830 excitandam.
1197 1774 1303 1830 Sed
1334 1791 1457 1831 cum
1502 1774 1642 1829 Filio
1683 1776 1952 1830 disserere
1998 1791 2125 1846 pro-

550 1865 636 1917 cul
660 1862 825 1919 dubio
850 1864 1013 1919 dicet.
1040 1864 1103 1918 Et
1124 1865 1253 1935 quid
1283 1880 1422 1935 opus
1442 1874 1561 1920 erat
1585 1864 1652 1919 ad
1679 1865 1782 1919 hoc
1807 1865 1971 1919 voce?
1998 1843 2127 1936 pro-
2157 1843 2196 1897 Β

550 1956 728 2024 prium
773 1956 918 2009 enim
969 1970 1248 2025 corporeae
1291 1962 1499 2009 natura;
1577 1969 1674 2025 per
1719 1956 1883 2009 verba
1942 1954 2127 2009 cordis

532 2048 666 2103 sive
705 2047 871 2101 animi
904 2063 1067 2103 sensa
1105 2049 1411 2102 enuntiare.
1468 2047 1624 2103 Unde
1664 2048 1828 2102 etiam
1872 2026 2130 2118 acquipol-

552 2144 671 2196 lens
701 2140 822 2196 usui
870 2141 1021 2195 vocis
1053 2155 1147 2208 per
1183 2140 1394 2193 litteras
1424 2138 1645 2192 inventa
1679 2147 1762 2193 est
1787 2132 2082 2193 declaratio
2109 2156 2123 2193 :

550 2247 616 2286 ex
645 2247 803 2299 aequo
833 2232 978 2285 enim
1020 2231 1305 2300 loquentes
1342 2238 1396 2283 et
1437 2228 1741 2284 scribentes
1769 2230 1914 2299 quod
1947 2239 2128 2286 mente

552 2331 875 2393 conceptum
923 2330 1007 2377 est
1049 2322 1438 2387 cnuntiamns;
1499 2320 1593 2376 sed
1644 2336 1833 2375 eorum
1885 2321 1979 2391 qui
2015 2335 2128 2375 non

552 2413 712 2469 valde
744 2414 971 2477 distant,
1004 2413 1412 2466 voce-auditum
1458 2412 1838 2483 pertingimus,
1872 2412 1940 2468 ad
1967 2399 2129 2483 longe

554 2507 807 2562 absentes
861 2506 1056 2561 litteris
1101 2506 1424 2560 Sententiam
1476 2505 1843 2568 declaramus,
1892 2506 1959 2561 iis
1999 2520 2129 2561 vero

554 2599 648 2667 qui
686 2608 987 2669 praesentes
1030 2598 1254 2661 adsunt,
1306 2611 1406 2667 pro
1457 2600 1667 2651 ratione
1701 2596 1998 2661 distantia),
2045 2597 2128 2651 vel

554 2690 708 2743 vocis
747 2700 932 2743 tonum
966 2689 1321 2751 intendimus,
1352 2689 1435 2742 vel
1462 2689 1793 2744 remittimus
1818 2706 1831 2742 :
1855 2689 2127 2743 interdum

556 2782 721 2836 etiam
753 2784 869 2837 solo
899 2791 1069 2845 nutu,»
1095 2782 1225 2852 quid
1259 2780 1524 2851 agentium
1568 2782 1663 2846 sit,
1716 2780 1801 2834 bis
1841 2781 1933 2848 qtti
1964 2795 2130 2850 prope

557 2884 687 2930 sunt
719 2876 1118 2945 signiﬁcamus,
1160 2882 1213 2930 et
1246 2874 1391 2944 quod
1425 2875 1479 2927 in
1511 2873 1696 2927 animo
1726 2880 1811 2927 est
1841 2874 2129 2927 consilium

558 2967 943 3035 patel‘acimus,
978 2976 1031 3021 et
1068 2966 1263 3021 oculus
1307 2965 1398 3019 tali
1450 2963 1855 3034 quodammodo
1905 2963 2133 3022 allectus

560 3059 844 3122 indicavit,
907 3065 963 3113 et
1014 3072 1207 3113 manus
1253 3054 1499 3126 quaedam
1550 3055 1721 3109 motio
1766 3069 1880 3109 rem
1924 3062 2131 3123 gestam

2211 598 2644 669 ἀναγέγραπται.
2702 594 2913 649 Οὐκοῦν
2953 591 3293 661 ἐξετάσωμεν
3340 592 3432 662 τὴν
3473 592 3569 645 τῶν
3604 597 3725 668 είρη.

2215 688 2390 759 μένων
2410 688 2667 742 διάνοιαν.
2700 686 2797 750 Τίς
2823 687 2922 739 οὐκ
2947 682 3050 739 οἶδε
3073 684 3167 737 καὶ
3190 682 3295 736 τῶν
3330 682 3510 754 κομιδῆ
3536 685 3722 754 νηπίων,

2212 783 2295 835 ὅτι
2340 780 2574 851 φυσικὴν
2619 780 2734 850 ἔχει
2784 778 2923 850 πρὸς
2974 776 3178 847 ἄλληλα
3209 775 3389 845 σχέσιν
3419 776 3543 847 ἀκοή
3572 793 3620 828 τε
3651 781 3724 833 καὶ

2213 873 2389 940 λόγος,
2439 873 2534 925 καὶ
2574 871 2650 934 ὡς
2689 872 2789 924 οὐκ
2821 869 2968 923 ἔστιν
3009 868 3179 937 ἀκοὴν
3220 867 3501 937 ἐνεργῆσαι
3544 867 3726 939 μηδενδς

2216 962 2611 1033 φθεγγομένου.
2630 961 2801 1025 οὕτως
2826 959 2947 1014 οὐδὲ
2968 959 3125 1028 λόγον
3145 959 3360 1030 ἐνεργὸν
3386 952 3511 1011 εἶναι
3536 957 3600 1028 μὴ
3620 959 3725 1029 πρὸς

2217 1052 2388 1123 ἀκοὴν
2402 1052 2782 1122 εύθυνόμενονς
2799 1050 2861 1104 Ei
2882 1046 2976 1104 οὖν
2995 1050 3142 1118 λέγει
3157 1049 3216 1101 τὸ
3236 1048 3504 1120 εἰρηκέναι
3518 1047 3723 1113 τὸνθεδν,
3800 1077 3808 1085 -

2219 1142 2549 1208 ύποδειξάτω
2576 1144 2707 1213 ἡμῖν
2737 1141 2832 1195 καὶ
2857 1142 2957 1214 τὴν
2990 1141 3158 1212 ἀκοὴν
3180 1140 3315 1211 πρὸς
3340 1140 3403 1207 ἥν
3431 1141 3639 1210 εἴρηκεν.
3673 1140 3726 1191 'll

2220 1234 2357 1305 πρὸς
2412 1235 2601 1288 ἑαυτὸν
2648 1233 2828 1295 ταῦτα,
2869 1234 3048 1302 λέγειν
3098 1231 3306 1303 φησίνς
3360 1230 3550 1284 Οὐκοῦν
3590 1230 3728 1300 ἑαυτῷ

2221 1326 2551 1395 προστάσσει
2580 1325 2753 1379 ταῦτα
2787 1324 3225 1395 ἐγκελευόμενος.
3272 1323 3382 1376 Καὶ
3410 1321 3486 1384 τίς
3509 1321 3644 1374 τοῦτο
3665 1321 3726 1373 δέ-

2223 1416 2372 1482 ξεται
2402 1416 2672 1487 καθῆσθαι
2697 1416 2789 1469 τὸν
2814 1415 2945 1469 Θεὸν
2976 1415 3039 1468 τὸ
3067 1412 3339 1485 πρακτέον
3368 1398 3543 1465 ἑαυτοῦ
3566 1410 3730 1464 διατάτ-

2221 1526 2404 1571 τοντα,
2455 1507 2549 1560 καὶ
2599 1505 2776 1576 ἐαυτῷ
2809 1504 3037 1575 διακόνῳ
3065 1503 3173 1556 τῶν
3226 1502 3625 1574 προσταγμάτων
3658 1503 3730 1554 καὶ

2224 1592 2472 1671 ὑπηρέτῃ
2516 1597 2829 1669 χρώμενον;
2891 1598 2952 1649 Εἰ
2996 1595 3056 1649 δὲ
3100 1595 3196 1649 καὶ
3234 1592 3390 1646 τοῦτο
3420 1592 3524 1663 δοίη
3564 1609 3631 1655 τις
3660 1593 3731 1644 e6-

2223 1694 2351 1761 αγὲς
2380 1687 2518 1745 εἶναι
2540 1691 2739 1759 λέγειν.
2760 1689 2843 1752 τίς
2880 1690 2965 1759 ἐφ’
2988 1687 3180 1741 ἑαυτοῦ
3209 1686 3461 1758 ῥημάτων
3480 1683 3643 1755 ἐδεήθη
3662 1683 3735 1737 καὶ

2223 1784 2414 1853 λόγων,
2466 1782 2570 1837 κᾶν
2621 1780 2901 1852 ἄνθρωπος
2930 1776 3004 1852 ᾗς
3062 1779 3251 1849 Ἀρκεῖ
3298 1777 3404 1848 γὰρ
3450 1776 3633 1844 ἑκάστῳ
3661 1774 3736 1843 τῆς

2224 1875 2463 1937 διανοίας
2493 1875 2527 1946 ἡ
2580 1873 2792 1944 κίνησις
2838 1872 2938 1942 τὴν
2966 1871 3065 1941 τῆς
3090 1868 3458 1940 προαιρέσεως
3486 1866 3632 1937 ὁρμὴν
3662 1867 3736 1934 ἐμο

2226 1966 2471 2037 ποιῆσαι.
2517 1963 2677 2017 Ἀλλά
2716 1963 2795 2033 τῷ
2854 1962 2970 2033 Υἱῷ
3010 1959 3357 2030 διαλέγεσθαι
3401 1959 3591 2020 πάντως
3632 1958 3735 2027 ipsi.

2226 2059 2337 2112 Kal.
2357 2058 2442 2121 τίς
2468 2051 2536 2128 ἦν
2575 2054 2733 2126 χρεία
2766 2053 2902 2125 πρὸς
2942 2051 3099 2106 τοῦτο
3125 2050 3313 2120 φωνῆς
3337 2067 3353 2114 ;
3385 2049 3530 2103 Ἶδιον
3551 2047 3640 2116 γὰρ
3663 2046 3737 2114 τῆς

2226 2149 2541 2221 ὲνσωμάτου
2602 2148 2837 2217 φύσεως,
2872 2143 2933 2197 τὸ
2970 2143 3058 2197 διὰ
3087 2143 3350 2213 ῥημάτων
3379 2140 3671 2209 ἐξαγγέλλειν
3688 2138 3739 2190 τὰ

2225 2243 2325 2314 τῆς
2370 2240 2596 2313 καρδίας
2641 2240 2924 2309 νοήματα·
2980 2235 3103 2289 ὅθεν
3150 2235 3251 2289 καὶ
3314 2231 3661 2303 ίσοδυναμοῦσα
3690 2232 3739 2301 τῇ

2228 2335 2418 2405 χρήσει
2447 2332 2546 2403 τῆς
2579 2329 2783 2400 φωνῆς,
2808 2329 2841 2398 ἡ
2867 2326 2955 2381 διὰ
2998 2324 3107 2378 τῶν
3131 2323 3471 2395 γραμμάτων
3506 2319 3739 2390 ἐξεύρηται

2226 2425 2476 2492 δήλωσις.
2524 2421 2751 2492 Ἐπίσης
2779 2419 2886 2489 γὰρ
2908 2416 3274 2488 φθεγγόμενοι
3300 2434 3358 2469 τε
3375 2414 3461 2469 καὶ
3479 2414 3753 2484 γράφοντεςι

2227 2515 2287 2567 τὸ
2318 2514 2507 2585 νοηθὲν
2554 2511 2968 2580 ἐξαγγέλλομεν.
3012 2507 3153 2560 Ἀλλ’
3195 2508 3287 2560 ἐπὶ
3314 2506 3409 2577 μὲν
3447 2506 3545 2557 τῶν
3567 2504 3627 2574 μὴ
3652 2502 3743 2554 λίαν

2227 2606 2632 2677 ἀφεστηκότων,
2669 2605 2819 2674 φωνῇ
2868 2602 2967 2672 τῆς
3007 2600 3183 2672 ἀκοῆς
3210 2597 3618 2669 καθικνούμεθαθ
3642 2594 3743 2665 πρὸς

2227 2700 2284 2753 δὲ
2326 2700 2451 2762 τοὺς
2499 2695 2801 2768 πόρρωθεν,
2823 2695 3112 2765 γράμμασι
3146 2692 3413 2765 δηλοῦμεν
3442 2690 3531 2761 τὴν
3551 2686 3744 2757 γνώμην,

2230 2793 2322 2845 καὶ
2353 2793 2442 2844 ἐπὶ
2470 2790 2580 2843 τῶν
2609 2787 2911 2859 παρόντων,
2944 2784 3080 2855 πρὸς
3117 2784 3283 2854 λόγον
3307 2783 3403 2853 τῆς
3436 2778 3745 2837 ἀποστάσεως.

2229 2883 2263 2952 ἢ
2298 2881 2636 2951 ἐπιτείνομεν
2667 2879 2757 2932 τὸν
2781 2876 2932 2929 τόνον
2955 2875 3054 2945 τῆς
3083 2875 3346 2946 φωνῆς,ἢ
3380 2873 3603 2942 ὑφίεμεν.
3627 2870 3746 2921 Ἔπι

2230 2974 2285 3027 δὲ
2307 2975 2394 3027 ὅτε
2432 2973 2525 3026 καὶ
2553 2971 2641 3025 διὰ
2667 2971 2903 3033 νεύσεως
2934 2969 3092 3039 μόνον
3118 2967 3188 3020 τὸ
3217 2964 3477 3038 πρακτέον
3504 2964 3601 3024 τοῖς
3618 2958 3747 3019 πέλας

2233 3063 2660 3133 διεσαφήσαμεν,
2704 3062 2800 3114 καὶ
2847 3060 2947 3129 τὴν
2974 3061 3030 3112 ὲν
3066 3060 3133 3129 τῇ
3193 3058 3339 3128 ψυχῇ
3369 3054 3647 3129 προαίρεσιν
3680 3049 3749 3103 καὶ

561 3150 782 3220 probari
831 3149 914 3204 vel
955 3147 1234 3218 reprobnri
1267 3145 1686 3201 demonstravit.
1729 3144 1786 3199 Si
1821 3145 1987 3214 igitur
2039 3144 2129 3213 qui

2234 3154 2507 3224 ὀφθαλμὸς
2556 3151 2778 3206 τοιῶσδε
2814 3150 3081 3215 διατεθεὶς
3128 3149 3447 3214 ἐνεδείξατο,
3494 3144 3579 3199 καὶ
3612 3138 3749 3213 χειρὸς

561 3242 887 3311 corporibus
947 3240 1193 3295 conclusi
1244 3247 1416 3302 sunt,
1476 3238 1676 3292 mentis
1734 3237 1916 3291 abdita
1972 3249 2131 3291 sensa

2236 3245 2363 3299 ποιὰ
2388 3246 2605 3313 κίνησις
2658 3244 2689 3314 ἢ
2739 3242 2937 3296 emine
2965 3260 3019 3295 τι
3056 3240 3171 3294 τῶν
3201 3237 3554 3310 γινομένων,ἢ
3582 3232 3751 3289 κατεδέο

562 3332 789 3387 nutibus
810 3331 1015 3399 absque
1042 3344 1172 3383 voce
1198 3328 1280 3382 vel
1305 3328 1490 3391 verbo,
1523 3329 1605 3380 vel
1638 3327 1911 3397 colloquio
1938 3327 2133 3382 litteris

563 3421 959 3489 comprehenso
983 3435 1123 3489 sarpe
1150 3420 1235 3473 bis
1262 3422 1353 3489 qui
1386 3434 1553 3489 prope
1574 3428 1722 3481 sunt,
1746 3428 1874 3472 nota
1905 3417 2131 3479 faciunt,
2204 3421 2217 3435 ‘

564 3514 883 3583 nullumque
932 3512 1009 3567 rei
1051 3511 1299 3582 gerendae
1325 3511 1712 3565 detrimentum
1753 3511 1935 3565 attulit
1967 3511 2134 3565 silem

564 3606 727 3667 tium,
781 3618 851 3658 an
900 3603 1243 3658 immateriali
1290 3610 1347 3657 et
1388 3600 1641 3666 intactili,
1686 3608 1741 3656 et
1791 3608 1850 3655 ut
1896 3600 2137 3670 loquitur

568 3696 889 3762 Eunomius,
918 3710 1184 3766 supremae
1197 3702 1250 3751 ct
1275 3694 1462 3766 prima:
1484 3695 1738 3750 essentia:
1774 3694 1959 3749 verbis
1993 3709 2136 3764 opus

571 3791 691 3853 fuit,
719 3804 840 3860 quae
876 3786 1055 3843 Patris
1105 3786 1381 3842 notionem
1433 3786 1800 3847 declararent,
1830 3793 1884 3840 et
1935 3783 2137 3855 linige-

568 3882 686 3937 nito
721 3880 1056 3935 voluntatem
1103 3886 1286 3931 notam
1326 3875 1607 3930 lacerent?
1641 3874 1853 3941 Verbis,
1893 3876 2134 3944 inquam,

570 3976 711 4030 sicut
734 3973 810 4027 ait
837 3973 954 4043 ipse
977 3969 1296 4033 Eunomius,
1325 3982 1446 4038 quae
1471 3968 1633 4023 simul
1665 3982 1786 4021 cum
1812 3982 1942 4021 voce
1963 3956 2135 4021 solent

570 4063 867 4135 dissipari:
904 4061 1049 4116 baud
1077 4061 1191 4116 scio
1214 4060 1261 4115 si
1283 4059 1407 4130 quis
1438 4058 1637 4114 mentis
1658 4072 1902 4128 compos,
1935 4057 2050 4112 haec
2080 4066 2140 4111 ut

569 4173 698 4213 vera
725 4156 989 4220 admittet,
1026 4155 1326 4226 praesertim
1376 4166 1501 4208 cum
1553 4166 1721 4207 sonus
1753 4150 1932 4206 omnis
1965 4149 2020 4203 in
2053 4165 2142 4205 ac—

572 4266 689 4305 rem
734 4263 963 4320 prorsus
1001 4245 1383 4318 prolundatur.
1416 4243 1604 4315 Neque
1665 4243 1813 4298 enim
1857 4257 1963 4298 vox
2011 4242 2139 4298 alibi

574 4342 683 4397 nisi
721 4345 774 4395 in
801 4355 925 4395 aere
952 4328 1068 4394 lieri
1105 4345 1306 4408 potest.
1353 4335 1590 4392 Necesse
1634 4341 1720 4390 est
1764 4348 1992 4406 prorsus
2022 4349 2141 4389 me-

575 4432 727 4486 dium
777 4429 1034 4501 quiddam
1078 4430 1244 4483 etiam
1291 4427 1438 4497 ipsos
1488 4440 1815 4497 supponere,
1868 4424 2012 4479 inter
2064 4425 2145 4479 lo-

2235 3332 2381 3398 ξατο.
2415 3332 2478 3386 Εί
2499 3333 2677 3385 τοίνυν
2709 3333 2757 3384 οί
2783 3329 2997 3402 σώμασι
3028 3329 3476 3400 περιειλημμένοι
3506 3326 3565 3379 τὰ
3584 3319 3749 3394 κρυπτὰ

2232 3426 2332 3495 τῆς
2359 3425 2591 3493 διανοίας
2627 3431 2901 3495 κινήματα
2934 3424 3028 3493 καὶ
3075 3423 3208 3495 δίχα
3250 3422 3430 3494 φωνῆς
3476 3420 3506 3491 ἢ
3542 3420 3748 3491 ῥήματος,

2234 3517 2397 3588 ἢτῆς
2453 3519 2511 3569 ἐν
2566 3517 2889 3588 γράμμασιν
2939 3515 3160 3585 ὁμιλίας
3211 3513 3464 3576 πολλάκις
3502 3512 3599 3572 τοῖς
3624 3505 3749 3566 ﬁla:

2234 3611 2575 3681 γνωρίζουσι,
2611 3610 2704 3663 καὶ
2761 3608 3016 3679 οὐδεμίαν
3060 3608 3268 3677 ἤνεγκε
3306 3605 3383 3676 τῷ
3411 3594 3751 3668 σπουδαζομένη)

2237 3700 2521 3772 πράγματι
2568 3699 2771 3770 ζημίαν
2826 3701 2858 3769 ή
2908 3699 3120 3769 σιωπή’
3157 3695 3272 3770 ἆρα
3297 3698 3388 3750 ἐπὶ
3416 3695 3508 3762 τῆς
3532 3690 3665 3745 άῢλου
3681 3681 3750 3736 καὶ

2237 3792 2491 3860 ἀναφοῦς,
2517 3793 2608 3845 καὶ
2634 3791 2708 3854 ὣς
2735 3808 2897 3861 φησιν
2918 3791 2945 3842 6
2964 3791 3252 3863 Εύνόμιος,
3283 3787 3527 3844 ἀνωτάτω
3549 3782 3624 3837 καὶ
3646 3773 3748 3848 πρῶ

2238 3900 2333 3954 της
2387 3885 2592 3948 οὐσίας,
2646 3882 2905 3955 ῥημάτων
2936 3882 3094 3953 χρεία
3138 3882 3248 3936 τῶν
3278 3882 3368 3936 τοῦ
3400 3878 3592 3948 Πατρδς
3614 3873 3750 3955 Bassus

2240 3971 2482 4040 φούντων
2508 3972 2568 4023 τὸ
2597 3954 2805 4041 νόημα,⁵
2824 3971 2917 4023 καὶ
2936 3970 3013 4040 τῷ
3047 3969 3348 4039 Μονογενεῖ
3378 3954 3751 4038 γνωριζόντωντδ

2243 4063 2515 4135 βούλημα;
2553 4062 2860 4131 Ῥημάτων,
2888 4060 3068 4124 καθὼς
3096 4062 3268 4125 αὐτός
3294 4060 3517 4131 φησι,τῇ
3543 4053 3664 4124 φωνῇ
3689 4062 3751 4099 πε·

2241 4154 2489 4225 φυκότων
2530 4152 2938 4207 συνδιαλύεσθαι
2966 4170 2982 4186 ·
3031 4153 3134 4206 οὐκ
3168 4147 3312 4207 ,οἴδα
3360 4151 3510 4212 εἴτις
3545 4145 3635 4199 τῶν
3663 4136 3751 4195 νοῦν

2243 4248 2474 4317 ἑχόντων
2507 4245 2679 4299 ταῦτα
2702 4245 2778 4308 ὡς
2799 4244 2972 4315 ἀληθῆ
2998 4244 3390 4316 παραδέξεται,
3407 4242 3565 4302 άλλως
3586 4253 3634 4287 τε
3662 4246 3754 4285 παν·

2243 4337 2334 4400 τὺς
2364 4336 2599 4405 φθόγγου
2629 4338 2707 4399 είς
2733 4336 2867 4406 ἀέρα
2893 4335 3111 4398 πάντως
3142 4334 3519 4407 προχεομένου.
3542 4325 3652 4383 Οὐδὲ
3673 4321 3753 4391 γὰρ

2245 4428 2468 4481 δυνατὸν
2512 4426 2765 4496 γενέσθαι
2821 4426 3004 4497 φωνὴν
3049 4426 3124 4497 μὴ
3154 4428 3213 4480 ἐν
3241 4427 3364 4496 ἀέρι
3410 4416 3751 4486 συνισταμένην.

576 4531 829 4592 quentem
862 4528 916 4574 et
964 4534 1089 4575 eum
1143 4516 1212 4572 ad
1271 4532 1433 4587 quem
1478 4516 1539 4571 lit
1568 4531 1797 4572 sermo:
1842 4515 1949 4571 nisi
1996 4516 2136 4571 enim

2245 4520 2456 4590 ἀνάγκη
2490 4521 2637 4573 πᾶσα
2662 4520 2824 4589 μέσον
2844 4534 2896 4570 τι
2931 4517 3023 4570 τοῦ
3059 4517 3431 4588 φθεγγομένου
3457 4513 3541 4565 καὶ
3563 4502 3638 4562 τοῦ
3654 4501 3753 4572 πρὸς

574 4614 814 4673 medium
854 4611 1198 4681 interiectum
1241 4610 1426 4674 fuerit,
1471 4609 1746 4679 quomodo
1778 4623 1845 4662 ex
1889 4608 2147 4677 loquente

573 4722 680 4763 vox
726 4704 794 4760 ad
848 4704 1155 4759 audientem
1200 4700 1539 4773 permeabit?
1578 4698 1719 4766 Quid
1752 4700 1918 4768 igitur
1964 4700 2148 4755 dicent

474 4874 479 4879 _
576 4799 840 4863 medium,
872 4812 981 4868 quo
1017 4795 1216 4850 Filium
1251 4810 1320 4849 ex
1352 4792 1514 4848 Patre
1554 4792 1983 4847 disterminant?
2010 4790 2147 4846 Cor-

576 4905 774 4961 porum
812 4888 956 4944 enim
992 4887 1046 4941 in
1076 4901 1201 4942 acre
1227 4885 1382 4940 locus
1416 4882 1646 4940 elliritur
1675 4881 1909 4947 medius,
1936 4882 2030 4952 qui
2067 4890 2150 4937 est

580 4982 729 5037 aliud
778 4979 912 5051 quid
964 4977 1266 5035 secundum
1324 4977 1598 5046 propriam
1652 4982 1907 5029 naturam
1955 4982 2151 5043 praeter

582 5077 950 5132 humanorum
1025 5086 1314 5141 corporum
1380 5068 1760 5124 substantiant.
1812 5065 1917 5132 Qui
1968 5074 2149 5121 autem

580 5175 764 5222 tactus
793 5181 1008 5235 expers.
1041 5171 1095 5218 et
1119 5160 1370 5217 informis
1397 5160 1468 5215 ab
1492 5159 1641 5213 omni
1667 5158 2021 5214 concretione
2049 5175 2150 5227 pu-

584 5274 679 5313 rus
711 5267 766 5313 et
792 5256 1053 5311 immunis
1092 5252 1237 5309 Deus
1265 5268 1389 5307 cum
1429 5250 1724 5320 Unigenito
1764 5249 1874 5307 Deo
1906 5252 2156 5320 persimi-

584 5350 731 5413 liter,
771 5349 883 5403 imo
908 5362 1039 5403 vero
1064 5345 1256 5402 eodem
1300 5344 1481 5402 modo.
1522 5343 1869 5397 imtnateriali
1897 5349 1951 5397 et
1981 5343 2156 5396 incor-

586 5456 751 5509 poreo
796 5442 1142 5511 propriorum
1201 5436 1562 5492 consiliorum
1614 5437 1884 5505 particeps
1929 5444 1987 5489 et
2025 5451 2157 5489 con-

587 5548 754 5588 εοιςε
787 5533 830 5586 si
861 5532 1079 5601 quidem
1104 5545 1202 5600 per
1233 5544 1418 5584 vocem
1441 5527 1880 5581 communionem
1910 5525 2152 5586 haberet,

587 5624 717 5692 quid
746 5623 1127 5677 intermedium
1163 5622 1410 5682 haberet,
1442 5634 1537 5689 per
1572 5618 1715 5687 quml
1753 5632 1948 5687 repens
1975 5632 2156 5671 sermo

589 5724 646 5769 et
670 5713 960 5769 dimanans
985 5713 1039 5764 in
1071 5727 1230 5765 aures
1266 5711 1542 5780 Unigcniti
1572 5710 1841 5774 inlluerct,
1873 5718 1927 5764 et
1959 5708 2156 5762 admit-

592 5800 905 5864 teretur?Si
927 5800 1146 5873 quidem
1184 5800 1288 5857 boc
1313 5808 1372 5855 ut
1403 5800 1843 5857 consideratione
1876 5799 2156 5871 indignum

2245 4611 2305 4664 δν
2337 4613 2365 4664 6
2390 4610 2545 4677 λόγος
2563 4610 2773 4677 γίνεται
2803 4609 2894 4662 καί
2919 4608 3116 4671 αὐτοὺς
3143 4608 3454 4662 ὑποθέσθαι.
3478 4604 3558 4671 Μὴ
3586 4597 3673 4667 γὰρ
3687 4592 3750 4644 5V-

2245 4719 2336 4765 τος
2362 4699 2468 4753 τοῦ
2511 4699 2906 4770 μεσιτεύοντος,
2944 4698 3061 4763 πῶς
3102 4700 3167 4752 ἐκ
3200 4697 3294 4751 τοῦ
3318 4695 3578 4754 λαλοῦντος
3596 4690 3624 4758 ἡ
3641 4679 3751 4754 φωνὴ

2247 4789 2504 4843 διοδεύσει
2537 4789 2671 4861 πρὸς
2688 4790 2779 4843 τὸν
2809 4789 3073 4844 ἀκούοντα
3097 4806 3111 4854 ;
3142 4789 3208 4842 Τί
3231 4784 3324 4843 οὖν
3345 4785 3515 4859 ἐροῦσι
3542 4781 3593 4834 τὸ
3611 4777 3749 4848 μέσον.

2248 4875 2295 4949 ᾧ
2328 4882 2417 4936 τὸν
2441 4881 2571 4933 Υίδν
2600 4881 2665 4933 ὲκ
2701 4881 2796 4934 τοῦ
2855 4880 3066 4950 Πατρδς
3084 4881 3409 4953 διορίζουσις
3439 4876 3547 4929 Τῶν
3577 4870 3657 4942 μὲν
3673 4862 3749 4932 γὰρ

2253 4974 2538 5045 σωμάτων,
2570 4974 2599 5025 6
2629 4973 2769 5027 κατά
2795 4974 2886 5027 τὸν
2915 4973 3057 5045 ἀέρα
3086 4974 3250 5037 τόπος
3268 4973 3466 5041 γίνεται
3484 4967 3639 5037 utros.
3658 4957 3750 5045 an?

2250 5083 2304 5120 τι
2326 5065 2400 5120 ὣν
2429 5066 2571 5119 κατά
2594 5065 2692 5145 τὴν
2730 5065 2863 5118 ίδίαν
2899 5064 3059 5133 φύσιν
3098 5064 3247 5135 παρά
3285 5064 3381 5132 τὴν
3402 5061 3500 5113 τῶν
3536 5042 3746 5145 ἀνθρωπὶῗ

2252 5174 2359 5211 νων
2389 5134 2661 5227 σωμάτωνῐ
2683 5156 2888 5210 οὐσίαν.
2917 5157 2977 5209 Ὀ
3018 5156 3074 5209 δὲ
3098 5134 3310 5225 ἀναφὴς
3353 5153 3442 5223 καὶ
3468 5146 3665 5202 ἀνείδεος
3681 5134 3747 5227 καί

2252 5252 2437 5319 πάσης
2473 5225 2792 5323 νκσυνθέσεως
2839 5249 3155 5320 καθαρεύων
3217 5246 3369 5309 Θεὸς,
3424 5242 3496 5312 τῷ
3537 5225 3747 5309 μονογενεῖ

2253 5339 2372 5408 Θεῷ
2413 5338 2490 5409 τῷ
2529 5338 2937 5410 παραπλησίως,
2974 5339 3166 5410 μᾶλλον
3205 5336 3261 5389 δὲ
3299 5334 3544 5393 ὡσαύτως
3567 5324 3684 5410 dm“?
3702 5331 3745 5368 τε

2255 5431 2349 5483 καὶ
2375 5408 2649 5499 ἀσωμάτῳ
2666 5408 2779 5483 τῶν
2799 5430 2941 5483 ἰδίων
2961 5408 3226 5483 κοινωνῶν
3242 5423 3608 5497 βουλευμάτων,
3630 5408 3743 5507 et???

2255 5520 2342 5573 διὰ
2390 5521 2573 5590 φωνῆς
2622 5522 2857 5575 ἐποιεῖτο
2889 5520 2990 5592 τὴν
3038 5517 3337 5577 κοινωνίαν,
3371 5516 3421 5569 τί
3446 5513 3500 5565 τὸ
3528 5512 3742 5592 μεσιτευον

2255 5607 2391 5681 εἶχε,
2439 5610 2504 5662 δι’
2564 5606 2625 5665 οὗ
2669 5613 2850 5682 ῥέπων
2882 5613 2909 5664 ὁ
2938 5612 3091 5678 λόγος
3137 5610 3231 5662 καὶ
3288 5603 3635 5682 μεθιστάμενος
3656 5586 3740 5682 ταῖς

2257 5703 2447 5764 ἀκοαῖς
2491 5699 2584 5754 τοῦ
2629 5701 2964 5768 Μονογενούς
2992 5696 3364 5760 είσοικίζεταις
3424 5689 3535 5755 Εἴγε
3568 5681 3651 5752 χρὴ
3674 5673 3738 5768 καί

2259 5759 2819 5864 τοῦτογπαραδραμείν
2852 5759 3192 5867 ἀθεωρητον,
3229 5788 3292 5840 τδ
3323 5783 3398 5857 μὴ
3421 5759 3746 5853 μεμερίσθαιὼ
