4010 6212
361 274 464 331 98!

1463 285 1741 342 CONTRA
1782 281 2171 348 EUNOMIUM,
2207 281 2336 337 LIB.
2383 281 2495 337 XII.

3513 269 3621 329 982

362 408 521 463 Θεῖον
563 414 683 475 ταῖς
715 413 1128 486 ἀντιληπτικαῖς
1187 421 1503 492 ἐνεργείαις,
1548 423 1623 486 ὡς
1654 423 1783 493 παρ’
1808 422 1938 493 ἡμῖν

2047 419 2320 487 prmtcrire
2352 424 2588 488 oportet,
2616 414 2783 471 Deum
2820 411 3234 485 operationibus
3262 408 3620 480 comprehen—
3640 429 3661 439 “

353 499 701 572 διῃρημένοις
731 505 964 561 ἕκαστον
987 509 1096 562 τῶν
1124 512 1489 584 αἰσθητηρίων
1527 514 1621 568 τοῦ
1654 513 1947 583 συγγενοῦς
1986 572 1997 585 ί

355 590 765 661 ὲπιδράσσεται,
788 597 882 650 τοῦ
907 600 1101 669 ὁρατοῦ
1134 601 1234 671 μὲν
1260 603 1292 672 ὴ
1316 604 1527 673 ὅρασις,
1557 603 1650 657 τοῦ
1682 601 1947 657 ἀκουστοῦ

354 677 413 729 δὲ
442 681 476 748 ἡ
508 682 649 735 κατὰ
708 684 807 755 τὴν
863 687 1033 757 ἀκοὴν
1073 689 1322 760 αἴσθησις
1342 708 1355 720 ·
1385 693 1477 744 καὶ
1507 692 1632 745 οὔτε
1663 693 1883 760 γεύεται
1914 692 1946 759 ἡ

359 770 497 839 ἁφὴ,
521 772 644 826 οὔτε
674 776 708 845 ἡ
736 776 872 850 ἀκοὴ
896 778 1006 833 τῶν
1022 781 1215 850 ἀτμῶν
1244 783 1276 853 ἢ
1310 782 1421 836 τῶν
1450 784 1638 855 χυμῶν
1665 782 1948 853 ἀντίληψιν

358 860 496 929 ἔχει,
524 863 661 917 ἀλλὰ
706 869 1012 938 παραμένει
1063 870 1293 924 ἕκαστον
1322 874 1388 943 τῇ
1429 873 1529 944 μιᾷ,
1569 872 1836 944 ἕνεργείᾳ,
1866 874 1948 926 εἰς

360 952 428 1022 ἢν
462 955 663 1025 ἐτάχθη
687 957 843 1028 παρὰ
869 959 968 1029 τῆς
997 960 1232 1029 φύσεως,
1261 963 1584 1033 ἀναίσθητον
1609 966 1804 1035 τρόπον
1828 963 1949 1016 τινὰ

365 1042 503 1112 πρὸς
519 1044 548 1096 ὃ
573 1045 647 1116 μὴ
669 1047 877 1114 πέφυκε
904 1048 1175 1120 διαμένον,
1196 1053 1292 1106 καὶ
1310 1053 1574 1122 ἄγευστον
1594 1055 1693 1125 τῆς
1707 1053 1944 1107 ἀπολαύο

363 1148 502 1195 nam;
533 1129 602 1206 ἧς
634 1137 937 1206 καρποῦται
964 1141 997 1210 ἠ
1026 1142 1223 1209 γείτων
1253 1141 1526 1215 αἴσθησις.
1590 1147 1737 1199 Ἐκεῖ
1765 1146 1821 1199 δὲ
1850 1146 1948 1215 οὐχ

358 1225 556 1289 οὕτως,
580 1226 693 1280 ἀλλ’
719 1230 838 1283 ὅλον
859 1231 927 1284 δι’
950 1232 1074 1285 ὅλου
1086 1233 1149 1287 τὸ
1168 1234 1322 1289 Θεῖον
1340 1238 1530 1308 ὅρασίς
1558 1240 1670 1292 ἐστι
1694 1240 1787 1291 καὶ
1809 1239 1945 1309 ἀκοὴ

361 1317 457 1371 καὶ
481 1319 700 1385 γνῶσις.
740 1322 815 1375 Οὐ
867 1322 977 1393 γὰρ
1019 1325 1084 1396 δὴ
1118 1325 1274 1397 θέμις
1302 1332 1396 1381 καὶ
1429 1327 1527 1392 τὰς
1570 1330 1947 1400 ζωωδεστέρας

360 1408 472 1461 τῶν
491 1408 800 1481 αἰσθήσεων
831 1413 1162 1487 ἐφαρμόζειν
1189 1422 1255 1491 τῇ
1287 1420 1553 1493 ἁκηράτῳ
1583 1420 1761 1489 φύσει,
1811 1421 1947 1490 πλὴν

362 1502 411 1553 εἰ
437 1502 541 1572 χρή
570 1519 624 1555 τι
651 1505 742 1557 καὶ
765 1506 1017 1560 ταπεινὸν
1039 1508 1351 1577 ὑποθέσθαι,
1380 1513 1474 1566 καὶ
1507 1513 1838 1580 καταγαγεῖν
1869 1513 1948 1574 εἰς

360 1592 731 1664 paucam;
779 1597 1075 1669 ὑπολήψεις
1121 1601 1183 1654 τὸ
1215 1601 1359 1657 θεῖον
1380 1618 1403 1635 ν
1440 1604 1583 1657 ὥστε
1630 1604 1804 1658 λαλεῖν
1850 1603 1948 1674 μὲν

358 1681 569 1736 οἴεσθαι
607 1686 828 1756 ῥήματα
867 1688 955 1742 διὰ
989 1690 1254 1759 στόματος
1298 1694 1389 1747 τὸν
1427 1695 1665 1766 Πατέρα.
1710 1697 1948 1765 ἐνεργεῖν

360 1772 418 1827 δὲ
438 1775 537 1843 τὴν
569 1776 741 1848 ἀκοὴν
774 1778 868 1832 τοῦ
896 1780 1048 1846 Υίοῦ,
1097 1782 1150 1836 τί
1178 1784 1237 1837 τὸ
1287 1785 1449 1855 μέσον
1498 1786 1862 1857 ὑποτιθέμεθα
1886 1787 1948 1840 τὸ
1982 1780 2020 1832 Β

359 1865 547 1934 διὰγον
563 1869 660 1939 τὴν
696 1873 965 1945 πατρικὴν
999 1874 1179 1945 φωνὴν
1208 1880 1287 1941 εἰς
1310 1878 1409 1950 τὴν
1448 1878 1541 1933 τοῦ
1584 1879 1713 1933 Υἱοῦ
1737 1880 1944 1950 ἁκοήν;

364 1958 598 2012 Κτιστὸν
644 1956 784 2014 εἰναι
826 1965 930 2034 χρὴ
964 1964 1121 2018 τοῦτο
1171 1962 1205 2037 ἢ
1246 1968 1531 2023 ἄκτιστον·
1562 1969 1698 2024 ἀλλὰ
1732 1969 1948 2023 κτιστὸν

366 2052 468 2118 μὲν
494 2052 596 2105 οὐκ
626 2054 772 2107 ἔστιν
802 2057 997 2121 εἰπεῖν,
1038 2061 1144 2131 πρὸ
1175 2061 1285 2131 γὰρ
1310 2060 1404 2115 τοῦ
1436 2062 1803 2133 συστῆναιτὴν
1834 2061 1948 2115 κτί-

363 2158 451 2193 σιν
479 2143 510 2195 ό
541 2143 713 2210 Λόγος
739 2144 974 2212 ἐγένετο.
1003 2149 1291 2204 Ἀκτιστον
1317 2151 1376 2203 δὲ
1396 2151 1535 2222 πλὴν
1554 2151 1652 2223 τῆς
1679 2151 1827 2215 θείας
1855 2151 1948 2221 φύ-

362 2249 523 2295 σεως,
550 2234 703 2288 ἐστὶν
721 2236 893 2291 οὐδέν,
936 2238 1000 2291 Εἰ
1035 2234 1128 2293 οὖν
1157 2240 1334 2305 κτίσις
1362 2241 1462 2295 οὑκ
1491 2237 1579 2312 ἦν,
1603 2244 1632 2295 ὁ
1660 2242 1717 2295 δὲ
1740 2258 1949 2312 μνημο-

358 2324 572 2388 vadet-tl;
600 2327 659 2380 ἐν
686 2330 753 2398 τῇ
777 2332 1135 2402 κοσμογενείᾳ
1154 2332 1332 2401 λόγος,
1349 2334 1448 2404 τῆς
1459 2334 1687 2396 κτίσεως
1709 2332 1944 2404 πρεσδύο

360 2431 522 2487 τερος
539 2413 626 2488 ἦν.
660 2421 803 2489 ’Δρα
840 2421 871 2474 ό
898 2420 1071 2490 λέγων
1102 2424 1321 2493 ῥήματα
1357 2426 1450 2478 καὶ
1484 2427 1669 2496 φωνῆς
1691 2422 1829 2496 ἦχον
1860 2426 1948 2480 διὰ

361 2505 461 2562 τοῦ
505 2509 666 2577 λόγου
728 2512 1111 2582 σημαίνεσθαι,
1146 2515 1197 2568 τί
1246 2516 1305 2569 τὸ
1338 2516 1540 2585 μεταξὺ
1576 2517 1669 2570 τοῦ
1702 2517 1839 2571 Υίοῦ
1856 2520 1949 2574 καὶ

359 2599 457 2652 τοῦ
492 2600 705 2672 [ἰατρὸς
739 2602 1089 2674 ὑποθήσεται,
1111 2598 1155 2674 ᾧ
1183 2606 1501 2659 διετυποῦτο
1526 2609 1558 2678 η
1580 2609 1732 2680 φωνὴ
1763 2610 1857 2663 καὶ
1878 2610 1948 2663 τὰ

362 2693 616 2763 pigitum;
654 2694 715 2747 Ei
737 2694 846 2766 γάρ
879 2682 995 2750 ἐστὶ
1026 2697 1208 2767 μέσον,
1237 2699 1293 2749 ὲν
1323 2696 1599 2771 ἰδιαζούσῃ
1626 2699 1785 2767 φύσει
1813 2700 1947 2754 πάν-

360 2800 473 2847 τως
491 2784 663 2844 ἐστὶν.
688 2785 764 2850 ib;
787 2788 924 2858 μήτε
958 2787 1036 2858 τῷ
1070 2787 1274 2859 Πατέρι
1301 2789 1497 2843 ταύτὸν
1517 2786 1675 2851 εἶναι,
1702 2792 1839 2861 μήτε
1870 2792 1948 2863 τῷ

362 2871 481 2943 Υἰῷ
500 2872 641 2925 κατὰ
667 2872 765 2944 τὴν
785 2874 946 2943 φύσιν
970 2875 1306 2946 συμδαίνειν.
1349 2878 1488 2930 Ἀλλ’
1522 2878 1707 2951 ἔτερόν
1727 2897 1779 2934 τι
1813 2882 1949 2935 πάν-

361 2983 470 3027 τως
495 2966 557 3022 ὃν
580 2966 847 3038 διίστησιν
901 2969 996 3022 ἀπ’
1042 2969 1285 3041 ἀλλήλων
1339 2972 1432 3025 τὸν
1460 2972 1680 3043 Πατέρα
1719 2974 1816 3028 καὶ
1857 2975 1948 3028 τὸν

364 3056 514 3122 Υἱδν,
553 3060 755 3129 μεταξὺ
782 3059 891 3113 τῶν
922 3059 1015 3114 δύο
1060 3062 1530 3133 παρενειρόμενον.
1556 3064 1620 3116 Τί
1642 3059 1735 3116 οὖν
1765 3064 1943 3129 rauco;

364 3150 597 3202 Κτιστὺν
623 3151 722 3204 οὐκ
770 3150 885 3204 ἔστι
908 3168 923 3182 ·
959 3151 1196 3223 νεωτέρα
1222 3153 1331 3225 γὰρ
1361 3155 1394 3225 ἡ
1425 3153 1600 3218 κτίσις
1630 3153 1722 3209 τοῦ
1747 3156 1943 3225 Λόγου,

360 3241 619 3311 γεννητὸν
657 3244 749 3295 τὸν
777 3243 1054 3314 Μονογενῆ
1084 3244 1330 3315 ἐδιδάχθη
1339 3263 1456 3315 μεν.
1491 3246 1784 3318 ἀγέννητον
1811 3249 1947 3321 πλὴν

362 3331 459 3385 τοῦ
495 3333 704 3405 Πατρός
730 3336 877 3388 ἐστιν
908 3336 1079 3390 οὐδέν.
1103 3336 1310 3391 Οὐκοῦν
1337 3337 1394 3402 ἐξ
1425 3337 1669 3407 ἀνάγκης
1696 3340 1757 3393 τὸ
1784 3342 1947 3411 μηδὲν

338 3418 505 3493 τείναι
527 3425 692 3493 μέσον
724 3425 817 3478 τοῦ
845 3427 1056 3497 [ἰατρὸς
1085 3428 1178 3481 καί
1203 3427 1296 3481 τοῦ
1321 3428 1449 3483 Υἰοῦ
1469 3432 1609 3484 νοεῖν
1631 3430 1659 3483 ὁ
1693 3432 1790 3502 τῆς
1818 3433 1949 3504 ἀλη-

362 3515 517 3580 θείας
568 3516 722 3586 λόγος
776 3519 1189 3585 συναναγκάζει.
1239 3520 1412 3573 Ὅπου
1458 3521 1513 3574 δὲ
1540 3520 1816 3585 διάστασις
1848 3523 1948 3575 οὐκ

358 3606 683 3668 ἐπινοεῖται,
733 3605 796 3658 τὸ
843 3606 1188 3678 συνημμένον
1231 3608 1444 3671 πάντως
1474 3609 1815 3680 ὁμολογεῖται
1838 3629 1853 3644 ο
1883 3613 1944 3666 τὸ

358 3695 421 3750 δὲ
454 3695 544 3749 διὰ
569 3697 783 3751 πάντων
830 3698 1193 3769 συνημμένον,
1225 3702 1376 3772 φωνῇ
1407 3702 1497 3754 καὶ
1528 3700 1676 3770 λόγῳ
1700 3703 1760 3755 οὐ
1798 3720 1946 3772 μεσι-

359 3787 582 3841 τεύεται
597 3804 614 3821 ο
635 3790 979 3860 συνημμένον
1002 3790 1060 3843 δὲ
1085 3790 1228 3860 λέγω
1245 3792 1306 3844 τὸ
1326 3793 1391 3844 ἐν
1416 3793 1579 3845 πᾶσιν
1608 3792 1907 3862 ἀχώριστον
1929 3810 1941 3823 ’

359 3879 425 3934 οὐ
459 3878 568 3951 γὰρ
590 3882 908 3952 σωματικήν
940 3898 1062 3936 τινα
1091 3883 1368 3953 συμφυΐαν
1399 3883 1491 3937 ἐπὶ
1524 3884 1621 3953 τῆς
1637 3886 1826 3954 νοερᾶς
1843 3884 1942 3953 φύ-

361 3988 506 4036 σεως
541 3971 600 4025 τὸ
631 3973 802 4044 ὄνομα
827 3975 926 4047 τῆς
955 3975 1250 4047 συναφείας
1288 3975 1639 4040 ἐνδείκνυται,
1668 3976 1802 4030 ἀλλὰ
1843 3976 1943 4048 τὴν

358 4062 460 4117 τοῦ
494 4064 685 4134 νοητοῦ
724 4065 860 4137 πρὸς
901 4066 964 4120 τὸ
989 4066 1178 4137 νοητὸν
1214 4065 1302 4119 διὰ
1340 4066 1439 4137 τῆς
1477 4067 1800 4139 ταυτότητος
1837 4067 1945 4121 τῶν

361 4148 708 4226 θελημάτων.
738 4155 933 4210 ἕνωσίν
959 4173 1017 4211 τε
1044 4156 1137 4211 καὶ
1164 4155 1485 4228 ἀνάκρασιν.

2050 510 2181 565 siris
2213 526 2320 563 non
2349 524 2472 563 esse
2504 507 2871 579 dispertitum,
2916 506 3059 561 sicut
3091 504 3235 576 apud
3268 517 3369 558 nes
3398 515 3621 571 separa-

2050 601 2143 654 tim
2176 599 2443 655 sentiendi
2465 600 2955 655 instrumentorum
2990 595 3441 666 unumquodque,
3473 592 3619 663 quod

2048 692 2151 746 sibi
2186 703 2475 762 cognatum
2508 692 2756 762 percipit,
2784 691 2997 746 risibile
3030 688 3251 760 quidem
3282 685 3503 742 videndi
3541 684 3620 738 fa—

2049 783 2248 845 cultas,
2303 783 2542 838 audihile
2587 782 2842 837 audiendi
2902 796 3100 837 sensus
3144 798 3157 833 :
3208 793 3383 846 neque
3442 784 3620 830 tactus

2049 883 2446 946 gustat,neque
2474 874 2693 929 auditus
2720 887 2954 943 vapores
2996 880 3051 927 et
3093 885 3321 940 sapores
3365 866 3618 936 percipit,

2051 969 2144 1023 sed
2176 969 2605 1039 unumquodque
2631 969 2685 1022 in
2731 983 2834 1020 una
2871 964 3186 1035 operatione
3208 969 3511 1031 permanet,
3553 957 3620 1011 ad

2050 1078 2211 1132 quam
2260 1079 2290 1117 a
2345 1070 2538 1118 natura
2587 1061 2902 1118 ordinatum
2950 1068 3055 1124 est,
3104 1071 3168 1112 ac
3219 1052 3623 1126 quodammodo

2050 1169 2215 1210 sensu
2250 1165 2400 1210 caret
2443 1157 2508 1210 ad
2555 1154 2615 1210 id
2639 1155 2783 1225 quod
2818 1168 2927 1208 non
2959 1167 2993 1206 a
3018 1158 3214 1206 natura
3242 1154 3621 1217 comparatum

2049 1254 2154 1309 est,
2193 1263 2294 1302 nec
2321 1248 2441 1317 ejus
2477 1247 2765 1303 suavitatis
2798 1254 3015 1316 gustum
3059 1242 3246 1305 habet,
3291 1238 3451 1307 cujus
3493 1235 3624 1290 \ici-

2052 1354 2154 1391 nus
2181 1354 2382 1394 sensus
2416 1340 2746 1409 voluptatem
2783 1337 2949 1406 capit.
2992 1335 3106 1389 lllic
3141 1340 3321 1387 autem
3368 1344 3477 1383 non
3518 1328 3620 1386 sic.

2051 1432 2146 1487 sed
2181 1440 2330 1485 totus
2359 1446 2453 1501 per
2483 1438 2657 1484 totum
2703 1430 2845 1483 Deus
2873 1437 2980 1491 est,
3026 1427 3180 1481 visus
3212 1432 3265 1479 ct
3305 1421 3528 1477 auditus
3569 1427 3625 1472 et

2051 1521 2310 1592 cognitio.
2348 1520 2464 1576 Non
2498 1522 2641 1576 enim
2671 1519 2782 1587 jam
2822 1517 2902 1572 fas
2946 1525 3029 1573 est
3074 1523 3281 1570 naturae
3328 1508 3625 1565 immortali

2053 1628 2249 1669 sensus
2282 1613 2454 1684 magis
2482 1611 2749 1665 animales
2772 1609 3091 1671 attribuere,
3117 1605 3221 1660 nisi
3253 1619 3375 1659 cum
3410 1609 3626 1670 oportet

2053 1701 2257 1771 aliquid
2299 1700 2503 1755 humile
2535 1714 2865 1769 supponere,
2914 1705 2970 1752 et
3012 1697 3077 1750 ad
3133 1694 3281 1748 humi
3335 1691 3624 1761 depressas

2050 1794 2338 1864 opiniones
2386 1791 2531 1859 quod
2570 1791 2817 1845 divinum
2859 1796 2943 1843 est
2994 1786 3287 1841 deducere.
3344 1785 3525 1849 Quare
3577 1781 3623 1834 si

2052 1895 2304 1957 putemus
2342 1884 2555 1939 Patrem
2592 1899 2688 1953 per
2730 1898 2794 1938 os
2842 1881 3006 1936 verba
3053 1878 3313 1938 tundere,
3349 1876 3624 1929 auditum-

2050 1993 2156 2049 que
2207 1977 2330 2032 Filii
2381 1974 2635 2030 audiendi
2668 1972 2816 2043 fungi
2868 1984 3094 2025 munere
3138 1967 3314 2038 :quid
3385 1964 3623 2020 medium

2049 2083 2446 2141 Supponetnus,
2487 2065 2631 2136 quod
2678 2065 2744 2120 ad
2780 2062 2900 2118 Filii
2934 2061 3178 2116 auditum
3216 2068 3495 2129 paternam
3532 2071 3624 2109 vo-

2048 2178 2165 2218 cctn
2198 2160 2457 2217 deducit?
2488 2157 2601 2213 [loc
2641 2163 2857 2229 oportet
2877 2163 3122 2209 creatum
3149 2166 3273 2207 esse
3296 2149 3377 2204 vel
3411 2150 3626 2201 increa-

2049 2252 2308 2307 tnm'sed
2344 2259 2586 2306 creatum
2613 2250 2801 2304 dicere
2851 2247 2933 2302 fas
2980 2260 3086 2299 non
3129 2252 3250 2310 est;
3305 2241 3622 2325 priuSquam

2048 2345 2196 2398 enim
2252 2350 2505 2398 creatura
2556 2341 2907 2403 consisteret,
2940 2336 3180 2392 Verbum
3217 2341 3359 2389 erat.
3410 2331 3623 2385 Incrca-

2049 2437 2164 2482 tmn
2199 2437 2383 2483 autem
2425 2429 2558 2483 nihil
2590 2437 2676 2484 εει
2708 2435 3069 2497 przeterquam
3100 2422 3283 2477 divina
3317 2428 3529 2475 natura.
3566 2419 3621 2475 Si

2049 2520 2217 2591 igitur
2260 2534 2369 2573 non
2429 2528 2547 2573 erat
2598 2526 2872 2580 creatura,
2930 2528 3112 2570 sermo
3155 2513 3316 2582 cujus
3363 2510 3507 2565 facta
3540 2516 3627 2563 est

2050 2612 2254 2669 mentio
2279 2611 2332 2665 in
2359 2611 2546 2666 mundi
2577 2611 2871 2667 creatione.
2900 2607 3178 2675 antiquior
3201 2610 3319 2658 erat
3347 2609 3621 2655 creatura.

2050 2702 2193 2773 Ergo
2209 2702 2301 2773 qui
2333 2700 2497 2756 verba
2524 2700 2660 2755 dicit
2690 2707 2745 2755 et
2783 2696 2935 2753 vocis
2966 2710 3160 2751 sonum
3202 2709 3296 2763 per
3317 2704 3622 2747 sermonem

2048 2792 2369 2861 significari,
2419 2791 2549 2861 quid
2618 2790 2858 2846 medium
2902 2789 3045 2843 inter
3074 2784 3289 2839 Patrem
3342 2792 3398 2838 et
3428 2782 3622 2836 Filium
3664 2826 3682 2845 ,

2048 2883 2322 2954 subjiciet,
2353 2897 2462 2955 quo
2490 2897 2587 2936 vox
2620 2888 2676 2936 et
2705 2880 2870 2936 verba
2906 2874 3371 2933 cliormahantur?
3396 2871 3455 2927 Si
3477 2872 3623 2928 enim

2048 2984 2132 3030 est
2180 2973 2442 3038 medium,
2497 2973 2550 3027 in
2596 2971 2862 3041 peculiari
2908 2979 2963 3025 et
2997 2977 3247 3038 separata
3297 2974 3513 3045 natura‘
3541 2971 3626 3018 est

2002 3124 2013 3141 ο
2051 3066 2237 3137 procul
2270 3066 2459 3121 dubio.
2488 3063 2563 3118 Ita
2614 3071 2671 3117 ut
2721 3063 3022 3132 contingat,
3071 3074 3248 3128 neque
3293 3072 3419 3112 cum
3462 3055 3623 3109 Patre

2050 3158 2190 3213 idem
2239 3172 2383 3224 esse,
2436 3171 2615 3227 neque
2663 3170 2787 3209 eum
2826 3148 2965 3208 Filio
3006 3151 3306 3207 secundum
3347 3157 3622 3207 naturam,

2048 3249 2143 3308 sed
2172 3249 2300 3319 quid
2324 3248 2548 3304 omnino
2570 3247 2848 3301 diversum
2873 3245 3017 3316 quod
3042 3244 3256 3298 Patrem
3288 3248 3343 3294 ει
3378 3237 3572 3292 Filium
3594 3252 3624 3287 a

2048 3358 2109 3397 se
2137 3339 2446 3409 distinguit,
2471 3338 2614 3409 quod
2637 3339 2779 3393 inter
2799 3337 2940 3393 duos
2962 3336 3244 3390 inseritur.
3282 3329 3424 3398 Quid
3459 3328 3627 3398 igitur

2051 3434 2154 3489 hoc
2171 3428 2371 3488 fuerit?
2390 3430 2507 3486 Non
2524 3441 2606 3487 est
2621 3438 2887 3495 creatum,
2904 3429 3091 3501 iunior
3109 3427 3252 3482 enim
3279 3423 3455 3478 Verbo
3474 3435 3623 3475 crea-

2050 3533 2195 3587 tura,
2220 3523 2510 3593 unigenam
2542 3521 2712 3577 Deum
2745 3521 2988 3590 genitum
3030 3534 3155 3575 esse
3192 3515 3370 3573 edocti
3410 3526 3622 3575 smnus,

2051 3615 2351 3685 ingenitum
2377 3621 2582 3676 autem,
2611 3613 2770 3668 Patre
2789 3623 3039 3682 excepto.
3070 3609 3205 3664 nihil
3233 3616 3337 3661 est.
3365 3603 3627 3659 Necessa-

2049 3706 2134 3759 rio
2166 3705 2333 3774 igitur
2361 3703 2492 3757 nihil
2514 3706 2655 3758 inter
2683 3702 2902 3758 Patrem
2929 3709 2984 3756 et
3009 3699 3208 3754 Filium
3238 3697 3478 3752 medium
3504 3707 3627 3747 esse

2048 3796 2295 3868 cogitare
2327 3809 2512 3851 sermo
2541 3793 2789 3848 veritatis
2829 3792 3017 3867 adigit.
3072 3789 3172 3845 Ubi
3206 3801 3336 3843 vero
3363 3783 3624 3841 distantia

2050 3903 2157 3955 non
2184 3886 2525 3957 intelligitur,
2555 3886 2659 3940 hoc
2688 3891 3030 3954 compactum
3060 3890 3116 3937 et
3138 3892 3446 3935 connexum
3471 3888 3626 3943 pror-

2051 3996 2148 4038 sus
2176 3979 2532 4045 conceditur;
2561 3976 2705 4047 quod
2737 3984 2917 4031 autem
2948 3989 3045 4044 per
3074 3972 3255 4026 omnia
3280 3976 3622 4037 compactum
3736 4016 3749 4027 ,

2049 4083 2156 4132 est.
2187 4073 2363 4127 media
2424 4085 2557 4126 voce
2611 4077 2667 4125 et
2719 4078 2971 4123 sermone
3010 4080 3118 4120 non
3163 4062 3350 4118 utitur.
3387 4059 3626 4124 Compa-

2051 4171 2200 4217 ctum
2233 4169 2414 4216 autem
2442 4159 2722 4229 dicoquod
2752 4159 2806 4212 in
2829 4157 3088 4212 omnibus
3112 4162 3198 4211 est
3229 4148 3620 4221 inseparabile;

361 4258 477 4300 non
496 4248 644 4302 enim
676 4247 1015 4316 corporalem
1047 4248 1285 4318 aliquam
1314 4262 1631 4318 compagem
1666 4248 1719 4301 in
1754 4248 2085 4321 intelngente
2121 4264 2315 4308 natura
2385 4267 2582 4308 nomen
2641 4250 2919 4321 compagis
2966 4249 3193 4314 indicat,
3258 4245 3352 4302 sed
3422 4239 3631 4298 intelli-

358 4339 550 4410 gibilis
570 4355 696 4393 cum
725 4339 1074 4412 intelligibili,
1100 4356 1196 4411 per
1217 4340 1555 4396 idcutitatem
1581 4341 1941 4409 voluntatum,
1979 4348 2345 4416 unionemque
2363 4352 2418 4402 et
2452 4343 2924 4415 temperationem.

434 4452 582 4507 Διότι
630 4450 751 4506 οὐδέ
786 4452 904 4504 ἐστι
932 4451 1161 4523 διαφορὰ
1192 4450 1286 4505 τοῦ
1310 4450 1441 4506 Υίοῦ
1480 4452 1575 4507 καὶ
1605 4451 1700 4505 τοῦ
1737 4454 1948 4524 Πατρὸς

2118 4456 2387 4524 Quocirca
2418 4471 2596 4528 neque
2637 4463 2723 4512 cst
2755 4454 3062 4511 diﬂ‘erentia
3102 4452 3221 4507 Filii
3254 4460 3309 4508 et
3350 4452 3525 4506 Patris
3568 4454 3618 4504 iu

358 4548 421 4600 ὲν
444 4545 718 4615 θελήματι
737 4562 751 4577 ·
777 4544 913 4600 ἀλλὰ
935 4546 1077 4600 κατὰ
1095 4545 1157 4598 τὸ
1167 4544 1475 4617 ἀρχέτυπον
1487 4546 1585 4618 τῆς
1613 4546 1948 4617 ἀγαθότητος

359 4638 578 4702 κάλλος.
616 4637 712 4690 καὶ
734 4638 768 4708 η
798 4636 962 4697 είκῴν
987 4639 1105 4690 ἐστι
1127 4637 1227 4707 τῆς
1245 4628 1600 4708 ἀγαθότητος.
1630 4639 1741 4692 Καὶ
1761 4640 1950 4712 ὥσπερ

356 4729 415 4782 si
440 4745 527 4791 τις
548 4727 740 4781 ἑαυτὸν
773 4729 833 4781 δν
866 4728 1155 4800 κατόπτρῳ
1187 4727 1373 4800 βλέποι
1404 4728 1626 4797 (κωλύει
1659 4729 1767 4801 γὰρ
1795 4730 1950 4783 οὐδὲν

359 4821 700 4890 σωματικοῖς
733 4818 1095 4889 ὑποδείγμασι
1116 4820 1463 4891 παραστῆσαι
1484 4820 1544 4873 τὸ
1562 4822 1782 4891 νόημα),
1808 4823 1948 4875 κατὰ

358 4911 545 4966 πάντα
572 4912 712 4980 πρὸς
741 4910 803 4963 τὸ
826 4910 1181 4982 πρωτότοκον
1210 4912 1303 4964 καὶ
1330 4913 1364 4981 ἡ
1393 4909 1557 4965 εἰκὼν
1591 4912 1945 4983 μορφωθήσε-

354 5020 472 5069 ται,
507 5003 583 5068 ὡς
611 5002 790 5057 αἰτίαν
812 5003 912 5074 τῆς
928 5005 986 5056 ιν
1009 5001 1087 5072 τῷ
1116 5002 1406 5073 κατόπτρῳ
1437 5002 1650 5072 μορφῆς
1678 5001 1816 5057 εἶναι
1846 5003 1945 5074 τὴν

355 5090 641 5164 ἑνορῶσαν
667 5095 885 5166 μορφήν
907 5109 920 5123 ·
951 5094 1047 5148 καὶ
1071 5094 1206 5164 μήτε
1247 5092 1532 5153 κινεῖσθαι,
1570 5093 1707 5165 μήτε
1730 5095 1942 5149 ἐπικλί-

355 5184 549 5240 νεσθαι
575 5185 698 5239 καθ’
724 5184 922 5257 ἑαυτὴν
952 5186 1049 5255 τὴν
1072 5184 1275 5250 εἰκόνα,
1308 5182 1382 5255 μὴ
1414 5182 1506 5237 τοῦ
1521 5184 1827 5254 ἀρχετύπου
1845 5186 1943 5257 τῆς

358 5275 747 5347 ἀπικλίσεωςῆ
778 5274 878 5347 τῆς
901 5275 1167 5345 κινήσεως
1211 5274 1492 5341 ἄρξαντος.
1522 5275 1583 5328 El
1603 5275 1658 5329 δὲ
1693 5276 1937 5347 κινηθείη

356 5368 423 5421 τὸ
465 5365 897 5438 προηγούμενον,
938 5364 1308 5435 συγκινεῖσθαι
1335 5365 1551 5429 πάντως
1581 5367 1675 5419 καὶ
1695 5368 1754 5420 τὸ
1782 5369 1837 5420 ἐν
1863 5367 1939 5437 τῷ

359 5457 653 5529 κατόπτρῳ
683 5457 1048 5527 δεικνύμενον.
1088 5455 1243 5511 Οὕτω
1274 5456 1453 5527 φαμὲν
1490 5458 1583 5510 καὶ
1612 5456 1709 5528 τὴν
1754 5459 1936 5512 εἰκόνα

2044 4549 2347 4612 voluntate,
2374 4547 2468 4603 sed
2497 4546 2797 4604 secundum
2825 4546 3204 4617 primigeniam
3226 4542 3493 4599 bonitatis
3514 4543 3624 4612 pul-

2045 4640 2438 4706 chritudinem,
2460 4640 2627 4696 etiam
2652 4639 2831 4709 imago
2852 4645 2936 4694 est
2961 4636 3237 4692 bonitatis.
3269 4635 3333 4690 Et
3360 4634 3623 4706 quemad-

2045 4732 2264 4788 modum
2299 4732 2347 4789 si
2374 4732 2499 4803 quis
2527 4731 2770 4802 scipsum
2806 4734 2860 4785 in
2896 4730 3120 4801 speculo
3156 4731 3621 4798 contemplaretur

2048 4824 2204 4897 (nihil
2241 4824 2386 4879 enim
2419 4832 2564 4879 vetat
2594 4823 2875 4894 corporeis
2913 4823 3178 4892 exemplis
3223 4822 3499 4876 notionem
3534 4836 3621 4875 re-

2048 4916 2424 4987 praesentare),
2453 4932 2547 4986 per
2578 4916 2759 4969 omnia
2794 4915 2859 4968 ad
2892 4916 3168 4984 exemplar
3197 4915 3377 4981 imago
3418 4913 3621 4967 forma-

2047 5004 2211 5067 bitur,
2236 4986 2294 5059 ut
2322 5019 2489 5060 causa
2523 5005 2595 5060 sit
2627 5005 2817 5059 forma:
2846 5019 2966 5074 qua:
2998 5012 3082 5058 est
3110 5003 3163 5056 iu
3193 5002 3416 5071 speculo
3443 5003 3618 5057 forma

2045 5108 2167 5164 quae
2199 5095 2442 5149 intuetur
2484 5113 2498 5147 :
2542 5094 2617 5148 ita
2671 5103 2733 5148 ut
2766 5109 2941 5164 neque
2981 5103 3286 5155 moveatur,
3330 5109 3506 5163 neque
3535 5095 3620 5147 iu-

2006 5214 2011 5221 ι
2045 5186 2283 5239 clinetur
2313 5201 2408 5255 per
2439 5187 2677 5258 seipsam
2714 5187 2912 5255 imago,
2961 5186 3065 5252 nisi
3100 5188 3379 5257 exemplar
3408 5187 3616 5258 princi-

2046 5278 2192 5347 pimu
2228 5276 2440 5331 dederit
2480 5278 2849 5333 inclinationis
2904 5280 2986 5332 vel
3033 5279 3308 5333 motionis.
3359 5279 3512 5345 Quod
3566 5282 3612 5335 si

2045 5368 2188 5437 quod
2220 5370 2374 5437 prmit
2402 5376 2608 5421 motum
2628 5368 2813 5428 fuerit,
2838 5368 2999 5421 siuml
3033 5369 3194 5422 etiam
3224 5371 3425 5422 moveri
3457 5370 3615 5438 plane

2045 5460 2186 5531 quod
2230 5461 2281 5514 iu
2314 5460 2536 5531 speculo
2578 5468 3019 5531 repraesentatur.
3065 5460 3153 5515 Sic
3194 5462 3429 5516 dicimus
3479 5463 3613 5515 ima-

359 5551 456 5604 τοῦ
488 5550 626 5605 Θεοῦ
652 5550 745 5606 τοῦ
771 5551 1024 5622 ἀοράτου,
1054 5550 1141 5604 τόν
1182 5550 1402 5623 Κύριον,
1426 5550 1558 5623 πρὸς
1576 5553 1755 5607 πᾶσαν
1778 5550 1930 5624 θελή-

2047 5555 2219 5625 gincm
2255 5551 2344 5608 Dci
2391 5552 2680 5607 invisibilis
2721 5552 3031 5616 Dominum,
3076 5552 3141 5607 ad
3174 5568 3385 5608 omnem
3423 5555 3613 5607 volun-
