4010 6212
415 334 522 398 985
1642 341 1700 398 S.
1742 340 2071 398 GREGORII
2091 339 2389 396 NYSSENI
2568 334 2574 336 ’
3557 343 3662 400 986

411 466 544 522 tatis
582 464 900 525 motionem.
961 459 1272 516 immediate
1333 467 1386 516 et
1443 460 1650 531 absque
1701 461 2022 520 intervallo.

2122 477 2255 523 ,ατος
2279 460 2512 530 κίνησιν,
2559 458 2784 528 ἀμέσως
2811 473 2869 510 τε
2899 458 2994 509 καὶ
3037 457 3368 522 ἀδιαττάτως
3406 460 3672 515 συνδιατίο

414 576 543 616 cum
595 559 757 613 Patre
803 557 966 611 allici.
1005 553 1188 608 Voluit
1225 552 1433 624 aliqtlid
1476 553 1654 618 Pater,
1701 563 1754 611 et
1806 556 1897 625 qui
1935 557 1990 610 in

2125 553 2278 606 εσθαι
2307 550 2384 620 τῷ
2410 549 2605 620 Πατρί.
2640 548 2900 620 Ἡθέλησέ
2939 566 2992 600 τι
3020 549 3051 600 6
3086 549 3290 618 Πατὴρ,
3325 551 3419 603 καὶ
3446 554 3475 605 6
3508 556 3567 605 ἐν
3593 554 3673 624 τῷ

416 653 578 707 Patre
608 660 690 706 est
721 649 892 705 Filius
917 646 1094 702 Patris
1124 647 1459 701 voluntatem
1487 649 1637 702 novit
1664 663 1678 700 :
1717 649 1826 703 imo
1863 663 1992 702 vero

418 747 535 814 ipse
563 743 742 797 Patris
767 743 1019 796 voluntas
1048 747 1153 794 est.
1180 737 1282 804 Qui
1315 740 1458 793 enim
1498 740 1682 793 omnia
1711 753 1832 808 quae
1864 744 1995 792 sunt

420 836 601 892 Patris
647 837 702 890 in
731 835 912 906 seipso
943 833 1128 893 habet.
1179 830 1315 885 nihil
1361 839 1446 886 est
1475 846 1663 885 eorum
1705 845 1826 900 quat
1868 839 1996 884 sunt

421 927 568 998 quod
609 943 718 982 non
761 927 975 980 haheat.
1038 921 1095 978 Si
1135 922 1246 993 jam
1278 921 1461 976 omnia
1515 920 1676 974 habet
1721 921 1774 974 in
1811 919 1995 988 seipso

424 1037 546 1092 qua:
585 1028 810 1090 paterna
865 1025 1025 1080 sunt,
1077 1015 1186 1068 imo
1239 1028 1368 1066 vero
1419 1021 1473 1067 et
1525 1013 1703 1081 ipsum
1761 1010 1994 1077 Patrem,

427 1112 649 1168 omnino
678 1126 803 1165 cum
835 1107 996 1162 Patre
1027 1115 1080 1161 et
1115 1106 1201 1160 his
1237 1119 1359 1174 quas
1392 1113 1518 1158 sunt
1574 1101 1770 1166 Patris,
1827 1111 1996 1154 totam

425 1206 764 1261 voluntatem
802 1211 1082 1271 paternam
1130 1199 1182 1253 in
1245 1197 1428 1266 seipso
1479 1195 1661 1249 habet.
1717 1195 1834 1248 Non
1882 1203 2002 1262 eget

429 1297 596 1367 igitur
650 1292 828 1348 Patris
884 1291 1215 1346 voluntatem
1266 1303 1364 1358 per
1409 1301 1716 1340 sermonem
1766 1284 1998 1344 discere,

430 1389 548 1456 ipse
579 1401 704 1440 cum
739 1385 811 1438 sit
854 1380 1032 1436 Patris
1087 1379 1302 1440 Sermo,
1357 1377 1678 1432 sublimiore
1729 1375 2002 1431 sermonis

431 1475 854 1548 signiﬁcatione.
887 1472 1022 1538 Quis
1046 1471 1214 1540 igitur
1249 1469 1338 1524 ille
1367 1483 1548 1523 sermo
1581 1467 1673 1538 qui
1706 1467 1763 1521 tit
1787 1466 1854 1521 ad
1875 1481 2000 1522 eum

432 1565 528 1633 qui
587 1579 711 1618 vere
747 1570 831 1618 est
878 1560 1109 1616 Sermo?
1152 1569 1207 1613 et
1262 1555 1538 1628 quomodo
1591 1557 1684 1626 qui
1738 1571 1863 1613 vere
1919 1563 2004 1610 est

435 1654 650 1718 Sermo,
682 1668 874 1710 rursus
904 1651 1012 1705 alio
1040 1665 1292 1705 sermone
1322 1648 1386 1702 ad
1422 1647 1728 1703 doetrin‘am
1765 1647 2004 1718 indiget?

436 1747 542 1812 Qui
579 1748 632 1800 in
662 1743 768 1799 Deo
795 1754 904 1809 est,
937 1743 1080 1798 sicut
1111 1742 1187 1796 ait
1221 1741 1538 1810 Apostolus,
1571 1749 1618 1793 et
1642 1741 1820 1793 omnia
1853 1755 2004 1793 scru-

435 1847 603 1896 tatur.
628 1837 788 1890 etiam
827 1833 1091 1903 profunda
1122 1833 1220 1887 Dei
1255 1834 1320 1886 ".
1355 1833 1411 1886 Si
1449 1833 1612 1901 igitur
1650 1831 1874 1887 verbum
1904 1831 2005 1884 ali-

436 1929 581 2000 quod
613 1927 755 1982 Deus
790 1926 1016 1997 proli-rt,
1064 1925 1244 1980 omnis
1288 1934 1466 1980 autem
1507 1939 1688 1980 sermo
1719 1924 1772 1977 in
1819 1921 2005 1978 auditu

437 2025 718 2084 operatur,
746 2017 822 2070 illi
849 2017 940 2087 qui
976 2015 1142 2070 Deum
1175 2015 1388 2084 operari
1420 2013 1770 2069 sermonibus
1795 2012 2011 2068 discur-

439 2108 575 2164 sivis
616 2116 892 2173 asserunt,
921 2117 1108 2161 notum
1130 2105 1332 2160 l'ariant
1359 2106 1518 2160 nobis
1547 2105 1856 2181 divinorum
1891 2121 2011 2160 ser-

440 2216 664 2256 monum
688 2199 1040 2255 auditorium.
1073 2199 1153 2253 Ad
1183 2199 1419 2268 seipsum
1458 2198 1605 2268 loqui
1641 2213 1747 2252 non
1785 2198 2009 2267 indiget,

441 2307 543 2348 nec
579 2302 698 2347 erat
731 2291 904 2348 Filius
931 2291 1149 2363 indigus
1189 2292 1308 2361 ejus
1345 2292 1608 2346 doctrinm
1640 2308 1758 2362 qua:
1797 2299 2014 2346 constat

439 2383 624 2440 verbis
655 2401 667 2437 :
703 2381 960 2449 Spiritus.
1004 2384 1202 2454 inquit,
1241 2385 1417 2438 omnia
1440 2393 1820 2446 perscrutatur.
1851 2383 2010 2437 etiam

437 2474 706 2545 profunda
741 2476 861 2530 Dei.
931 2474 1192 2531 Creatura
1250 2477 1493 2531 nondum
1542 2485 1680 2530 erat.
1722 2475 1804 2530 Ad
1853 2490 2014 2544 quem

441 2583 625 2624 sermo
679 2569 856 2622 tactus
904 2568 1029 2622 est?
1057 2566 1164 2623 Sed
1213 2583 1344 2633 non,
1381 2567 1475 2629 ait,
1529 2565 1696 2622 Llosis
1732 2564 2015 2636 Scriptura

444 2659 726 2723 mentitur,
763 2672 860 2727 per
894 2673 1059 2728 quam
1103 2657 1273 2712 Deum
1318 2657 1522 2728 aliquid
1567 2657 1773 2712 dixisse
1805 2657 2018 2712 audivi-

446 2765 591 2806 mus.
633 2748 818 2820 Neqtte
851 2765 1079 2821 magnus
1115 2749 1283 2804 David
1311 2758 1392 2805 est
1422 2765 1452 2804 e
1481 2764 1709 2804 numero
1751 2749 2020 2804 mentien-

445 2842 607 2905 tium,
637 2843 769 2895 dicit
817 2842 962 2897 enim
1009 2839 1297 2896 manifeste
1329 2840 1411 2895 sic
1456 2839 1523 2894 ad
1578 2840 1826 2904 verbum,
1873 2839 2018 2910 quod

449 2932 580 2989 ϐαξιὶ
625 2943 878 2988 enarrant
923 2932 1148 3002 gloriam
1194 2931 1311 2994 Dei,
1351 2941 1400 2986 et
1454 2947 1582 3000 opus
1617 2949 1868 2985 manuum
1905 2933 2020 3000 ejus

451 3025 730 3079 annuntiat
752 3025 1162 3094 ﬁrmamentum.
1203 3023 1322 3078 Dies
1348 3023 1451 3078 diei
1475 3032 1680 3077 eructat
1716 3027 1949 3089 verbum,
1971 3031 2022 3078 et

2092 646 2266 716 Πατρί
2295 644 2370 698 ὢν
2397 643 2523 707 Υἱὸς
2551 639 2656 696 εἶδε
2695 643 2757 695 τὸ
2787 643 2994 714 θέλημα
3029 643 3123 696 τοῦ
3166 645 3377 714 Πατρός
3404 661 3418 676 ο
3469 648 3673 716 μᾶλλον

2090 737 2146 791 δὲ
2179 735 2338 798 αὐτὸς
2357 735 2450 788 τοῦ
2489 735 2702 805 Πατρδς
2733 735 2951 802 ἐγένετο
2991 735 3219 805 θέλημα.
3265 735 3324 788 'U
3353 736 3462 808 γὰρ
3495 738 3675 792 πάντα

2092 825 2161 878 τὰ
2183 826 2274 879 τοῦ
2300 823 2511 894 Πατρὸς
2535 823 2672 893 έχων
2699 824 2756 875 ἐν
2801 822 2997 892 έαυτῷ,
3020 823 3120 874 οὐκ
3157 822 3302 874 ἐστιν
3323 823 3350 876 ὃ
3369 839 3421 875 τι
3442 823 3552 875 τῶν
3579 824 3671 876 τοῦ

2096 917 2307 986 Πατρὸς
2333 917 2432 970 οὒκ
2485 915 2614 986 ἔχει.
2645 916 2707 969 Εἰ
2735 915 2791 969 δὲ
2817 917 2998 969 πάντα
3038 915 3153 984 ἔχει
3184 918 3240 968 ἐν
3272 915 3450 985 ἐαυτῷ
3477 917 3547 969 1'1
3576 935 3674 970 πα-

2095 1009 2248 1081 τρῷα
2265 1026 2278 1039 °
2321 1009 2518 1080 μᾶλλον
2543 1008 2600 1061 δὲ
2623 1009 2717 1062 καὶ
2742 1008 2906 1062 αὐτὸν
2933 1007 3026 1060 τόν
3046 1007 3267 1078 Πατέρα
3287 1010 3503 1071 πάντως
3533 1009 3676 1078 μετὰ

2096 1099 2190 1152 τοῦ
2246 1099 2457 1170 Πατρὸς
2489 1100 2582 1153 καὶ
2609 1099 2717 1153 τῶν
2741 1097 2832 1152 τοῦ
2863 1099 3096 1170 Πατρὸς,
3134 1099 3253 1151 ὅλον
3286 1099 3347 1151 τὸ
3367 1098 3582 1169 θέλημα
3616 1101 3674 1152 ὲν

2098 1189 2274 1260 ἐαυτῷ
2298 1189 2411 1260 ἕχει
2448 1189 2507 1242 τὸ
2551 1188 2822 1262 πατρῷον.
2855 1191 2930 1244 Οὐ
2965 1190 3156 1260 χρῄζει
3181 1190 3356 1242 τοίνυν
3397 1191 3542 1260 λόγῳ
3568 1209 3676 1261 μαι

2101 1282 2214 1336 θεῖν
2241 1280 2335 1336 τοῦ
2390 1281 2602 1354 Πατρδς
2633 1282 2695 1335 τὸ
2728 1281 2959 1352 θέλημα,
2985 1281 3149 1344 αὐτὸς
3181 1280 3255 1334 ὢν
3287 1280 3377 1334 τοῦ
3408 1282 3624 1350 [ἰατρὸς
3651 1286 3678 1336 6

2101 1377 2274 1444 Λόγος
2330 1375 2470 1428 κατὰ
2517 1375 2615 1446 τὴν
2649 1374 2984 1445 ὑψηλοτέραν
3031 1373 3307 1444 σημασίαν
3349 1372 3440 1426 τοῦ
3486 1373 3674 1442 λόγου.

2101 1469 2197 1534 Τίς
2215 1465 2308 1522 οὗν
2329 1471 2532 1530 ἐκεῖνος
2563 1470 2592 1521 ό
2611 1467 2767 1535 λόγος
2796 1469 2826 1519 ό
2857 1466 2992 1536 πρὸς
3010 1466 3101 1518 τὸν
3133 1465 3301 1528 ὅντως
3325 1465 3498 1532 Λόγον
3533 1467 3679 1532 γινό-

2105 1577 2296 1632 μενοςς
2339 1561 2447 1614 Καὶ
2498 1559 2615 1622 πῶς
2643 1559 2672 1611 6
2699 1559 2867 1621 ὅντως
2891 1559 3062 1626 Λόγος
3083 1557 3254 1625 ,λόγου
3303 1557 3461 1610 πάλιν
3491 1557 3680 1629 ἐτέρου

2103 1653 2239 1724 πρὸς
2267 1651 2620 1706 διδασκαλίαν
2653 1651 3006 1722 προσδέεται;
3044 1652 3142 1714 ’ος
3167 1652 3236 1703 ἐν
3273 1648 3350 1714 τῷ
3388 1649 3510 1714 Θεῴ
3526 1650 3679 1712 ἐστι,

2105 1743 2288 1807 καθώς
2325 1761 2489 1814 φησιν
2524 1744 2553 1795 6
2589 1741 2928 1806 ’Δπόστολος.
2966 1741 3063 1796 καί
3095 1740 3290 1794 πάντα
3317 1739 3556 1809 ἐρευνᾷ,
3584 1742 3681 1796 καὶ

2110 1837 2184 1890 τὰ
2199 1833 2360 1901 ,βάθη
2383 1833 2488 1888 τοῦ
2511 1833 2676 1888 Θεοῦ.
2706 1835 2770 1886 El
2793 1829 2883 1887 οὖν
2913 1834 3116 1903 ῥήματι
3147 1831 3439 1900 φθέγγεται
3473 1834 3503 1885 ὁ
3532 1831 3684 1894 Θεὸς.

2111 1930 2219 1990 πᾶς
2245 1927 2300 1980 δὲ
2331 1927 2483 1995 λόγος
2504 1926 2596 1978 ἐπὶ
2616 1925 2784 1995 ἀκοῆς
2805 1925 3128 1994 ἐνεργεῖται,
3157 1926 3204 1977 οἱ
3232 1924 3587 1995 δημιουργεῖν
3599 1925 3686 1977 τὸν

2110 2019 2242 2073 Θεὸν
2259 2019 2565 2083 διεξοδικοῖς
2585 2017 2764 2085 λόγοις
2787 2016 3231 2086 ἀποφαινόμενοι,
3259 2017 3687 2087 γνωρισάτωσαν

2113 2113 2244 2183 ἡμῖν
2271 2111 2364 2164 καὶ
2390 2109 2451 2183 16
2475 2109 2580 2162 τῶν
2607 2107 2765 2161 θείων
2788 2107 2960 2176 λόγων
2988 2108 3368 2178 ἀκροατήριον.
3395 2108 3540 2175 Πρὸς
3568 2109 3690 2160 ἐαυο

2112 2177 2203 2258 τόν
2248 2177 2429 2256 λαλεῖν
2468 2203 2567 2256 οὐκ
2591 2201 2849 2261 ἐνδέεται.
2877 2200 2906 2252 6
2928 2201 3052 2264 Υἱὸς
3070 2177 3384 2272 ἀπροσδεὴς
3417 2196 3488 2272 ἦν
3510 2201 3608 2271 τῆς
3630 2203 3692 2253 ἐκ

2117 2297 2376 2366 ῥημάτων
2439 2293 2819 2356 διδασκαλίας”
2848 2293 2921 2347 Τὸ
2977 2292 3216 2362 Πνεῦμα
3252 2292 3468 2353 πάντα,
3505 2293 3689 2362 φησὶν.

2114 2385 2350 2455 ἐρευνᾷ,
2384 2385 2480 2439 καί
2513 2386 2584 2438 τὰ
2608 2384 2770 2450 ,ϐάθη
2798 2384 2904 2438 τοῦ
2932 2381 3081 2438 Θεοῦ
3100 2398 3113 2412 ·
3145 2385 3179 2455 ἠ
3210 2383 3386 2447 κτίσις
3413 2383 3570 2437 οὔπω
3605 2379 3690 2454 ἦν.

2116 2478 2259 2550 Πρὸς
2281 2476 2398 2531 τίνα
2418 2478 2446 2529 6
2481 2475 2636 2543 λόγος
2659 2473 2898 2543 ἐγίνετο;
2941 2475 3080 2528 Ἀλλ’
3115 2475 3176 2526 οὐ
3206 2471 3479 2541 ψεύδεται,
3510 2475 3693 2545 φησὶν,

2117 2573 2151 2642 ἠ
2183 2570 2277 2624 τοῦ
2300 2570 2541 2633 Μωσέως
2576 2569 2786 2641 Γραφὴ,
2805 2568 2871 2621 δι’
2891 2563 2957 2638 ἦς
2979 2568 3040 2621 τὸ
3069 2569 3344 2638 εἰρηκέναι
3366 2585 3419 2621 τι
3442 2569 3535 2620 τὸν
3567 2567 3696 2620 Θεὸν

2117 2662 2456 2731 ἀκηκόαμεν.
2490 2659 2622 2712 Οὐδὲ
2654 2660 2762 2728 γὰρ
2783 2659 2810 2710 6
2836 2659 3010 2730 μέγας
3035 2658 3198 2710 Δαϐἰδ
3218 2657 3326 2710 τῶν
3351 2658 3698 2728 ψευδομένων

2118 2755 2235 2806 ἐστί
2259 2768 2271 2782 ’
2307 2751 2452 2821 λέγει
2471 2753 2527 2804 δὲ
2546 2751 2730 2819 σαςῶς
2755 2749 2927 2813 οὕτως
2954 2750 3098 2804 κατὰ
3131 2749 3295 2816 λέξιν,
3322 2749 3403 2802 ὃτι
3438 2753 3506 2802 Ol
3533 2752 3703 2816 οἱφα-

2118 2849 2214 2904 νοί
2272 2845 2613 2915 διηγοῦνται
2647 2844 2836 2910 δόξαν
2866 2844 3036 2906 Θεοῦ.
3065 2845 3164 2898 καί
3203 2845 3455 2911 ποίησιν
3488 2842 3704 2913 χειρῶν

2120 2939 2304 2994 αὑτοῦ
2343 2935 2696 3006 ἀναγγέλλει
2735 2936 2801 2989 τὸ
2833 2936 3151 3005 στερέωμα.
3185 2933 3391 3004 Ἡμέρα
3414 2934 3490 3003 τῇ
3519 2934 3704 3004 ἡμέρᾳ

2122 3031 2419 3099 ἐρεύγεται
2430 3026 2609 3098 ῥῆμα,
2636 3027 2732 3082 καί
2756 3025 2872 3092 νὺξ
2888 3027 3243 3097 ἀναγγέλλει
3263 3028 3494 3096 γνῶσιν
3508 3027 3700 3081 νυκτί.

451 3127 558 3166 no.1
616 3113 755 3166 nocti
792 3113 988 3166 indicat
1029 3115 1304 3167 scientiam
1324 3113 1392 3170 “.
1436 3113 1654 3168 Etcum
1687 3114 1824 3169 dixit
1854 3115 2022 3169 oculos

2128 3124 2236 3176 Καὶ
2266 3121 2433 3176 εἰπὼν
2458 3119 2758 3192 διηγεῖσθαι
2788 3119 3184 3188 τοὺςοῦρανοὺς
3199 3119 3291 3171 καὶ
3311 3119 3372 3171 τὸ
3396 3120 3702 3188 στερέωμα,

453 3208 508 3256 et
534 3201 960 3268 ﬁrmamentum,
1007 3212 1062 3256 et
1093 3218 1122 3256 a
1161 3203 1270 3266 die,
1300 3214 1354 3259 et
1393 3217 1423 3256 a
1467 3212 1625 3259 nocte
1656 3205 2022 3274 cegnitionem

453 3300 510 3348 et
536 3295 700 3348 verba
741 3296 1080 3359 annuntiari,
1117 3311 1309 3350 rursus
1347 3296 1511 3351 dictis
1543 3296 1846 3367 subjungit,
1878 3297 2024 3367 quod

457 3383 572 3438 hate
606 3399 712 3438 non
738 3395 868 3443 sunt
881 3387 1107 3455 loquela:
1132 3403 1308 3456 neque
1331 3403 1638 3451 sermones,
1661 3404 1838 3458 neque
1864 3405 2025 3444 voces

457 3473 654 3528 horum
707 3474 1024 3528 audiuntur.
1084 3475 1368 3541 Quomodo
1420 3477 1584 3548 igitur
1629 3479 2024 3542 enarrationcs.

459 3565 836 3622 nuntiationes
863 3573 916 3620 et
945 3567 1110 3622 verba
1133 3569 1362 3638 loquelae
1404 3584 1510 3624 non
1538 3577 1696 3644 sunt,
1724 3587 1899 3641 neque
1927 3589 2027 3626 vox

459 3673 586 3726 quae
617 3657 872 3713 audiendi
903 3673 1066 3713 sensu
1091 3659 1434 3729 percipitur?
1465 3660 1548 3715 An
1583 3645 1814 3732 sibi'ipsi
1842 3662 2034 3717 adver-

461 3756 618 3805 satur
649 3747 961 3819 Propheta?
993 3751 1076 3806 An
1117 3751 1322 3821 aliquid
1356 3768 1546 3807 eorum
1594 3768 1714 3823 qua:
1757 3769 1863 3807 non
1910 3770 2035 3809 con-

459 3840 684 3911 tingunt
720 3841 980 3910 explicat,
1012 3842 1236 3898 verbum
1270 3843 1392 3899 soni
1417 3859 1614 3914 expers
1645 3853 1700 3899 et
1725 3846 2032 3901 enarratio-

462 3947 585 3986 nem
639 3932 758 3988 sine
813 3933 1024 4003 loquela
1082 3941 1137 3989 et
1198 3935 1594 3990 nuntiationcm
1649 3935 1855 4006 absque
1908 3952 2037 3993 voce

463 4023 703 4079 docens?
737 4025 820 4080 Att
874 4027 1056 4096 potius
1092 4026 1309 4096 penitus
1356 4043 1544 4084 verum
1581 4035 1666 4083 est
1717 4024 2034 4084 vaticinium

463 4116 610 4185 quod
645 4131 738 4186 per
771 4117 918 4172 dicta
949 4119 1052 4173 hoc
1084 4119 1328 4184 instruit,
1362 4117 1506 4190 quod
1533 4121 1813 4174 enarratio
1845 4122 2039 4178 coeles-

465 4211 538 4264 tis
575 4217 629 4264 et
673 4211 900 4266 verbum
935 4213 1080 4283 quod
1114 4229 1143 4266 a
1181 4214 1271 4268 die
1316 4214 1607 4279 clamatur,
1659 4229 1762 4269 vox
1817 4216 2036 4285 quidem

467 4301 761 4356 articulata
795 4319 904 4359 non
936 4297 1062 4369 est,‘
1077 4321 1257 4375 neque
1284 4305 1499 4375 loquela
1533 4321 1627 4375 per
1650 4320 1734 4371 os,
1771 4306 1864 4362 sed
1907 4306 2041 4360 doc-

469 4392 614 4447 trina
659 4393 859 4450 divinat
913 4398 1203 4468 potestatis
1250 4401 1307 4452 lit
1349 4398 1415 4453 iis
1467 4399 1560 4468 qui
1607 4399 1799 4455 audire
1858 4400 2041 4455 sciunt

469 4493 684 4540 tacente
709 4489 886 4543 voce?

543 4577 680 4644 Quid
711 4580 876 4650 igitur
907 4581 976 4637 de
1004 4581 1089 4636 his
1106 4579 1866 4652 existimavimus?(Fortasse
1891 4582 2038 4637 enim

471 4669 520 4725 si
555 4671 658 4726 hoc
694 4673 1033 4739 noverimus,
1069 4681 1122 4728 ct
1154 4688 1275 4742 qua:
1300 4687 1330 4725 a
1365 4669 1514 4727 Mose
1557 4675 1761 4742 scripta
1797 4681 1926 4727 sunt
1968 4675 2041 4728 in-

476 4763 825 4837 telligemus.)
863 4763 1017 4836 Saepe
1049 4763 1332 4835 Scriptura
1356 4763 1421 4818 ad
1453 4763 1656 4817 claram
1677 4764 2042 4834 cognitionem

476 4854 555 4910 rei
577 4870 699 4925 quat
728 4855 1060 4923 declaratur,
1094 4855 1436 4926 corporalius
1466 4868 1652 4908 eorum
1684 4869 1804 4923 qua:
1840 4855 2044 4909 intelli-

476 4947 658 5018 gentia
745 4947 1125 5018 percipiuntur
1208 4947 1724 5021 contemplationem
1803 4957 2048 5016 praestat,

477 5041 640 5112 quale
663 5041 776 5112 jam
830 5041 936 5097 hoc
969 5050 1057 5098 est
1107 5041 1412 5105 decretum,
1455 5040 1599 5110 quod
1647 5040 1867 5111 quidem
1917 5043 2050 5097 mihi

479 5133 695 5190 videtur
727 5132 899 5189 David
953 5134 1258 5201 declarare,
1318 5133 1421 5187 hoc
1476 5148 1571 5202 per
1603 5147 1667 5190 ea
1722 5148 1843 5203 qua:
1887 5133 2049 5196 dixit,

478 5226 852 5291 docens,niltil
883 5241 1074 5282 eorum
1119 5241 1240 5298 qua:
1305 5236 1433 5282 sunt
1476 5241 1543 5279 ex
1584 5224 1768 5296 aliquo
1827 5225 2052 5281 fortuito

480 5331 617 5371 casu
647 5317 934 5384 exsistere,
963 5309 1420 5387 quemadmodum
1446 5315 1665 5386 quidam
1685 5315 1890 5386 opinati
1922 5324 2052 5370 sunt

484 5406 741 5465 fortuitas
778 5419 832 5466 et
879 5411 1094 5466 ratione
1127 5416 1378 5465 carentes
1407 5410 1708 5479 primorum
1753 5409 2050 5464 elemento-

484 5513 606 5553 rum
637 5503 1007 5559 connexiones
1055 5502 1318 5558 mundum
1354 5510 1525 5558 totum
1567 5509 1623 5557 et
1665 5516 1786 5572 qua:
1837 5501 1890 5555 in
1934 5501 2053 5570 ipso

485 5599 617 5646 sunt
645 5589 910 5658 eilecisse,
963 5593 1112 5647 nulla
1159 5593 1501 5664 providentia
1543 5608 1636 5662 per
1664 5608 1726 5647 ea
1771 5607 1893 5663 qua:
1927 5600 2056 5646 sunt

558 5705 604 5740 ³⁷
643 5703 663 5758 l
697 5704 824 5760 Cor.
855 5719 914 5773 ιι,
947 5705 1035 5760 10.
1109 5707 1153 5739 ’³
1183 5707 1326 5763 Psal.
1364 5723 1515 5772 xvtn,
1553 5706 1574 5760 l
1606 5720 1732 5777 sqq.

2127 3217 2221 3269 καὶ
2244 3215 2392 3286 παρὰ
2417 3216 2513 3282 τῆς
2539 3215 2752 3284 ἡμέρας
2793 3212 2888 3264 καὶ
2924 3213 3021 3281 τῆς
3053 3211 3242 3274 νυκτὸς
3267 3211 3706 3279 ἀπαγγέλλεσθαι

2127 3307 2326 3375 γνῶσιν
2354 3306 2449 3360 καὶ
2477 3307 2713 3376 ῥήματα,
2743 3304 2902 3357 πάλιν
2925 3304 3119 3370 ἐπάγει
3148 3305 3258 3365 τοῖς
3283 3303 3594 3374 εἰρημένοις
3625 3303 3708 3355 ὅτι

2127 3397 2300 3451 ταῦτα
2326 3395 2504 3449 λα).ιαί
2543 3397 2641 3448 οὐκ
2687 3395 2824 3450 εἰσὶν
2857 3394 2979 3447 οὐδὲ
3027 3394 3194 3462 λόγοι,
3229 3393 3350 3446 οὐδὲ
3380 3395 3557 3463 ςωναί
3590 3393 3712 3447 τού-

2128 3507 2236 3543 των
2267 3487 2570 3542 ἀκούονται.
2627 3485 2752 3550 Πῶς
2783 3481 2876 3540 οὖν
2897 3486 3229 3556 διηγήματα,
3266 3488 3359 3540 καὶ
3389 3487 3711 3554 ἀναγγελίαι

2131 3581 2227 3635 καὶ
2279 3583 2498 3653 ῥήματα
2557 3580 2734 3633 λιιλιαί¹
2776 3579 2876 3632 οὐκ
2943 3579 3102 3642 εἰσὶν,
3136 3579 3256 3632 οὐδὲ
3309 3578 3463 3650 φωνὴ
3486 3578 3576 3632 διὰ
3613 3579 3710 3647 τῆς

2133 3672 2462 3740 ἀκουστικῆς
2518 3670 2821 3741 αἰσθήσεως
2875 3669 3236 3739 ἐγγινομένης
3283 3664 3431 3740 Ἀρα
3479 3671 3710 3740 μάχεται

2135 3764 2270 3835 πρὸς
2299 3763 2485 3816 ἑαυτὸν
2517 3763 2544 3813 6
2573 3763 2898 3833 Προφήτηςς
2928 3758 3076 3831 Ἃρά
3098 3779 3148 3814 τι
3174 3759 3282 3812 τῶν
3310 3760 3410 3814 οὐκ
3431 3761 3711 3829 ἐνδεχομέ-

2133 3874 2240 3909 νων
2272 3855 2541 3920 διέξεισιν,
2591 3853 2862 3922 ἄφθογγον
2900 3853 3073 3924 ῥῆμα,
3107 3852 3200 3905 καὶ
3243 3851 3496 3922 διήγησιν
3521 3851 3712 3906 ἄλαλον

2136 3948 2227 4001 καὶ
2255 3947 2512 4014 ἀγγελίαν
2537 3945 2656 4014 δίχα
2685 3944 2867 4014 φωνῆς
2899 3943 3163 3996 διδάσκων
3191 3961 3206 4008 ;
3251 3944 3316 3995 Ἦ
3350 3941 3552 4004 παντὸς
3584 3941 3712 4010 μᾶλ-

2136 4039 2225 4092 λον
2256 4037 2460 4107 ἀληθὴς
2497 4039 2529 4107 ή
2568 4035 2872 4108 προφητεία
2906 4036 2940 4105 ἡ
2971 4034 3129 4088 τοῦτο
3156 4033 3243 4087 διὰ
3277 4034 3383 4087 τῶν
3409 4033 3711 4103 εἰρημένων

2139 4129 2497 4194 παιδεύουσα,
2570 4133 2656 4186 ὃτι
2718 4131 2779 4182 τὸ
2829 4129 3070 4206 διήγημα
3118 4127 3178 4180 τὸ
3224 4127 3497 4198 οὐράνιον,
3532 4126 3624 4180 καὶ
3655 4124 3712 4176 τὸ

2141 4223 2290 4293 ῥῆμα
2319 4220 2380 4273 τὸ
2409 4219 2556 4291 παρὰ
2583 4221 2682 4290 τῆς
2704 4221 2915 4291 ἡμέρας
2939 4221 3228 4291 βοώμενον,
3263 4218 3414 4290 φωνὴ
3438 4220 3537 4288 μὲν
3558 4219 3710 4286 ἔναρο

2095 4343 2097 4345 ι
2141 4313 2268 4384 θρος
2301 4314 2400 4366 οὐκ
2433 4313 2598 4376 ἔστιν,
2621 4310 2744 4364 οὔτε
2775 4312 2932 4365 λαλιὰ
2951 4312 3040 4364 διὰ
3070 4313 3334 4381 στόματος
3355 4327 3369 4340 ⁸
3400 4308 3713 4362 διδασκαλία

2140 4405 2197 4458 δέ
2222 4405 2320 4475 τῆς
2369 4403 2518 4467 θείας
2565 4403 2844 4473 δυνάμεως
2871 4403 3076 4471 γίνεται
3118 4403 3230 4463 τοῖς
3253 4402 3465 4454 ἐπαΐειν
3491 4403 3709 4452 ἐπιστα-

2073 4488 2116 4542 D
2147 4497 2328 4569 μένοις
2354 4495 2642 4565 σιωπώσης
2664 4494 2845 4582 ςρωνῆς
2875 4510 2890 4554 '.

2217 4588 2281 4641 Τί
2295 4583 2386 4640 οὖν
2402 4580 2742 4658 περὶτούτων
2759 4585 3136 4654 ὑπειλήφαμεν
3153 4584 3310 4654 (τάχα
3324 4582 3432 4654 γὰρ
3448 4583 3545 4636 ἐὰν
3563 4580 3712 4636 τοῦτο

2145 4682 2446 4751 νοήσωμεν,
2478 4677 2651 4732 καὶτὰ
2675 4677 2824 4748 παρὰ
2853 4677 3096 4740 Μωσέως
3107 4673 3420 4745 νενοηκότες
3441 4671 3710 4742 ἐσόμεθα);

2148 4771 2415 4832 Πολλάκις
2444 4771 2477 4841 ἡ
2523 4769 2712 4841 Γραφὴ
2742 4769 2878 4840 πρὸς
2921 4767 3124 4839 ἐναργῆ
3151 4765 3479 4836 κατανόησιν
3511 4763 3604 4817 τοῦ
3625 4762 3713 4830 6n-

2149 4865 2241 4918 λου
2250 4863 2408 4934 μένου
2433 4861 2773 4932 πράγματος,
2793 4859 3142 4930 σωματικιὲνιε
3151 4877 3242 4930 ρον
3261 4856 3604 4920 διασκευάζει
3623 4853 3713 4923 τὴν

2145 4957 2254 5012 τῶν
2302 4953 2509 5026 νοητῶν
2555 4953 2805 5025 θεωρίαν,
2850 4948 2961 5005 οἷον
2991 4951 3054 5022 δὴ
3101 4953 3198 5004 καὶ
3255 4946 3413 5002 τοῦτο
3455 4947 3517 4999 τὸ
3547 4945 3709 5013 δόγμα

2146 5051 2312 5112 ἐστὶν,
2343 5049 2479 5118 ὅπερ
2497 5047 2642 5101 δοκεῖ
2667 5064 2755 5116 μοι
2782 5049 2810 5100 6
2839 5045 3000 5098 Aa6‘t6
3029 5042 3444 5114 ἀποφαίνεσθαι,
3476 5041 3630 5094 τοῦτο
3646 5039 3708 5092 δι’

2147 5135 2221 5194 ὧν
2257 5135 2397 5203 εἷπε,
2431 5139 2696 5194 διδάσκων
2725 5137 2876 5190 οὐδὲν
2902 5135 3008 5189 τῶν
3033 5135 3200 5188 ὄντων
3222 5135 3284 5187 ἐκ
3312 5150 3457 5196 τινος
3483 5130 3707 5200 αὐτομά-

2148 5245 2242 5282 του
2267 5228 2554 5298 συντυχίας
2596 5225 2693 5296 τὴν
2732 5225 3029 5279 ὑπόστασιν
3065 5224 3228 5295 ἔχειν,
3264 5222 3517 5293 καθάπερ
3545 5219 3708 5291 ᾠήθη·

2158 5321 2256 5374 σάν
2284 5337 2428 5384 τινες
2453 5319 2680 5390 τυχαίας
2715 5335 2775 5372 τε
2805 5319 2898 5372 καὶ
2923 5318 3148 5386 ἀλόγους
3173 5315 3280 5370 τῶν
3323 5315 3555 5385 πρώτων
3583 5329 3706 5366 στα·

2159 5412 2318 5482 χείων
2347 5410 2748 5481 αὺτεμπλοκὶς,
2788 5411 2880 5464 τὸν
2906 5409 3108 5479 κόσμον
3135 5409 3266 5478 ἡμῖν
3299 5407 3420 5460 ὅλον
3447 5406 3538 5459 καί
3565 5403 3626 5456 τὰ
3655 5403 3703 5452 ἓν

2161 5499 2306 5570 αὑτῷ
2336 5500 2792 5572 κατεργάσασθαι,
2825 5501 3077 5569 οὐδεμιᾶς
3107 5497 3358 5568 προνοίας
3398 5496 3482 5549 διὰ
3511 5495 3609 5546 τῶν
3630 5491 3702 5542 δν-

2160 5609 2267 5644 των
2301 5592 2572 5665 ἡκούσης·
2606 5594 2718 5649 ἀλλ’
2742 5594 2921 5648 έστιτι
2944 5591 3041 5661 τῆς
3071 5590 3163 5644 τοῦ
3189 5591 3390 5653 παντὸς
3422 5579 3700 5642 συστάσεὼς
