4010 6212
337 285 445 342 985

1405 296 1680 354 CONTRA
1718 294 2097 357 EUNOMlUM,
2123 293 2251 349 LIB.
2278 292 2392 350 XII.

3450 293 3555 350 986

317 422 380 461 τε
405 405 502 460 καὶ
520 405 842 477 διοικήσεως
871 405 1062 472 αἴτιον,
1103 402 1165 464 οὗ
1215 411 1362 464 πᾶσα
1391 411 1620 482 ἐξῆπται
1649 413 1682 482 ή
1714 410 1886 479 φύσις1

2001 415 2321 478 penetrante
2339 449 2354 474 ,
2383 406 2478 463 sed
2509 406 2754 476 quaedam
2781 415 2866 462 est
2889 405 3130 460 universi
3157 405 3563 462 constitutionis

318 497 576 554 κάκεῖθεν
611 499 709 562 τας
745 499 939 570 Δἀρχὰς
985 501 1080 554 καὶ
1102 501 1200 566 τὰς
1219 503 1399 565 αἰτίας
1435 504 1567 574 ἔχει,
1616 504 1709 557 καὶ
1757 505 1892 576 πρὸς

319 590 528 644 ἐκεῖνον
576 589 796 644 νένευγέ
848 607 908 644 τε
971 593 1072 653 καὶ,
1101 592 1624 666 ἐπιστρέφεται,καὶ
1660 596 1718 648 ἐν
1746 594 1894 666 αὑτῷ

316 679 584 750 διαμένει.
645 679 753 732 Καὶ
785 680 994 751 ἐπειδὴ,
1035 683 1214 746 καθώς
1245 701 1410 754 φησιν
1434 685 1463 736 6
1495 685 1831 750 Ἀπόστολος,
1858 687 1893 757 ἠ

318 770 487 833 ἀίδιος
516 769 678 824 αὑτοῦ
711 769 940 842 δύναμις
970 774 1064 826 καὶ
1095 773 1304 844 θειότης
1320 776 1426 829 ἀπὸ
1439 776 1537 846 τῆς
1564 775 1658 830 τοῦ
1686 777 1892 847 κόσμου

316 861 549 924 κτίσεως
583 863 844 933 νοουμένη
888 863 1206 934 καθορᾶται,
1241 867 1328 920 διὰ
1357 867 1516 921 τοῦτο
1548 871 1695 922 πᾶσα
1721 870 1753 940 ἡ
1777 869 1894 922 κτί-

319 970 426 1016 σις.
455 954 552 1008 κα)⁵
590 953 696 1024 πρό
725 971 788 1024 γε
816 954 1053 1020 πάντων,
1086 957 1268 1022 καθώς
1298 975 1460 1028 φησιν
1491 963 1520 1014 6
1570 961 1746 1028 λόγος,
1777 962 1893 1032 ὴέν

314 1044 431 1105 τοῖς
477 1042 724 1112 οὐρανοῖς
767 1042 1146 1115 διακόσμησις,
1199 1047 1286 1100 διὰ
1336 1049 1436 1118 τῆς
1489 1051 1893 1122 ἐμφαινομένης

313 1137 428 1190 τοῖς
492 1134 739 1202 γεγονόσι
789 1137 1004 1208 τέχνης,
1039 1139 1138 1210 τὴν
1168 1139 1260 1193 τοῦ
1317 1143 1672 1214 πεποιηκότος
1700 1145 1892 1214 σοφίαν

313 1224 671 1280 ἐνδείκνυται.
709 1229 818 1280 Καὶ
848 1229 1003 1282 τοῦτό
1039 1247 1128 1300 μοι
1161 1229 1308 1287 δοκεί
1347 1235 1690 1305 παραστῆσαι
1725 1236 1892 1290 θέλων

311 1316 414 1387 τὴν
444 1318 508 1369 ἐκ
553 1316 660 1369 τῶν
700 1319 1038 1389 φαινομένων
1067 1321 1393 1393 μαρτυρίαν,
1442 1323 1535 1377 τοῦ
1576 1325 1756 1394 σοφῶς
1798 1328 1893 1381 καὶ

313 1405 582 1476 ἐντέχνως
617 1406 688 1482 τά
730 1407 859 1462 ὄντα
902 1411 1356 1475 κατεσκευάσθαι,
1393 1414 1486 1466 καὶ
1517 1415 1690 1469 εἰσαεὶ
1713 1417 1893 1487 διαμέ-

311 1513 424 1549 νειν
451 1499 510 1550 ἐν
538 1499 603 1568 τῇ
641 1497 863 1569 δυνάμει
909 1499 1003 1553 τοῦ
1035 1502 1095 1554 τὸ
1129 1503 1240 1557 πᾶν
1281 1503 1631 1570 οἰακίζοντος.
1663 1508 1868 1572 Αὐτοὺς

314 1592 456 1659 φησὶ
505 1591 630 1653 τοὺς
663 1590 942 1662 οὑρανοὺς,
975 1593 1043 1646 δι’
1073 1587 1147 1647 ῶν
1189 1594 1284 1666 τὴν
1323 1597 1513 1666 σοφίαν
1544 1596 1636 1651 τοῦ
1668 1615 1893 1670 πεποιη-

312 1680 472 1743 κότος
521 1679 875 1746 δεικνύουσιν,
921 1684 1200 1755 μονονουχὶ
1247 1686 1427 1756 φωνὴν
1448 1688 1726 1756 ἀφιέντας,
1764 1688 1891 1758 βοᾷν

1993 507 2049 554 et
2078 500 2576 554 administrationis
2604 515 2792 562 causa.
2832 515 2897 556 ex
2933 514 3039 569 qua
3071 500 3254 553 omnis
3291 499 3562 569 dependet

1994 597 2213 653 natura,
2242 598 2406 658 atque
2431 589 2580 644 illinc
2603 590 2866 659 principia
2891 599 2945 646 et
2968 605 3163 646 causas
3194 589 3381 653 habet,
3409 599 3462 644 et
3491 590 3559 644 ad

1995 679 2148 733 illum
2180 689 2354 743 nutat,
2387 689 2440 735 et
2479 681 2836 743 convertitur,
2873 690 2927 735 et
2959 682 3015 734 in
3045 697 3111 735 eo
3145 690 3442 751 permanet.
3482 679 3559 734 Ac

1993 770 2278 840 quoniam,
2311 771 2453 826 sicut
2481 771 2556 826 ait
2597 772 2890 841 Apostolus
2913 773 2979 836 ’P,
3013 773 3342 840 sempiterna
3387 771 3560 826 vietus

1995 871 2050 917 et
2084 860 2261 916 deitas
2293 879 2322 915 a
2365 861 2550 916 mundi
2584 871 2836 917 creatura
2873 863 3002 916 dum
3040 863 3382 932 intelligitur,
3427 877 3560 915 con-

2000 954 2254 1024 spicitur,
2289 964 2575 1025 propterea
2605 955 2784 1009 omnis
2815 961 3086 1020 creatura,
3118 963 3172 1007 et
3196 964 3320 1008 ante
3351 954 3558 1016 omnia,

1993 1045 2138 1100 sicut
2169 1046 2302 1101 dicit
2343 1059 2543 1109 sermo,
2578 1048 2630 1101 in
2663 1046 2817 1100 cmlis
2840 1058 3089 1108 ornatus,
3120 1061 3216 1115 per
3245 1055 3414 1099 artem
3441 1062 3561 1114 qua:

1993 1138 2049 1192 in
2083 1140 2167 1195 his
2199 1155 2322 1209 qua:
2360 1141 2501 1194 facta
2547 1148 2676 1194 sunt
2719 1147 2966 1208 apparet,
3007 1138 3126 1206 ejus
3179 1137 3272 1206 qui
3315 1137 3560 1191 condidit

1993 1230 2316 1299 sapientiam
2365 1231 2723 1285 demonstrat.
2781 1231 2958 1298 Atque
3019 1229 3121 1282 hoc
3177 1229 3308 1282 mihi
3348 1229 3560 1283 videtur

1994 1323 2132 1376 velle
2184 1337 2248 1376 ex
2285 1324 2371 1378 his
2405 1339 2527 1396 qua:
2572 1333 2835 1393 apparent
2879 1321 3252 1376 testimonium
3279 1320 3557 1382 exhibere.

1992 1411 2136 1479 quod
2155 1427 2215 1466 ea
2236 1428 2356 1482 qua:
2374 1421 2502 1468 sunt
2529 1415 2806 1482 sapienter
2826 1423 2877 1467 et
2904 1411 3201 1466 artiﬁciose
3221 1432 3234 1460 ι
3253 1418 3556 1474 oustructa,

1993 1512 2314 1572 permanent
2347 1503 2400 1556 in
2432 1512 2755 1574 perpetuum
2780 1504 2833 1557 in
2869 1504 3067 1557 virtute
3100 1504 3221 1570 ejus
3249 1503 3341 1571 qui
3373 1503 3556 1554 omnia

1993 1591 2280 1660 gubernat.
2315 1593 2466 1664 Ιρευε
2518 1595 2694 1663 inquit
2745 1595 2937 1659 etelos,
2966 1608 3061 1664 per
3090 1609 3212 1663 qua:
3235 1594 3556 1663 sapientiam

1991 1681 2110 1751 ejus
2136 1683 2227 1753 qui
2253 1685 2493 1739 condidit
2519 1685 2918 1749 demonstrant,
2947 1685 3340 1756 propemodum
3367 1699 3555 1738 vocem

312 1769 409 1822 καὶ
456 1769 837 1842 διακηρύσσειν
887 1772 977 1826 τοῦ
1019 1774 1348 1846 δημιουργοῦ
1401 1776 1501 1847 τὴν
1552 1778 1740 1847 σοφίαν
1773 1777 1886 1848 δίχα

1995 1776 2308 1831 emittentes
2337 1779 2572 1833 clamare
2609 1787 2663 1833 et
2691 1777 2988 1848 praedicare
3013 1778 3131 1831 sine
3162 1791 3311 1841 voce,
3349 1776 3560 1846 opiﬁcis

313 1862 520 1933 φωνῆς.
582 1863 795 1927 Ἔξεστι
817 1864 925 1935 γὰρ
962 1866 1124 1918 οἱονεὶ
1167 1866 1309 1939 λόγῳ
1339 1867 1509 1921 ταῦτα
1539 1869 1892 1923 διδασκόντων

310 1952 555 2016 ἀκούειν,
583 1954 662 2007 ὅτι
683 1954 999 2028 Πρδςνήμᾶς
1025 1957 1281 2028 ὁρῶντες,
1315 1953 1359 2013 ὦ
1383 1960 1680 2032 ἄνθρωποι,
1710 1962 1804 2016 καὶ
1831 1962 1891 2015 τὸ

311 2046 373 2096 ἐν
399 2045 529 2115 ημῖν
562 2045 754 2109 κάλλος
788 2047 880 2100 καὶ
911 2047 1161 2118 μέγεθος,
1192 2050 1286 2102 καὶ
1315 2051 1412 2120 τὴν
1438 2051 1740 2122 ἀεικίνητον
1757 2053 1890 2106 ταὺ-

307 2153 411 2205 την
437 2138 760 2208 περιφορὰν,
800 2139 894 2191 καὶ
931 2139 1028 2210 τὴν
1060 2139 1320 2196 εὔτακτόν
1348 2159 1405 2194 τε
1429 2143 1522 2196 καὶ
1551 2144 1888 2215 ἐναρμόνιον,

310 2231 408 2282 καὶ
441 2231 527 2283 ἀεὶ
557 2230 698 2284 κατὰ
731 2231 798 2284 τὰ
841 2231 980 2285 αὑτὰ
1004 2233 1097 2285 καὶ
1117 2233 1376 2296 ὡσαύτως
1403 2234 1629 2305 ἔχουσαν
1657 2237 1887 2308 κίνησιν,

307 2323 540 2394 νοήσατε
575 2323 664 2375 τὸν
694 2323 1085 2378 ἐπιστατοῦντα
1121 2326 1218 2397 τῆς
1252 2326 1524 2398 ἡμετέρας
1557 2327 1888 2392 συστάσεως,

307 2415 406 2467 καὶ
432 2414 521 2468 διὰ
557 2415 650 2468 τοῦ
681 2418 1003 2488 φαινομένου
1050 2417 1300 2482 κάλλους,
1335 2417 1396 2471 τὸ
1426 2419 1772 2488 πρωτότυπον
1796 2419 1890 2473 καὶ

305 2507 542 2576 ἀόρατον
592 2507 784 2571 κάλλος
823 2509 1232 2578 ἀναλογίσασθε.
1279 2509 1446 2563 Οὑδὲν
1500 2510 1608 2581 γὰρ
1651 2511 1708 2563 ἐν
1755 2513 1889 2581 ἡμῖν

310 2598 610 2654 ἀδέσποτον
637 2600 669 2670 ἧ
703 2601 1128 2672 αὑτοκίνητον,ῆ
1155 2601 1457 2671 αὐτόματον
1477 2619 1490 2632 ·
1533 2603 1667 2657 ἀλλὰ
1699 2606 1806 2657 πᾶν
1828 2605 1890 2657 τὸ

311 2692 635 2761 φαινόμενόν
663 2709 720 2746 τε
743 2693 870 2764 περὶ
897 2695 1045 2764 ἡμᾶς
1083 2695 1176 2748 καὶ
1213 2695 1516 2765 νοούμενον,
1552 2696 1649 2766 τῆς
1679 2696 1890 2768 ὑψηλῆς

307 2797 371 2834 τε
400 2783 802 2853 καὶ’άφράστου
835 2786 1114 2857 δυνάμεως
1134 2788 1383 2858 ἤρτηται.
1411 2788 1594 2841 Ταῦτα
1609 2789 1764 2858 λόγος
1789 2791 1888 2862 μὲν

308 2871 572 2944 ἔναρθρος
600 2874 698 2926 οὑκ
726 2875 894 2942 ἐστιν,
937 2876 1176 2948 ἐντίθησι
1206 2875 1262 2930 δέ
1301 2876 1390 2931 διὰ
1418 2876 1529 2930 τῶν
1553 2879 1888 2947 φαινομένων

308 2967 433 3029 ταῖς
463 2965 660 3035 ψυχαῖς
684 2965 783 3037 τὴν
811 2967 1012 3034 γνῶσιν
1039 2969 1136 3038 τῆς
1163 2968 1312 3032 θείας
1350 2969 1650 3039 δυνάμεως,
1688 2971 1886 3041 μᾶλλον

309 3055 348 3127 ἢ
376 3057 424 3109 εἰ
451 3056 539 3110 διὰ
570 3057 752 3129 φωνῆς
792 3059 821 3111 6
874 3057 1033 3127 λόγος
1080 3060 1402 3130 ἐκήρυσσεν.
1457 3061 1665 3132 ’Ὠσπερ
1710 3061 1886 3115 τοίνυν

308 3146 574 3218 διηγεῖται
601 3151 630 3202 6
666 3148 911 3220 οὐρανὸς,
941 3150 1034 3202 καὶ
1059 3152 1119 3203 οὑ
1153 3151 1468 3220 φθέγγεται,
1496 3154 1587 3205 καὶ⁵
1625 3153 1886 3226 ἀναγγέλ-

308 3240 398 3293 λει
429 3239 489 3292 τὸ
528 3239 813 3312 στερέωμα
857 3241 954 3313 τὴν
985 3240 1078 3295 τοῦ
1111 3241 1244 3294 Θεοῦ
1285 3243 1520 3314 ποίησιν,
1572 3244 1665 3297 καὶ
1707 3229 1887 3316 φωνῆς

310 3332 374 3385 οὑ
426 3331 760 3402 προσδέεται,
800 3333 892 3386 καὶ
920 3333 1073 3404 ῥῆμα
1101 3332 1162 3385 οὑ
1196 3335 1442 3404 προΐεται
1493 3336 1525 3405 ἡ
1563 3335 1764 3406 ἡμέρα,
1796 3338 1888 3390 καὶ

310 3424 474 3476 λαλιᾶ
497 3426 597 3478 οὑκ
623 3425 796 3478 ἔστιν·
830 3427 924 3480 καὶ
949 3427 1047 3478 οὑκ
1078 3425 1143 3479 ἄν
1167 3443 1251 3490 τις
1294 3427 1437 3480 είποι
1470 3425 1886 3497 διασφάλλεσθαι

309 3516 413 3585 τὴν
458 3517 792 3587 προφητείαν
819 3529 834 3544 ’
860 3517 1000 3571 κατὰ
1033 3516 1121 3570 τὸν
1141 3518 1300 3571 αὑτὸν
1334 3519 1552 3590 τρόπον,
1588 3521 1774 3593 ἐπειδὴ
1808 3515 1887 3582 εἷς

310 3609 640 3679 ἀμφοτέροις
670 3609 747 3680 τῷ
767 3609 952 3661 Μωσεί
980 3610 1072 3662 καὶ
1101 3607 1178 3680 τῷ
1216 3608 1378 3662 Δαεὶδ
1409 3610 1437 3662 ὁ
1463 3609 1797 3676 διδάσκαλος,
1825 3611 1886 3664 τὸ

311 3701 535 3770 Πνεῦμα
569 3701 714 3769 λέγω
755 3700 816 3754 τὸ
851 3701 1024 3769 ἅγιον,
1059 3704 1088 3756 6
1128 3702 1188 3754 τὸ
1223 3703 1548 3772 πρόσταγμα
1572 3703 1884 3774 καθηγήσα-

310 3791 438 3845 σθαι
467 3793 563 3860 τῆς
587 3793 813 3857 κτίσεως
832 3793 1024 3862 λέγων,
1051 3795 1112 3848 οὑ
1131 3795 1390 3866 ῥημάτων
1409 3796 1539 3866 ἡμῖν
1561 3795 1886 3868 δημιουργὸν

307 3884 404 3936 τὸν
433 3883 566 3937 Θεὸν
613 3884 944 3948 ὑποτίθεται,
983 3885 1121 3938 ἀλλὰ
1165 3889 1505 3956 πραγμάτων
1533 3887 1621 3940 διὰ
1652 3889 1748 3957 τῆς
1779 3887 1886 3940 τῶν

312 3977 577 4046 ῥημάτων
608 3977 880 4045 σημασίας
931 3978 1362 4048 γνωριζομένων.
1389 3979 1502 4030 Ἵνα
1530 3979 1638 4048 γάρ
1661 3979 1735 4050 μη
1761 3978 1883 4032 ἀδέο

312 4066 492 4119 σποτά
521 4083 641 4120 τινα
687 4067 780 4119 καὶ
800 4067 1047 4138 αὐτοφυῆ
1076 4068 1173 4137 τὴν
1203 4069 1378 4121 κτίσιν
1409 4065 1546 4122 εἶναι
1580 4071 1880 4139 νοήσωμεν,

307 4160 405 4211 καὶ
451 4157 779 4228 γεγενῆσθαι
833 4157 1036 4228 ταύτην
1089 4158 1238 4227 παρά
1264 4161 1362 4229 τῆς
1393 4161 1595 4226 τάξεως
1621 4161 1882 4232 φιλοσοφῇ

306 4246 418 4300 τῶν
447 4246 591 4300 κατὰ
618 4247 718 4318 τὴν
747 4247 1098 4317 κοσμοποιίαν
1129 4248 1234 4300 ὑπὸ
1266 4248 1359 4302 τοῦ
1380 4249 1621 4312 Μωσέως
1647 4253 1703 4303 ὲν
1743 4251 1884 4303 ίστο·

309 4341 433 4412 ρίας
483 4341 787 4412 χαρακτῆρι
831 4340 1173 4411 δογματικῶς
1221 4341 1542 4413 εἰρημένων.
1579 4341 1647 4396 Ἢ
1680 4342 1787 4416 γάρ
1815 4343 1882 4397 ἂν

1995 1867 2348 1936 sapientiam.
2379 1866 2530 1922 Licet
2562 1870 2707 1920 enirn
2745 1869 2891 1921 velut
2918 1883 3170 1921 Sermone
3207 1868 3321 1920 haec
3351 1867 3552 1921 docen-

1991 1962 2074 2012 tes
2109 1959 2318 2022 audire,
2359 1961 2501 2028 quod
2537 1960 2595 2014 ln
2629 1974 2730 2014 nos
2773 1967 3079 2022 cernentes,
3125 1973 3158 2011 ο
3201 1958 3471 2020 homines,
3504 1966 3584 2010 et-

1991 2065 2112 2119 qua:
2134 2052 2187 2104 in
2221 2050 2381 2106 nobis
2410 2057 2494 2106 est
2519 2051 3001 2121 pulchritudinem,
3033 2058 3090 2105 et
3127 2050 3554 2120 magnitudinem

1991 2158 2312 2214 semperque
2359 2143 2613 2198 mobilem
2661 2144 2801 2198 hanc
2849 2144 2902 2197 in
2954 2142 3140 2198 orbem
3201 2143 3555 2208 latiooem,et

1991 2232 2128 2287 bene
2159 2233 2494 2297 ordinatum,
2527 2248 2592 2289 ac
2628 2234 2955 2289 concinnum
3001 2249 3097 2303 per
3121 2233 3309 2287 eadem
3341 2248 3558 2301 Semper

1989 2331 2045 2377 et
2074 2323 2265 2378 eodem
2295 2323 2770 2380 modo.habentem
2809 2333 3038 2390 motum,
3069 2323 3264 2377 animis
3292 2323 3558 2377 advertite

1989 2422 2189 2468 nostra:
2216 2415 2626 2470 constitutionis
2659 2424 2939 2470 auctorem
2969 2425 3021 2470 et
3045 2414 3352 2484 praesident,
3377 2423 3430 2468 et
3459 2429 3558 2483 per

1989 2517 2338 2575 apparentem
2365 2507 2825 2576 pulchritudinem
2857 2507 3173 2576 primariam
3203 2516 3256 2562 et
3277 2509 3556 2577 exeiupla-

1989 2612 2125 2660 rem,
2155 2605 2317 2668 atque
2341 2599 2668 2654 invisibilem
2698 2599 3160 2669 pulchritudinem
3190 2600 3399 2652 ratione
3429 2614 3556 2668 per-

1989 2689 2227 2759 pendite.
2276 2688 2424 2744 Nihil
2469 2691 2524 2745 in
2570 2691 2728 2746 nobis
2790 2693 2997 2762 absque
3049 2690 3281 2745 Domino
3313 2699 3367 2745 et
3405 2699 3557 2746 cet-to

1989 2791 2233 2844 auctore,
2274 2781 2408 2836 nihil
2457 2797 2554 2852 per
2601 2798 2661 2838 se
2695 2783 2893 2836 mobile
2934 2784 3015 2837 vel
3056 2798 3186 2836 casu
3233 2790 3288 2836 et
3329 2781 3557 2836 fortuito

1986 2870 2315 2936 incitatum;
2358 2871 2453 2928 sed
2504 2872 2765 2942 quidquid
2816 2873 2871 2925 in
2916 2872 3075 2926 nobis
3115 2881 3341 2942 apparet
3387 2881 3442 2926 et
3471 2873 3558 2927 in-

1986 2962 2264 3032 telligitur,
2290 2977 2355 3017 ex
2382 2962 2604 3018 sublimi
2659 2973 2713 3016 et
2760 2961 3126 3031 inexplicabili
3152 2962 3390 3032 potentia
3418 2977 3554 3032 pen-

1989 3053 2098 3109 det.
2133 3055 2257 3109 llaac
2296 3055 2514 3125 quidem
2547 3071 2654 3109 non
2685 3061 2813 3109 sunt
2853 3069 3032 3109 sermo
3077 3053 3417 3116 articulatus,
3457 3051 3553 3108 sed

1988 3160 2084 3214 per
2115 3161 2178 3199 ea
2209 3160 2328 3215 qua:
2357 3153 2622 3216 apparent
2650 3144 2822 3215 magis
2850 3145 3100 3199 inserunt
3126 3143 3326 3198 animis
3352 3143 3554 3197 divina}

1991 3236 2210 3291 \irtutis
2258 3238 2645 3306 cognitionem,
2705 3235 2886 3305 potius
2931 3251 3093 3306 quam
3146 3236 3192 3290 si
3229 3250 3323 3304 per
3369 3249 3552 3288 vocem

1986 3341 2168 3382 sermo
2214 3327 2572 3396 praedicaret.
2615 3326 3082 3392 Quemadmodum
3137 3327 3302 3395 igitur
3353 3325 3552 3380 cmlum

1985 3426 2223 3482 enarrat,
2269 3431 2368 3470 nec
2408 3415 2673 3486 loquitur,
2719 3425 2774 3470 et
2810 3418 3100 3468 annuntiat
3152 3417 3552 3469 ﬁrmamentum

1987 3506 2081 3562 Dei
2110 3508 2506 3576 op:rationem,
2543 3522 2720 3578 neque
2748 3523 2880 3562 voce
2921 3507 3148 3578 indiget,
3184 3522 3285 3561 nec
3324 3506 3551 3560 verbum

1985 3598 2104 3653 dies
2154 3599 2390 3668 projicit,
2442 3609 2496 3654 et
2528 3615 2634 3654 non
2689 3608 2773 3654 est
2824 3600 3084 3669 loquela,
3143 3613 3320 3668 neque
3353 3599 3554 3652 dixerit

1984 3689 2272 3759 quisquam
2319 3690 2634 3744 vaticinium
2681 3705 2938 3745 errasse:
2973 3689 3165 3746 eodem
3221 3691 3382 3744 modo
3417 3707 3552 3761 quu-

1985 3781 2129 3833 niam
2165 3796 2306 3834 unus
2342 3783 2609 3836 ambobus
2644 3780 2775 3834 Mosi
2811 3791 2866 3834 et
2901 3779 3360 3851 David(Spiritus,
3394 3783 3543 3848 dico,

1987 3868 2426 3935 sanctus)doctor
2457 3873 2577 3933 fuit,
2603 3871 2694 3940 qui
2718 3871 2934 3940 jussum
2970 3883 3233 3926 creatura:
3264 3874 3552 3942 praeluisse

1985 3962 2142 4026 dicit,
2183 3978 2289 4017 non
2315 3963 2604 4018 verborum
2639 3965 2796 4018 nobis
2817 3965 3065 4033 opilicem
3098 3963 3265 4020 Deum
3298 3968 3547 4035 subjicit,

1985 4055 2082 4112 sed
2125 4071 2306 4111 rerum
2356 4073 2479 4126 qua:
2530 4057 2816 4111 verborum
2865 4057 3264 4126 signiﬁcatione
3334 4062 3549 4116 innote-

1983 4155 2164 4203 scunt.
2181 4147 2261 4201 Ne
2279 4148 2423 4201 enim
2455 4146 2698 4216 quadam
2729 4146 2850 4201 sine
2874 4154 3023 4200 certo
3039 4155 3260 4201 auctore
3280 4156 3332 4202 et
3360 4157 3552 4218 sponte

1984 4253 2083 4291 sua
2109 4239 2257 4292 edita
2298 4253 2442 4302 esse,
2482 4236 2662 4307 quoad
2699 4237 3055 4299 creationem,
3105 4239 3288 4293 animo
3323 4254 3549 4308 capere-

1984 4345 2127 4390 mus,
2176 4330 2338 4382 etiam
2375 4329 2514 4383 hanc
2559 4327 2796 4399 genitam
2843 4345 2964 4384 esse
3007 4329 3078 4384 ab
3114 4329 3308 4386 ordine
3357 4345 3550 4386 eorum

309 4429 533 4500 μᾶλλον,
559 4430 626 4482 δι’
666 4430 894 4484 ἑκάστου
921 4430 1029 4483 τῶν
1065 4432 1481 4502 γεγραμμένων,
1517 4432 1577 4486 τὸ
1607 4434 1881 4505 πεπλανη-

1988 4437 2105 4492 qum
2139 4422 2195 4475 in
2247 4419 2436 4474 'nundi
2484 4419 2761 4474 creatione
2787 4435 2817 4474 a
2845 4419 2995 4476 Mose
3039 4422 3091 4474 in
3141 4422 3381 4477 historia:
3420 4423 3552 4477 eba-

308 4524 470 4593 μένον
512 4539 571 4575 τε
629 4524 721 4576 καὶ
751 4523 978 4592 μάταιον
1013 4523 1113 4593 τῆς
1149 4523 1255 4576 τῶν
1281 4525 1538 4579 ἐναντίων
1566 4526 1881 4598 ὑπολήψεως

304 4612 556 4683 φανερῶς
616 4613 930 4685 διηλέγχθη.
971 4613 1186 4678 Ἔξεστι
1233 4614 1290 4668 δὲ
1329 4614 1406 4686 τῷ
1442 4615 1744 4689 βουλομένῳ
1767 4621 1879 4684 τοῖς

303 4708 383 4768 εἰς
408 4706 508 4776 τὴν
560 4705 776 4758 Γένεσιν
823 4705 1219 4776 πεπονημένοις
1250 4709 1380 4776 ἡμῖν
1411 4709 1705 4778 ἐντυχόντι,
1734 4708 1878 4762 δοκι-

305 4797 477 4866 μάσαι
504 4796 613 4849 τῶν
660 4813 720 4848 τε
757 4797 1035 4868 ἡμετέρων
1065 4800 1160 4851 καί
1189 4798 1296 4852 τῶν
1325 4799 1656 4855 ὑπεναντίων
1683 4800 1878 4871 δογμά-

300 4904 410 4939 των
431 4887 524 4940 τδν
554 4886 970 4958 ἀκολουθότερον
1010 4887 1185 4956 λόγον.
1225 4888 1361 4940 Ἀλλ’
1400 4889 1491 4941 ἐπὶ
1521 4890 1620 4960 τὴν
1657 4906 1878 4960 προκει-

303 4978 477 5048 μένην
500 4979 630 5048 ημίν
662 4977 895 5048 σπουδὴν
923 4979 1255 5031 ἐπανακτέον
1291 4980 1380 5032 τὸν
1413 4980 1579 5048 λόγον.

377 5235 503 5286 Ὀτι
535 5234 596 5286 οὑ
628 5234 843 5296 πάντως
879 5234 970 5286 ἐπὶ
1010 5233 1142 5288 Θεοῦ
1182 5238 1365 5306 φωνὴν
1410 5239 1501 5291 καὶ
1536 5238 1686 5309 ῥῆμα
1716 5241 1750 5308 ἡ
1787 5240 1880 5294 τοῦ

299 5326 650 5394 εἰπεῖνλέξις
673 5328 1022 5393 ἐνδείκνυται,
1051 5329 1182 5382 ἀλλὰ
1207 5328 1282 5399 τῷ
1308 5330 1601 5402 βουλήματι
1628 5331 1722 5384 τοῦ
1747 5332 1882 5386 Θεοῦ

305 5422 605 5491 σύνδρομον
632 5422 1001 5490 ἀποφαίνουσα
1026 5424 1124 5494 τὴν
1152 5422 1397 5494 δύναμιν.
1425 5423 1881 5496 αἰσθητικὼτερον

307 5513 437 5580 ἡμῖν
468 5511 566 5581 τὴν
595 5511 788 5582 νοητὴν
827 5512 1168 5566 ὑποδείκνυσι
1219 5513 1469 5584 θεωρίαν.
1517 5516 1728 5586 Ἐπειδῆ
1776 5517 1882 5588 γὰρ

305 5601 570 5670 θελήματι
604 5601 698 5654 τοῦ
719 5602 850 5655 Θεοῦ
867 5604 1092 5675 συνέστη
1120 5606 1185 5659 τά
1216 5606 1410 5671 πάντα,
1443 5607 1668 5676 σύνηθες
1691 5607 1748 5661 δὲ
1771 5611 1881 5671 τοῖς

304 5691 613 5761 ἀνθρώποις
664 5692 806 5762 λόγῳ
846 5694 1056 5765 πρῶτον
1107 5697 1481 5768 διασημαίνειν
1519 5699 1577 5752 τὸ
1609 5698 1874 5770 βούλημα,

371 5804 426 5838 ι’
454 5800 612 5859 Rom.
644 5815 684 5870 ι,
713 5799 799 5859 9.0.

1980 4521 2196 4568 racterc
2251 4512 2558 4582 doginatice
2591 4512 2736 4566 dicta
2775 4520 2926 4578 sunt,
2978 4513 3189 4568 discere
3223 4515 3370 4569 licet.
3427 4513 3554 4569 Etc-

1980 4607 2116 4672 nim,
2155 4620 2219 4660 ex
2257 4620 2589 4675 unoquoque
2633 4605 2932 4677 Scriptum
2963 4607 3105 4670 loco,
3138 4620 3274 4660 vana
3315 4615 3368 4661 et
3400 4621 3552 4661 erro-

1983 4713 2081 4751 nea
2104 4696 2548 4752 adversariorum
2571 4697 2758 4766 Opinio
2781 4697 2951 4766 magis
2975 4706 3162 4766 aperte
3182 4697 3546 4768 redarguitur.

1979 4787 2132 4843 Licet
2161 4797 2344 4843 autem
2377 4789 2604 4842 cuilibet
2636 4791 2814 4856 legere
2841 4789 3042 4842 volenti
3075 4803 3196 4857 qua:
3227 4790 3549 4859 scripsimus

1986 4882 2040 4935 in
2071 4881 2322 4936 Geuesim
2357 4881 2712 4951 perpendere,
2741 4881 2987 4949 nunquid
3015 4883 3088 4934 sit
3114 4895 3424 4936 nostrorum
3450 4882 3547 4936 de-

1983 4984 2256 5026 crctorum
2289 4971 2430 5025 ratio
2459 4970 2631 5040 magis
2656 4979 3048 5033 consentanea,
3091 4989 3160 5025 an
3203 4974 3548 5029 adversario-

1982 5079 2125 5117 rum.
2163 5061 2268 5117 Sed
2292 5060 2359 5114 ad
2391 5061 2732 5132 propositum
2766 5064 2928 5117 nobis
2972 5065 3212 5118 studium
3246 5067 3548 5121 revocanda

1981 5164 2063 5210 est
2099 5153 2295 5206 oratio.
2954 5141 2960 5148 “

2050 5243 2202 5309 Quod
2237 5244 2290 5296 in
2317 5240 2425 5296 Deo
2453 5256 2638 5295 vocem
2664 5249 2718 5295 et
2743 5242 2965 5298 verbum
2997 5243 3166 5299 dictio
3197 5245 3330 5313 lizec,
3364 5245 3509 5300 Dixit
3530 5287 3545 5311 ,

1984 5337 2204 5390 minime
2235 5335 2605 5396 demonstrat,
2638 5334 2730 5388 sed
2765 5335 2853 5388 Dei
2886 5336 3147 5390 voluntati
3181 5339 3429 5392 comitem
3461 5355 3554 5407 po-

1984 5430 2205 5480 tentiam
2228 5423 2513 5478 declaraus
2538 5465 2551 5489 ,
2578 5424 2832 5478 sensibus
2856 5425 3323 5480 accommodatius
3348 5427 3549 5483 intelli-

1984 5517 2201 5584 gibilcm
2237 5515 2476 5569 ostendit
2508 5515 3041 5585 conteniplationem.
3081 5516 3347 5582 Quoniam
3384 5519 3550 5588 igitur

1983 5607 2076 5662 Ι)υῆ
2109 5607 2385 5661 voluntate
2423 5608 2729 5660 consistunt
2771 5608 2974 5671 omnia,
3019 5608 3328 5664 hominibus
3371 5621 3548 5661 autem

1986 5708 2306 5756 consuetum
2334 5709 2385 5754 ct
2419 5698 2687 5756 familiare
2729 5714 2979 5756 sermone
3022 5701 3253 5770 primum
3303 5701 3550 5756 \‘Olttntl-
