4010 6212
486 241 588 305 987

1687 233 1744 289 S.
1781 229 2105 289 GREGORII
2158 230 2203 287 Ν
2213 229 2450 288 YSSENI

3645 239 3766 294 983

485 354 593 402 tem
643 347 986 420 signiﬁcare,
1043 353 1098 402 et
1153 347 1234 403 sic
1282 361 1420 418 opus
1446 347 1716 402 voluntati
1764 361 2066 402 consonum

2172 347 2267 400 καὶ
2287 347 2460 410 οῦτως
2475 347 2700 415 ἐπάγειν
2722 347 2782 400 τὸ
2796 348 2954 419 ἔργον
2984 349 3306 418 συμφωνοῦν
3326 348 3402 420 τῷ
3425 349 3731 420 βουλήματι
3745 368 3757 379 ·

486 439 786 507 inducere;
839 439 1124 509 Scriptura
1186 445 1367 493 autem
1425 439 1494 493 de
1552 438 1745 494 mundi
1794 438 2069 493 creatione

484 529 893 600 quodammodo
958 529 1067 594 ad,
1100 529 1194 584 Dei
1252 515 1619 601 cognitionem
1678 531 2068 599 incipientibus

483 623 888 679 introductoria
918 630 1036 687 est,
1067 638 1166 692 per
1195 637 1258 678 ea
1285 638 1405 692 quae
1451 631 1579 679 sunt
1621 623 1959 694 promptiora
1999 621 2068 675 ad

484 713 891 784 cognitionem,
939 715 1108 768 robur
1156 723 1210 769 et
1261 715 1559 784 potentiam
1607 716 1806 770 divinae
1858 723 2069 769 naturae

485 816 877 878 repraesentat.
918 809 1223 878 promptior
1257 817 1438 862 autem
1481 817 1566 863 est
1612 809 1677 862 ad
1722 824 1912 864 eorum
1946 824 2068 878 qua:

490 900 873 969 intelliguntur
911 900 1279 968 cognitionem
1323 914 1386 954 ea
1424 916 1548 969 qua:
1595 899 1651 954 lit
1705 916 1800 969 per
1843 915 2064 954 sensum

487 992 936 1060 comprehensio:
967 989 1135 1060 hujus
1166 1006 1332 1045 causa
1368 991 1543 1047 Moses
1576 1007 1673 1062 per
1710 990 1761 1045 id
1807 991 1948 1061 quod
1981 991 2065 1044 di-

489 1083 566 1136 xit
597 1083 762 1138 Deum
787 1084 1022 1151 jussisse
1055 1083 1168 1137 ﬁeri
1192 1124 1206 1146 ,
1237 1086 1565 1140 excitantem
1597 1086 1893 1140 voluntatis
1919 1095 2069 1156 pote.-

485 1183 681 1230 statem
710 1175 990 1244 exprimit.
1015 1175 1150 1228 Cum
1187 1176 1414 1245 adjecit,
1454 1175 1520 1230 Et
1553 1177 1628 1231 ita
1660 1178 1860 1246 factum
1891 1187 1966 1231 est
1997 1177 2064 1241 ⁸⁸,

485 1265 691 1318 nullam
722 1280 844 1319 esse
880 1266 1174 1320 voluntatis
1205 1275 1259 1319 et
1291 1275 1448 1322 actus
1493 1268 1547 1321 in
1595 1267 1780 1322 divina
1825 1268 2066 1338 potentia

484 1355 850 1410 dill‘erentiam
881 1372 944 1410 os
971 1357 1155 1422 endit,
1185 1357 1280 1412 sed
1313 1358 1472 1413 docet
1507 1359 1560 1411 in
1590 1358 1699 1413 Deo
1730 1360 2065 1416 intellectum

485 1447 630 1500 actui
657 1447 882 1516 praeire,
907 1463 1015 1500 non
1045 1455 1224 1504 tamen
1247 1458 1428 1503 actum
1453 1451 1677 1521 cognito
1707 1452 2064 1520 posteriorem

453 1537 642 1601 ‘esse,
675 1539 770 1594 sed
804 1540 965 1594 simul
1004 1540 1148 1605 duo,
1179 1551 1233 1597 et
1275 1543 1578 1598 secundum
1624 1541 1766 1598 idem
1811 1544 2090 1600 conside--

434 1670 438 1674 η
485 1633 625 1694 rari,
656 1642 709 1686 et
735 1633 1020 1687 elcctivam
1056 1635 1258 1690 mentis
1292 1636 1588 1690 motionem
1627 1645 1680 1690 et
1711 1636 2062 1706 pcrl'ectivam

2167 439 2201 507 ή
2229 437 2287 490 δέ
2339 437 2529 509 Γραφὴ
2585 438 2684 507 τῆς
2726 439 3110 509 κοσμογενείας
3145 441 3480 509 είσαγωγική
3531 457 3650 502 πως
3678 443 3754 502 είς

2168 528 2498 598 θεογνωσίαν
2526 529 2638 592 τοῖς
2664 528 2989 599 ἀρχομένοις
3003 531 3139 591 ἐστὶ,
3163 529 3250 582 διὰ
3265 531 3373 582 τῶν
3390 531 3755 601 ἑτοιμοτέρων

2167 621 2250 682 εἰς
2266 619 2594 689 κατανόησιν
2614 619 2712 688 τὴν
2733 620 2884 689 ίσχὺν
2908 623 3007 691 τῆς
3027 621 3174 684 θείας
3194 622 3491 694 παρίστησι
3513 625 3750 692 φύσεως,

2168 710 2583 782 προχειρότερον
2603 711 2660 764 δέ
2691 713 2770 775 είς
2789 713 2988 780 γνῶσιν
3005 713 3113 765 τῶν
3139 713 3445 784 νοουμένων
3469 711 3504 778 ἡ
3546 714 3637 767 διὰ
3657 718 3754 783 τῆς

2168 804 2473 875 αἰσθήσεως
2503 804 2806 875 κατάληψις
2838 805 3080 873 γίνεται’
3108 805 3295 858 τούτου
3330 808 3493 876 χάριν
3529 804 3559 857 ὁ
3590 807 3754 859 Μωδ-

2170 897 2268 966 σῆς
2295 896 2382 949 διὰ
2410 896 2503 950 τοῦ
2536 897 2713 950 εἰπεῖν
2731 897 2822 949 τὸν
2855 897 2987 950 Θεὸν
3006 896 3124 950 τόδε
3147 898 3398 966 γενέσθαι
3421 898 3748 968 προστάξαι,

2168 989 2264 1059 τὴν
2295 972 2601 1060 ὁρμητικὴν
2647 989 2740 1041 τοῦ
2787 988 3089 1060 θελήματος
3123 987 3366 1054 ἐξουσίαν
3414 990 3750 1060 παρίστησιο

2168 1078 2255 1136 διὰ
2296 1079 2350 1131 δὲ
2375 1079 2468 1132 τοῦ
2502 1079 2812 1150 προσθεῖναι
2840 1079 3040 1145 τὸ,Καί
3061 1079 3297 1149 ἐγένετο
3319 1083 3528 1147 οὕτως,
3551 1081 3618 1134 τὸ
3653 1100 3754 1151 μηο

2165 1171 2357 1242 δεμίαν
2401 1171 2540 1227 εἶναι
2585 1173 2846 1244 διαφορὰν
2882 1171 3220 1243 βουλήματός
3259 1189 3316 1226 τε
3345 1173 3437 1227 καί
3467 1174 3750 1243 ἐνεργείας

2167 1267 2258 1318 ἐπὶ
2316 1265 2418 1334 τῆς
2468 1265 2616 1329 θείας
2648 1266 2979 1320 ἐνδείκνυται
3037 1264 3276 1334 φύσεως,
3328 1265 3464 1318 ἀλλά
3507 1264 3749 1317 διδάσκει

2168 1357 2525 1429 καθηγεῖσθαι
2575 1360 2672 1429 μὲν
2713 1359 2806 1412 ἐπὶ
2835 1357 2927 1412 τοῦ
2983 1357 3117 1412 Θεοῦ
3178 1359 3277 1442 τῆς
3316 1358 3601 1428 ἐνεργείας
3653 1358 3750 1426 τὴν

2167 1449 2370 1518 νόησιν,
2403 1449 2503 1501 ούκ
2530 1448 2905 1520 ἐφυστερίζειν
2919 1449 2975 1502 δέ
2999 1449 3138 1520 μετὰ
3156 1450 3216 1502 τὸ
3245 1449 3434 1520 νοηθὲν
3473 1449 3574 1517 τὴν
3596 1448 3750 1518 ἐνέρ-

2166 1559 2338 1610 γειαν.
2363 1541 2476 1594 ἀλλ’
2507 1541 2624 1612 ἅμα
2659 1541 2726 1594 τὰ
2747 1542 2861 1604 δύο,
2892 1541 2987 1594 καὶ
3013 1541 3152 1594 κατὰ
3174 1541 3367 1594 ταύτὸν
3403 1540 3750 1612 θεωρεῖσθαι,

2167 1635 2268 1704 τήν
2295 1651 2354 1685 τε
2389 1634 2779 1704 προαιρετικὴν
2801 1633 2894 1686 τοῦ
2934 1632 3023 1686 νοῦ
3054 1632 3267 1704 κίνησιν
3308 1635 3400 1686 καί⁵
3427 1632 3528 1704 τὴν
3553 1635 3750 1686 ἀπατε-

485 1723 564 1776 rci
597 1724 917 1792 potentiam.
948 1723 1167 1778 Nullum
1213 1727 1360 1781 enim
1405 1727 1555 1782 dedit
1593 1728 1832 1782 medium
1877 1730 2066 1783 intelli-

2169 1726 2422 1796 λεστικὴν
2450 1725 2544 1779 τοῦ
2576 1727 2900 1797 πράγματος
2932 1724 3182 1796 δύναμιν.
3216 1724 3380 1778 Οὐδὲν
3405 1725 3516 1796 γὰρ
3549 1725 3750 1778 ἔδωκεν

485 1813 722 1885 gendum
765 1815 904 1868 ratio
943 1817 1234 1872 electionis
1279 1825 1334 1870 ct
1363 1819 1641 1884 actionis;
1679 1821 1772 1875 sed
1805 1820 2069 1890 qui-mad-

484 1906 706 1960 modum
735 1922 859 1960 cum
893 1908 1220 1964 accensione
1255 1909 1484 1965 ﬂamma:
1531 1913 1695 1966 etiam
1747 1913 1924 1982 fulgor
1973 1929 2070 1983 ap-

485 2004 671 2066 paret,
704 1997 798 2067 qui
827 2013 891 2052 ex
924 1997 1014 2052 illa
1045 2009 1130 2054 est
1152 2042 1166 2065 ,
1199 2010 1251 2055 et
1282 2015 1405 2056 cum
1438 2003 1555 2072 ipsa
1585 2003 1843 2074 effulget:
1877 2007 2065 2060 eodem

485 2088 650 2141 modo
675 2103 813 2156 opus
837 2087 1057 2158 quidem
1083 2090 1280 2144 divinae
1305 2093 1598 2150 voluntatis
1623 2105 1706 2150 est
1731 2111 1920 2150 eorum
1948 2112 2070 2166 qua:

486 2175 633 2232 facta
673 2187 804 2233 sunt
833 2180 1144 2234 substantia
1173 2221 1188 2244 ,
1222 2199 1328 2237 non
1373 2193 1552 2241 tamen
1593 2187 1787 2243 ordine
1825 2191 2070 2244 secundo

487 2269 738 2338 sequitur
774 2278 895 2338 post
931 2271 1289 2332 voluntatem.
1332 2273 1450 2330 Non
1487 2279 1636 2332 enim
1659 2318 1675 2342 ,
1709 2283 2070 2350 quemadmo-

489 2358 620 2412 dum
653 2360 708 2414 in
735 2361 859 2416 aliis
885 2362 1086 2432 quibus
1113 2365 1294 2434 aliqua
1329 2369 1569 2436 potentia
1599 2373 1778 2425 activa
1809 2382 1892 2427 est
1924 2390 1951 2428 a
1982 2389 2071 2428 na-

487 2459 646 2514 tura,
683 2452 784 2507 hoc
813 2453 1032 2523 quidem
1065 2458 1306 2524 potentia
1343 2461 1610 2528 cernitur,
1647 2463 1778 2517 illud
1812 2480 1942 2520 vero
1985 2483 2071 2522 se-

487 2543 730 2598 cundum
785 2553 942 2601 actus
997 2549 1510 2618 complementum;
1567 2555 1800 2624 exempli
1857 2558 2067 2626 gratia,

488 2651 707 2707 semper
733 2637 954 2707 quidem
984 2639 1218 2696 dicimus
1246 2642 1370 2697 esse
1417 2645 1635 2698 navium
1682 2628 2068 2704 fabricatorem

421 2774 426 2780 .
487 2726 544 2781 in
596 2729 832 2798 potentia
888 2730 1173 2786 habentem
1223 2743 1396 2790 artem
1448 2739 1670 2792 navium
1725 2739 2070 2797 fabricanda-

487 2832 650 2890 rum,
697 2821 914 2890 operari
961 2831 1142 2877 autem
1190 2840 1314 2879 cum
1366 2827 1420 2881 in
1468 2831 1726 2899 operibus
1773 2835 2066 2890 scicntiam

487 2913 748 2968 ostendit.
789 2911 906 2968 Non
950 2915 1034 2968 sic
1075 2917 1126 2968 in
1175 2916 1330 2972 beata
1375 2920 1520 2986 vita,
1567 2923 1660 2978 sed
1706 2933 1875 2978 totum
1921 2927 2066 2997 quod

2169 1811 2417 1889 ἐννοῆσαι
2477 1818 2641 1890 μέσον
2687 1820 2716 1871 ὁ
2751 1818 2907 1886 λόγος
2949 1817 3051 1887 τῆς
3094 1817 3470 1889 προαιρέσεως
3515 1817 3612 1870 καὶ
3654 1819 3749 1885 τῆς

2171 1911 2444 1983 πράξεως,
2496 1909 2610 1964 ἀλλ’
2650 1909 2839 1981 ὥσπερ
2871 1912 2936 1980 τῇ
2981 1909 3170 1979 ἐξάψει
3216 1912 3317 1980 τῆς
3358 1908 3560 1978 φλογὸς
3592 1911 3686 1960 καὶ
3718 1911 3747 1978 ἡ

2169 2007 2311 2078 αὐγὴ
2333 2005 2767 2074 συνεκφαίνεται,
2788 2003 2882 2058 καὶ
2910 2003 2967 2070 ἐξ
2985 2003 3200 2074 ἐκείνης
3218 1999 3372 2067 οὖσα,
3389 2003 3485 2056 καὶ
3512 2004 3633 2073 μετ’
3658 2006 3750 2056 αύ-

2168 2103 2266 2170 τῆς
2281 2098 2752 2166 συνεκλάμπουσα,
2787 2096 2926 2151 κατὰ
2949 2095 3220 2149 τὸν-αὺτὸν
3235 2096 3435 2166 τρόπον
3468 2096 3634 2165 ἔργον
3658 2099 3756 2165 μὲν.

2168 2193 2262 2247 τοῦ
2288 2192 2434 2246 θείου
2459 2191 2760 2262 θελήματος
2793 2193 2826 2260 ἡ
2867 2189 2976 2243 τῶν
3004 2190 3303 2259 γεγονότων
3331 2189 3480 2242 ἐστὶν
3509 2191 3748 2243 57:63:1-

2171 2303 2274 2349 σις,
2307 2285 2367 2338 οὐ
2419 2286 2524 2356 μὴν
2565 2284 2870 2352 δευτερεύει
2912 2285 2978 2355 τῇ
3026 2282 3174 2346 τάξει
3208 2283 3344 2353 μετὰ
3381 2281 3443 2335 τὸ
3479 2282 3750 2352 βούλημα.

2171 2378 2244 2430 Οὐ
2274 2376 2402 2448 γὰρ,
2431 2377 2618 2447 ὥσπερ
2651 2377 2740 2430 ἐπὶ
2779 2375 2886 2428 τῶν
2922 2374 3094 2428 ἄλλων
3119 2369 3201 2438 οἷς
3229 2391 3313 2437 τις
3345 2374 3631 2445 πρακτικὴ
3660 2375 3748 2426 δύ-

2169 2487 2334 2538 ναμις
2368 2470 2432 2521 ἐκ
2460 2467 2674 2537 φύσεώς
2704 2458 2840 2532 ἐστι,
2867 2466 2925 2520 τὸ
2963 2467 3061 2538 μὲν
3092 2466 3320 2537 δυνάμει
3347 2467 3662 2537 θεωρεῖται,
3696 2467 3752 2519 τὸ

2169 2562 2225 2615 δὲ
2266 2564 2408 2617 κατά
2441 2563 2538 2634 τὴν
2565 2561 2666 2630 τῆς
2701 2559 2980 2631 ἐνεργείας
3010 2559 3354 2631 ἐκπλήρωσιν
3375 2576 3388 2589 ·
3411 2558 3656 2627 ὡς,ςέρε
3680 2561 3753 2610 ei.

2172 2663 2320 2724 πεῖν,
2347 2660 2434 2713 ἀεὶ
2479 2659 2575 2730 μὲν
2609 2651 2746 2712 εἶναι
2787 2656 3063 2726 ναυπηγόν
3094 2672 3273 2725 φαμεν
3302 2657 3367 2724 τῇ
3397 2653 3630 2723 δυνάμει
3664 2654 3752 2705 τὸν

2169 2751 2266 2823 τὴν
2296 2748 2639 2821 ναυπηγικὴν
2678 2749 3092 2820 ἔχοντατέχνην,
3121 2747 3358 2818 ἐνεργεῖν
3396 2744 3451 2798 δὲ
3476 2745 3600 2797 τότε
3627 2745 3758 2797 ὅταν

2169 2843 2260 2896 ἐπὶ
2292 2841 2400 2895 τῶν
2427 2841 2600 2912 ἔργων
2645 2840 2793 2911 δείξῃ
2821 2841 2920 2910 τὴν
2943 2825 3268 2908 ἐπιστήμην.
3303 2837 3414 2906 υύχ
3449 2835 3630 2899 οὕτως
3664 2837 3752 2888 καὶ

2171 2937 2261 2990 ἐπί
2286 2936 2385 3006 τῆς
2436 2935 2712 3008 μακαρίας
2743 2933 2910 3004 ζωῆς,
2941 2933 3056 2987 ἀλλ’
3079 2934 3197 2986 ὅλον
3229 2932 3256 2984 ὅ
3304 2930 3360 2984 τί
3385 2931 3491 3002 πέρ
3517 2934 3666 2984 ἐστιν
3694 2932 3750 2982 ἐν

488 3003 708 3074 quidem
763 3005 818 3060 in
872 3006 965 3060 illa
1017 3007 1362 3078 intelligitur,
1415 3013 1602 3068 ellicax
1644 3025 1765 3080 est,
1815 3025 1868 3071 et
1910 3028 2066 3075 actus

2173 3029 2353 3101 ἐκείνῃ
2377 3028 2684 3099 νοούμενον,
2722 3028 2960 3099 ἐυεργὲς,
2997 3025 3089 3079 καὶ
3117 3025 3312 3097 πρᾶξίς
3339 3025 3510 3087 ἐστιν,
3532 3023 3752 3094 άμέσιυς

488 3103 606 3159 est,
638 3095 920 3150 voluntate
945 3098 1062 3152 sine
1094 3101 1273 3153 medio
1297 3102 1364 3155 ad
1400 3102 1556 3158 linem
1589 3107 1692 3160 sibi
1726 3111 2067 3179 propositum

487 3191 831 3242 transeunte.
866 3187 936 3243 Ut
972 3190 1141 3258 igitur
1173 3192 1264 3260 qui
1311 3194 1365 3247 in
1397 3198 1538 3249 cmlo
1578 3206 1662 3252 est
1691 3211 1921 3256 ornatus
1940 3203 2070 3272 Opi-

487 3272 579 3328 ﬁci
609 3274 838 3345 gloriam
871 3279 1214 3345 testiﬁcatur,
1241 3291 1294 3336 et
1322 3301 1445 3337 cum
1477 3287 1568 3354 qui
1604 3287 1728 3342 fecit
1755 3293 2067 3359 conﬁtetur,

489 3377 590 3452 nec
619 3375 800 3419 tamen
829 3382 964 3422 voce
993 3369 1238 3439 indiget:
1265 3371 1345 3426 sic
1375 3384 1564 3428 contra
1598 3377 1722 3444 quis
1753 3391 1973 3452 sumpto
2002 3400 2067 3440 ex

488 3451 658 3508 Mosis
691 3453 973 3524 Scriptura
1002 3456 1158 3524 loco,
1184 3476 1395 3516 mecmu
1441 3475 1692 3535 reputet,
1737 3451 1891 3540 quod
1929 3473 2069 3531 Deus

487 3545 581 3616 qui
615 3563 716 3602 suo
738 3547 896 3618 jussu
968 3551 1228 3607 universa
1269 3555 1323 3608 in
1368 3573 1549 3611 rerum
1587 3568 1836 3618 naturam
1876 3566 2072 3636 produ-

489 3640 602 3707 xit,
638 3643 900 3696 mundum
931 3643 1067 3698 dicit
1098 3661 1253 3701 suam
1287 3664 1411 3704 esse
1441 3661 1782 3719 creaturam,
1817 3673 1916 3712 nec
1951 3675 2070 3714 ver-

489 3733 576 3788 bis
611 3732 678 3786 ad
717 3734 878 3803 hujus
909 3736 1119 3792 notitia:
1151 3739 1574 3796 declarationem
1612 3744 1836 3816 indiget.
1868 3747 1939 3803 Ut
1977 3751 2070 3821 igi-

489 3833 581 3878 tur
607 3825 700 3896 qui
732 3827 940 3881 audivit
967 3831 1167 3884 cazlum
1204 3847 1466 3888 enarrare
1488 3877 1502 3900 ,
1553 3851 1864 3894 sermonem
1907 3859 2066 3896 enar-

489 3916 724 3968 rativum
759 3932 865 3970 non
893 3919 1178 3988 quaesivit:
1199 3921 1433 3977 mundus
1457 3923 1602 3977 enim
1635 3939 1814 3982 mente
1845 3931 2068 3996 prwdito

463 4007 734 4079 .loqnitur
763 4025 860 4079 per
899 4025 964 4065 ea
1008 4027 1130 4081 quae
1176 4011 1348 4076 ﬁunt,
1392 4014 1816 4072 declarationem
1858 4037 1977 4090 quae
2011 4023 2067 4076 lit

489 4101 670 4156 verbis
713 4102 905 4178 valere
946 4105 1174 4160 sinens:
1222 4105 1303 4162 sic
1341 4115 1396 4161 et
1445 4106 1649 4163 Mosem
1697 4109 1969 4166 dicentem
2018 4117 2063 4169 si

488 4194 613 4263 quis
639 4195 908 4260 audierit,
944 4193 1112 4250 Deum
1142 4198 1464 4252 nominatim
1497 4200 1563 4255 de
1596 4201 1836 4271 singulis
1871 4207 2062 4258 mundi

489 4287 742 4355 partibus
771 4288 1074 4342 edicentem
1103 4297 1154 4343 et
1180 4288 1494 4356 jubentcm,
1530 4309 1706 4362 neque
1742 4297 2062 4366 prophetam

2171 3121 2267 3175 τοῦ
2303 3121 2642 3194 βουλήματος
2669 3120 2803 3190 πρὸς
2841 3119 2902 3171 τὸ
2949 3117 3088 3172 κατὰ
3135 3118 3388 3189 πρόθεσιν
3412 3117 3567 3182 τέλος
3623 3118 3746 3187 μεθ-

2175 3213 2483 3282 ισταμένου.
2514 3213 2603 3275 Ὠς
2663 3211 2842 3264 τοίνυν
2870 3213 3138 3283 μαρτυρεῖ
3171 3209 3250 3280 τῷ
3287 3209 3622 3281 Δημιουργῷ
3655 3211 3748 3280 τὴν

2169 3305 2325 3370 δόξαν
2350 3308 2382 3376 ἠ
2421 3305 2571 3376 ἐντῷ
2604 3303 2818 3376 οὐρανῷ
2839 3303 3217 3375 διακόσμησις.
3247 3306 3338 3357 καὶ
3371 3304 3632 3374 ὁμολογεῖ
3662 3305 3745 3357 τὸν

2173 3398 2529 3470 πεποιηκότα,
2567 3399 2662 3453 καὶ
2692 3397 2876 3467 φωνῆς
2921 3398 2980 3450 ού
3015 3396 3350 3468 προσδέεται.
3389 3396 3534 3450 οὕτω
3572 3415 3662 3467 μοι
3693 3398 3747 3449 τό

2171 3489 2406 3560 ἔμπαλιν
2468 3490 2531 3542 ἐκ
2580 3489 2678 3558 τῆς
2723 3488 2815 3541 τοῦ
2862 3488 3136 3550 Μωῦσέως
3172 3488 3392 3557 Γραφῆς
3429 3488 3745 3557 μεταλαϐὼν

2171 3584 2235 3636 ἄν
2262 3601 2343 3647 τις
2370 3583 2664 3651 λογίσαιτο,
2697 3583 2777 3635 ὅτι
2810 3580 2904 3634 καὶ
2937 3578 3130 3634 ἐαυτοῦ
3162 3579 3362 3650 κτίσμα
3389 3581 3418 3632 ό
3438 3579 3572 3643 Θεὸς
3604 3580 3743 3648 λέγει

2171 3674 2260 3727 τὸν
2284 3675 2486 3744 κόσμον
2518 3676 2546 3727 ό
2581 3673 2659 3743 τῷ
2706 3672 3082 3744 προστάγματι
3107 3669 3166 3724 τδ
3193 3672 3300 3724 πᾶν
3323 3670 3616 3736 ούσιὼσας,
3656 3674 3741 3725 καὶ

2173 3767 2431 3837 ῥημάτων
2478 3765 2611 3835 πρὸς
2640 3764 2867 3836 δήλωσιν
2897 3763 2998 3833 τῆς
3044 3763 3249 3826 ἐννοίας
3276 3763 3478 3832 ταύτης
3508 3765 3611 3817 οὐκ
3639 3767 3739 3816 ἐπι-

2170 3857 2366 3910 δέεται.
2410 3857 2498 3919 Ὠς
2527 3851 2620 3908 οὖν
2649 3857 2676 3908 ό
2708 3853 2945 3917 ἀκούσας
2971 3852 3200 3922 ούρανοῦ
3239 3853 3625 3922 διηγουμένου,
3672 3854 3739 3906 διο

2169 3946 2405 4012 εξοδικδν
2427 3947 2527 4000 οὐκ
2555 3945 2783 4016 ἐζήτησε
2805 3943 2960 4011 λόγον
2984 3956 2998 3970 ⁸
3023 3938 3174 3995 λαλεῖ
3196 3940 3302 4012 γὰρ
3319 3940 3394 4010 τῷ
3420 3941 3546 3993 νοῦν
3576 3941 3736 4010 ἔχοντι

2169 4040 2258 4093 διὰ
2287 4039 2395 4093 τῶν
2425 4039 2726 4108 γινομένων
2775 4037 2803 4089 ὁ
2845 4037 3067 4106 κόσμος,
3101 4035 3198 4105 τὴν
3235 4033 3322 4086 διὰ
3351 4034 3460 4086 τῶν
3485 4035 3737 4105 ῥημάτων

2167 4133 2397 4202 δήλωσιν
2442 4131 2651 4203 χαίρειν
2690 4129 2854 4191 ἐάσας
2877 4149 2888 4160 ·
2925 4126 3066 4180 οὕτω
3105 4127 3208 4180 κᾶν
3234 4125 3324 4179 τοῦ
3353 4127 3630 4190 Μωῦσέως
3660 4127 3735 4178 λέ-

2169 4223 2357 4290 γοντός
2390 4239 2472 4285 τις
2504 4219 2734 4290 ἀκούσῃ,
2783 4218 2858 4281 ὡς
2909 4216 3003 4269 τοῦ
3029 4214 3162 4268 Θεοῦ
3202 4217 3462 4286 ὀνομαστὶ
3494 4216 3732 4287 περὶτῶν

2169 4315 2289 4368 καθ’
2317 4314 2545 4366 ’ἑκαστον
2567 4311 2660 4363 τοῦ
2695 4310 2898 4380 κόσμου
2937 4307 3117 4378 μερῶν
3144 4307 3518 4370 διατάττοντός
3559 4327 3614 4360 τε
3649 4310 3732 4361 καὶ

490 4379 712 4431 mentiri
763 4381 1095 4447 suspEcetur,
1145 4395 1322 4449 neque
1368 4382 1604 4439 exilibus
1651 4393 1705 4439 et
1761 4386 2061 4443 humilibus

2168 4405 2495 4470 κελεύοντος,
2519 4403 2654 4472 μήτε
2683 4399 2970 4471 ψεύδεσθαι
2996 4400 3086 4452 τὸν
3119 4401 3404 4469 προφήτην
3427 4400 3731 4462 ύπονοείτω,

490 4467 808 4523 notionibus
837 4470 1046 4524 deterat
1071 4469 1384 4524 sublimium
1412 4474 1840 4542 speculationem
1859 4515 1874 4540 ,
1903 4479 2058 4547 quasi

489 4560 827 4616 divinitatem
849 4578 943 4633 per
964 4561 1274 4632 hujusmodi
1299 4563 1364 4617 ad
1388 4564 1624 4621 hominis
1650 4569 1866 4623 modum
1893 4582 2062 4627 trans-

491 4653 708 4718 ferens,
753 4663 809 4708 ct
856 4661 1048 4708 nostro
1109 4669 1259 4708 more
1301 4655 1503 4710 emissa
1538 4659 1793 4712 mandata
1826 4670 1878 4715 et
1905 4663 2060 4731 jussa

492 4761 814 4816 percensere
844 4761 1177 4815 supponens.
1213 4745 1317 4801 Sed
1349 4747 1564 4816 jussum
1598 4751 1835 4819 explicet
1872 4756 2063 4809 volun-

493 4847 656 4892 tatem
686 4854 702 4903 ;
739 4851 921 4889 rerum
955 4844 1136 4890 autem
1171 4846 1480 4891 creatarum
1514 4841 1736 4894 nomina
1769 4842 1938 4911 ipsam
1976 4861 2062 4899 re-

405 4989 428 5004 ]
492 4943 610 4981 rum
648 4927 916 4981 factarum
961 4927 1324 4982 substantiam
1362 4930 1712 5000 significent:
1747 4935 1820 4987 ita
1855 4946 1913 4989 ut
1957 4937 2066 4990 duo

2171 4499 2305 4568 μήτε
2343 4495 2554 4565 μικροῖς
2575 4494 2670 4545 καὶ
2705 4491 3062 4563 χαμαιζήλοις
3094 4492 3328 4561 νοήμασι
3367 4509 3728 4562 κατασμικρυ-

2168 4589 2304 4642 νέτω
2335 4587 2433 4657 τὴν
2465 4585 2572 4638 τῶν
2620 4583 2840 4655 ὑψηλῶν
2883 4583 3134 4654 θεωρίαν,
3179 4577 3290 4636 οἷον
3325 4583 3728 4656 ἐξανθρωπίζων

2167 4681 2257 4735 διὰ
2295 4680 2403 4732 τῶν
2453 4676 2709 4731 τοιούτων
2756 4675 2816 4728 τὸ
2845 4677 3020 4732 Θεῖον,
3053 4674 3148 4728 καὶ
3179 4675 3318 4727 κατὰ
3348 4674 3444 4746 τὴν
3471 4675 3726 4745 ἡμετέραν

2172 4771 2454 4844 συνήθειαν
2491 4770 2641 4838 φωνῇ
2680 4765 2750 4819 τά
2797 4766 3188 4836 προστάγματα
3221 4765 3533 4830 διεξοδεύειν
3559 4767 3721 4818 ὑποτι-

2167 4864 2410 4934 θέμενος,
2436 4859 2570 4914 ἀλλὰ
2602 4860 2663 4911 τὸ
2701 4859 2798 4928 μὲν
2834 4856 3159 4927 πρόσταγμα
3211 4857 3449 4925 δηλούτω
3480 4858 3573 4928 τὴν
3610 4856 3718 4925 βού-

2131 4993 2150 5012 ,
2163 4954 2318 5037 λησιν
2336 4968 2350 4981 ⁶
2371 4951 2440 5004 τὰ
2457 4950 2510 5002 δὲ
2538 4948 2642 5002 τῶν
2665 4947 2990 5001 κτισθέντων
3006 4946 3240 5015 ὀνόματα
3263 4946 3437 5016 αὐτὴν
3456 4944 3604 5013 διαση
3614 4961 3720 5037 pot-

491 5035 586 5089 per
615 5019 731 5074 hac
757 5019 901 5072 dicta
938 5019 1114 5073 discat
1139 5062 1152 5084 ,
1185 5027 1239 5074 et
1265 5021 1410 5090 quod
1459 5023 1600 5078 Deus
1644 5027 1828 5086 omnia
1875 5028 2066 5083 volens

2168 5019 2299 5098 νέτω
2328 5041 2426 5112 τὴν
2448 5041 2556 5093 τῶν
2586 5040 2885 5108 γεγονότων
2922 5038 3248 5091 ὑπόστασιν·
3274 5036 3413 5089 ὥστε
3441 5037 3507 5090 τὰ
3539 5037 3625 5088 δύο
3646 5033 3718 5086 διὰ

489 5119 750 5179 operatus
785 5120 902 5175 est,
935 5117 989 5164 et
1016 5110 1160 5178 quod
1203 5112 1411 5181 absque
1455 5129 1618 5181 opera
1665 5124 1719 5168 ct
1765 5117 1948 5172 labore
1989 5119 2066 5173 di-

489 5199 614 5255 vina
641 5201 896 5256 voluntas
918 5242 931 5266 ,
964 5209 1158 5255 natura
1195 5201 1371 5257 liehat.

560 5398 712 5462 Quod
758 5403 800 5454 si
852 5403 976 5471 quis
1024 5401 1151 5455 illud
1177 5443 1190 5466 ,
1228 5401 1372 5456 Dixit
1427 5402 1563 5458 Deus
1596 5403 1659 5466 ³³,
1689 5407 1967 5460 carnalius
2009 5415 2058 5459 et

486 5491 731 5545 crassius
762 5493 1170 5562 interpretetur,
1212 5502 1268 5546 ut
1301 5511 1393 5559 per
1426 5497 1525 5548 hoc
1559 5498 1904 5554 articulatttm
1942 5515 2058 5554 scr-

447 5652 458 5662 ’
553 5670 598 5703 ³⁸
629 5667 764 5724 Gcn.
798 5686 838 5734 ι,
871 5669 900 5719 7
935 5686 1052 5734 sqq.
1134 5671 1172 5702 ³¹
1211 5668 1341 5725 Gen.
1380 5687 1414 5735 l,
1449 5673 1481 5727 5
1515 5688 1637 5743 sqq.

2161 5133 2269 5186 τῶν
2302 5132 2608 5204 εἰρημένων
2649 5130 2861 5200 μαθεῖν,
2907 5130 3000 5181 καὶ⁸
3041 5129 3122 5181 ὃτι
3156 5127 3437 5198 βουληθεὶς
3463 5131 3490 5181 ό
3517 5129 3639 5189 Θεὸς
3662 5125 3720 5176 τά

2171 5223 2350 5276 πάντα
2376 5221 2785 5290 κατείργασται,
2810 5220 2903 5273 καὶ
2917 5220 2998 5272 ὅτι
3019 5218 3386 5289 ἀπραγμόνως
3415 5235 3474 5270 τε
3500 5220 3590 5272 καὶ
3608 5215 3720 5270 ἀκό-

2171 5331 2288 5374 πως
2318 5313 2378 5364 τὸ
2406 5295 2546 5365 θεῖον
2588 5312 2831 5382 βούλημα
2859 5311 3018 5378 φύσις
3051 5312 3273 5379 ἐγίνετο.

2243 5404 2302 5454 Εἰ
2330 5402 2384 5454 δέ
2419 5420 2499 5465 τις
2527 5403 2616 5466 τὸ,
2646 5399 2827 5455 Εἶπεν
2857 5405 2888 5454 ό
2933 5402 3096 5468 Θεὸς,
3131 5401 3532 5472 σαρκικώτερον
3563 5400 3719 5468 ἑρμη-

2169 5493 2330 5559 νεύοι,
2360 5494 2430 5557 ὡς
2469 5494 2554 5547 διά
2587 5493 2770 5548 τούτου
2799 5495 2887 5548 τὸν
2931 5493 3187 5562 ἔναρθρον
3227 5492 3380 5556 λόγον
3415 5493 3541 5562 παρ’
3574 5485 3718 5542 αὑτοῦ
