4010 6212
320 280 428 340 989

1408 282 1685 340 CONTRA
1711 281 2095 347 EUNOMIUM,
2149 280 2273 336 LIB.
2312 279 2427 339 XII.

3489 284 3596 342 990

325 400 662 473 γεγενῆσθαι
713 401 1164 467 κατασκευάζειν,
1212 404 1240 457 6
1287 404 1449 469 αὐτὸς
1503 396 1660 465 οὗτος
1703 404 1799 458 καὶ
1826 403 1918 468 τὸ,

2034 418 2240 456 nionem
2285 380 2350 454 ab
2392 418 2457 457 eo
2500 401 2707 463 factum
2756 416 2877 457 esse
2920 401 3205 461 adstruat.
3242 401 3331 456 hic
3365 401 3505 456 idem
3539 413 3595 459 et

327 488 512 549 Εἷδεν
535 495 570 548 ό
590 494 759 559 Θεὸς,
789 493 932 548 κατὰ
952 495 1051 567 τὴν
1073 494 1459 567 ἀντιληπτικὴν
1489 496 1645 566 ἡμῶν
1670 494 1921 564 αἴσθησιν

329 585 420 639 διὰ
457 585 562 656 τῆς
588 584 696 638 τῶν
728 584 1022 657 ὀφθαλμῶν
1055 586 1334 658 ἐνεργείας
1372 585 1662 655 γινώσκειν
1706 587 1923 649 πάντως

331 678 646 748 ὑπονοήσει.
681 677 792 732 Καὶ
821 677 1171 752 τδ,Ἠκουσε
1208 679 1423 747 Κύριος
1451 678 1550 731 καί
1579 677 1805 746 ἠλέησέ
1823 695 1920 747 με,

334 770 451 835 καὶ,
490 766 833 838 Ὀσςρράνθη
868 767 1070 837 ὀσμὴν
1098 767 1376 835 εὐωδίας,
1411 770 1506 823 καὶ
1529 770 1629 822 ὅσα
1668 768 1795 839 περὶ
1827 786 1921 821 κε-

332 863 513 934 φαλῆς
538 862 712 926 θείας,
730 862 764 931 ἦ
788 861 968 928 ποδὸς,
997 861 1029 933 ἢ
1053 861 1253 933 χειρὸς,
1280 862 1313 933 ἢ
1346 861 1650 933 βλεφάρων.
1672 862 1706 933 ἢ
1730 861 1923 915 δακτύ-

332 955 466 1020 λων.
504 954 540 1025 ἢ
572 952 915 1024 ὑποδήματος
948 955 981 1022 ἡ
1013 954 1202 1025 Γραφὴ
1237 954 1690 1026 σωματικὼτερον
1712 953 1920 1025 διεξέρ-

331 1061 513 1116 χεται,
539 1044 717 1096 πάντα
740 1042 882 1096 κατὰ
910 1043 971 1097 τὸ
1001 1044 1306 1115 προχείρως
1336 1046 1735 1117 σημαινόμενον
1756 1045 1922 1098 ἐκλα-

333 1135 468 1202 ϐὼν,
520 1134 919 1204 άνθρωποειδὲς
961 1135 1094 1205 ἡμῖν
1143 1135 1431 1205 διαγράφει
1476 1137 1537 1190 τὸ
1580 1137 1753 1199 Θεῖον,
1801 1135 1920 1203 καοέ

332 1226 630 1297 ὁμοιότητα
660 1223 768 1277 τῶν
804 1225 865 1276 ἐν
898 1225 1030 1294 ἡμῖν
1065 1226 1425 1295 φαινομένων.
1462 1228 1525 1280 Εἰ
1554 1227 1610 1280 δὲ
1644 1226 1921 1281 δακτύλων

333 1333 423 1381 τις
451 1316 590 1387 ἔργα
620 1316 747 1377 τοὺς
774 1315 1036 1386 οὐρανοὺς
1065 1316 1299 1380 ἀκούων,
1326 1317 1419 1370 καὶ
1442 1319 1600 1388 χεῖρα
1628 1318 1920 1388 κραταιὰν,

332 1408 431 1463 καὶ
464 1406 722 1479 βραχίονα
762 1404 988 1477 ὑψηλὸν,
1033 1405 1129 1460 καὶ
1171 1404 1469 1476 ὀφθαλμὸν.
1520 1407 1613 1462 καὶ⁵
1648 1406 1923 1478 βλέφαρα,

333 1499 433 1551 καὶ
458 1497 616 1562 πόδα,
643 1498 739 1550 καὶ
763 1496 1107 1566 ὑποδήματα.
1136 1494 1457 1567 θεοπρεπεῖς
1481 1497 1686 1558 ἐννοίας
1707 1497 1773 1550 δι’
1799 1496 1928 1549 ἑκά-

2024 494 2162 555 hoc,
2203 493 2346 546 Vidit
2386 494 2521 549 Deus
2551 495 2616 556 ³¹,
2650 500 2811 562 prout
2855 508 3052 548 sensus
3097 500 3285 547 noster
3328 506 3595 563 percipit,

2022 600 2117 654 per
2145 584 2434 639 oculorum
2479 583 2748 638 actionem
2778 597 3113 652 cognoscere
3142 598 3374 652 prorsus
3403 587 3590 653 suspi-

2022 676 2257 729 cabitur.
2304 672 2371 728 Et
2415 673 2548 728 illud
2571 715 2586 737 ,
2618 674 2832 727 Audiuit
2874 674 3157 740 Dominus,
3190 684 3240 728 et
3275 677 3376 729 mei
3409 677 3597 731 miser-

2024 774 2105 818 tus
2133 776 2211 819 est
2246 765 2329 831 ³³;
2360 774 2415 819 et
2435 804 2450 828 ,
2487 764 2754 820 Odorolus
2786 773 2862 818 est
2893 763 3104 818 odorem
3132 766 3414 819 suavitatis
3448 766 3515 828 ",
3541 773 3597 821 et

2022 871 2363 926 quaecunque
2391 856 2457 910 de
2486 857 2662 926 capite
2692 855 2879 909 divino
2900 895 2915 920 ,
2948 856 3031 911 vel
3063 855 3201 925 pede
3222 895 3237 919 ,
3269 857 3354 911 vel
3387 872 3549 911 manu
3577 896 3594 922 ,

2023 950 2106 1002 vel
2150 948 2459 1020 palpebris,
2507 949 2589 1001 vel
2627 948 2849 1018 digitis,
2894 946 2977 1001 vel
3022 948 3402 1001 calceamento
3443 946 3597 1002 Scri-

2021 1046 2182 1108 ptura
2214 1039 2555 1107 corporalius
2582 1046 2798 1099 narrat,
2823 1038 3006 1091 omnia
3033 1047 3285 1107 prompto
3309 1049 3363 1093 et
3388 1040 3596 1108 vulgari

2024 1129 2330 1198 signiﬁcato
2364 1131 2678 1199 accipiens,
2716 1129 2878 1182 nobis
2916 1130 3152 1182 humana
3186 1131 3369 1199 specie
3402 1132 3598 1201 praedi-

2024 1227 2139 1274 tum
2179 1219 2390 1276 Numen
2414 1220 2686 1291 depinget,
2715 1236 2809 1290 per
2832 1221 3243 1277 similitudinem
3268 1237 3457 1278 eorum
3477 1239 3599 1294 qua:

2025 1311 2078 1365 in
2112 1313 2272 1367 nobis
2304 1322 2586 1383 apparent.
2621 1311 2778 1378 Quod
2809 1313 2854 1368 si
2888 1314 3181 1383 digitorum
3226 1330 3394 1384 opera
3426 1318 3600 1373 culos

2025 1402 2282 1465 audiens,
2326 1410 2380 1457 et
2426 1417 2647 1456 manum
2693 1402 2934 1468 ﬁrmam,
2980 1410 3035 1458 et
3085 1404 3371 1459 brachium
3420 1406 3602 1462 excel-

2028 1509 2180 1553 sum.
2213 1503 2267 1547 et
2295 1494 2515 1551 oculum
2538 1536 2554 1559 ,
2585 1503 2638 1550 et
2670 1495 2955 1565 palpebras
2978 1535 2993 1559 ,
3023 1503 3078 1550 et
3124 1495 3314 1567 pedem
3338 1538 3353 1559 .
3394 1506 3446 1552 et
3488 1499 3603 1553 cal-

334 1605 467 1642 στου
494 1587 605 1641 τῶν
632 1585 941 1658 εἰρημένων
970 1586 1371 1655 ἀναλογίζεται,
1402 1587 1499 1641 καὶ
1528 1588 1588 1641 οὐ
1618 1588 1926 1658 διαμολύνει

2034 1588 2348 1649 ccamenta,
2400 1582 2511 1638 Deo
2556 1584 2789 1640 decoras
2834 1585 3056 1641 notitias
3104 1603 3200 1656 per
3241 1589 3434 1643 horum
3480 1605 3603 1659 qua:

331 1680 427 1734 τὸν
454 1678 704 1750 περὶτῆς
727 1677 977 1750 καθαρᾶς
1007 1677 1223 1745 φύσεως
1255 1677 1412 1746 λόγον
1437 1681 1558 1742 ταῖς
1590 1683 1927 1749 σωματικαῖς

2034 1673 2174 1726 dicta
2206 1682 2337 1728 sunt
2378 1677 2809 1746 unumquodque
2846 1685 3090 1747 reputat,
3142 1694 3243 1735 nec
3293 1681 3486 1750 polluit
3535 1681 3604 1736 de

334 1739 1118 1846 ὕπολήιίεσικαταρυπαίνων,
1159 1739 1448 1826 ἀκόλουθον
1478 1739 1550 1825 ἂν
1577 1739 1794 1840 εἴηκαὶ
1827 1739 1927 1834 τὰς

2034 1780 2166 1834 pura
2198 1775 2395 1820 natura
2436 1782 2746 1824 sermonem
2794 1772 3079 1840 corporeis
3118 1772 3479 1842 opinionibus
3520 1774 3604 1829 in-

334 1866 448 1921 τῶν
477 1866 741 1937 ῥημάτων
780 1866 1120 1936 ἐκφωνήσεις
1163 1863 1500 1926 ὲνδεικτικὰς
1541 1861 1640 1932 μὲν
1680 1860 1926 1931 ἡγεῖσθαι

334 1958 433 2011 τοῦ
466 1958 614 2011 θείου
659 1956 1026 2027 βουλήματος,
1083 1955 1157 2027 μὴ
1193 1955 1376 2026 μέντοι
1418 1954 1600 2023 φωνὰς
1634 1953 1929 2025 ἐνάρθρους

339 2047 768 2119 ὑπολαμϐάνειν,
809 2046 923 2101 ἀλλ’
956 2048 1135 2100 ἐκεῖνο
1166 2043 1498 2113 λογίζεσθαι,
1529 2045 1610 2097 ὅτι
1639 2045 1668 2096 6
1708 2045 1807 2115 τῆς
1838 2042 1919 2096 λο-

336 2138 505 2209 γικῆς
526 2136 741 2207 φύσεως
763 2136 1104 2208 Δημιουργδς
1131 2135 1495 2204 ἀναλογοῦντα
1520 2134 1599 2205 τῷ
1623 2133 1805 2206 μέτρῳ
1830 2136 1929 2206 τῆς

336 2229 557 2300 φύσεως
592 2228 685 2282 τὸν
725 2227 880 2296 λόγον
925 2229 1057 2298 ἡμῖν
1109 2225 1442 2298 δεδώρηται,
1495 2225 1571 2288 ὡς
1600 2225 1668 2278 ἂν
1712 2224 1928 2295 ἔχοιμεν

339 2320 689 2389 ἐξαγγέλλειν
718 2319 784 2373 δι’
813 2318 975 2372 αὐτοῦ
1003 2318 1104 2388 τῆς
1128 2318 1307 2389 ψυχῆς
1334 2316 1403 2371 τά
1436 2319 1736 2387 κινήματα.
1765 2318 1928 2369 Ὅσον

338 2412 399 2467 δὲ
432 2412 627 2482 ἀπέχει
670 2412 704 2481 ἡ
755 2408 917 2479 φύσις
960 2410 1058 2480 τῆς
1105 2410 1349 2477 φύσεως,
1400 2409 1433 2477 ἡ
1485 2407 1605 2461 Θεία
1649 2406 1792 2475 λέγω
1829 2408 1929 2477 τῆς

338 2504 635 2574 ἡμετέρας,
667 2500 807 2555 κατὰ
825 2499 888 2554 τὸ
907 2496 1025 2554 ἴσον
1050 2499 1244 2570 μέτρον
1265 2499 1365 2567 τῆς
1383 2497 1733 2561 ὑποστάσεως
1755 2497 1929 2551 πάντα

338 2595 412 2649 τά
442 2597 570 2665 περὶ
597 2591 768 2663 αὐτὴν
800 2591 932 2646 ὄντα
958 2590 1065 2645 τῶν
1103 2591 1162 2644 ὲν
1195 2591 1327 2660 ἡμῖν
1355 2588 1762 2660 θεωρουμένων,
1792 2586 1930 2658 πώς

338 2686 405 2740 τὺ
436 2682 853 2757 μεγαλειότερόν
884 2700 944 2737 τε
972 2683 1068 2736 καὶ
1096 2680 1564 2752 θεοπρεπέστερον
1590 2678 1689 2750 τὴν
1717 2677 1930 2749 παραλ-

340 2776 519 2848 λαγὴν
543 2776 675 2851 ἔχει.
703 2778 813 2832 Καὶ
842 2776 918 2839 ὡς
948 2777 983 2845 ἡ
1013 2773 1245 2844 δύναμις
1278 2772 1312 2843 ἡ
1340 2771 1460 2825 καθ’
1487 2772 1635 2843 ἡμᾶς
1664 2770 1801 2842 πρὸς
1829 2769 1930 2841 τὴν

342 2867 441 2922 τοῦ
474 2868 612 2922 Θεοῦ
646 2868 938 2939 κρινομένη
977 2864 1040 2919 τὺ
1084 2864 1248 2936 μηδὲν
1275 2866 1411 2929 ἐστι,
1446 2864 1541 2917 καὶ
1577 2865 1609 2933 ἡ
1641 2861 1755 2932 ζωὴ
1791 2860 1931 2931 πρὸς

342 2960 447 3031 τὴν
473 2959 640 3030 ζωὴν,
669 2959 763 3013 καὶ
792 2958 862 3013 τὰ
893 2956 1030 3011 ἄλλα
1078 2957 1256 3010 πάντα
1298 2954 1368 3008 τὰ
1414 2954 1659 3025 ἡμέτερα
1701 2952 1837 3024 πρὸς
1862 2952 1932 3005 τὰ

2027 1856 2304 1925 quinans,
2337 1871 2685 1927 consequens
2717 1858 2882 1914 fuerit
2909 1862 3076 1915 etiam
3106 1863 3397 1921 verborum
3428 1880 3603 1919 enun-

2027 1947 2287 2003 tiationes
2335 1949 2558 2019 quidem
2613 1949 2813 2005 divinae
2866 1953 3165 2010 voluntatis
3214 1954 3429 2011 indices
3476 1971 3603 2012 esse

2027 2040 2385 2105 existimare,
2430 2058 2541 2097 non
2584 2051 2736 2099 certe
2779 2058 2943 2098 voces
2986 2044 3310 2102 articulatas
3352 2047 3600 2117 opinari.

2029 2129 2122 2186 scd
2150 2131 2283 2186 illud
2310 2133 2521 2189 ratione
2550 2135 2840 2203 complecti
2863 2174 2878 2197 ,
2903 2135 3048 2205 quod
3077 2144 3288 2191 natura:
3313 2138 3603 2193 rationalis

2027 2220 2210 2292 opifex
2238 2230 2448 2278 natura:
2476 2225 2638 2279 modo
2670 2226 3144 2295 proportionatum
3169 2242 3478 2281 sermonem
3502 2242 3603 2282 no-

2029 2313 2114 2369 bis
2162 2313 2421 2382 donavit,
2472 2322 2534 2370 ut
2580 2331 2677 2386 per
2716 2331 2842 2371 eum
2884 2317 3054 2371 animi
3097 2327 3282 2373 motus
3315 2334 3601 2387 possemus
3680 2318 3691 2329 ’

2027 2406 2334 2461 enuntiare.
2371 2405 2648 2474 Quantum
2685 2417 2867 2464 autem
2896 2418 3093 2463 natura
3122 2409 3275 2465 abest
3304 2425 3333 2462 a
3365 2418 3564 2464 natura
3585 2449 3600 2476 ,

2027 2496 2211 2553 divina
2241 2497 2367 2553 dico
2395 2513 2427 2553 a
2471 2509 2693 2564 nostra,
2736 2507 2948 2554 tantum
2992 2516 3114 2569 qua:
3164 2503 3312 2555 circa
3355 2511 3600 2556 nostram

2028 2591 2442 2648 subsistentiam
2474 2592 2918 2669 considerantur,
2964 2592 3226 2648 diﬁ‘erunt
3255 2594 3326 2648 ab
3357 2608 3424 2648 eo
3454 2592 3602 2663 quod

2028 2689 2116 2738 est
2146 2680 2224 2738 'in
2277 2682 2390 2738 Deo
2444 2684 2880 2755 magniﬁcentius
2914 2692 2969 2740 et
3012 2684 3119 2755 ipsi
3164 2686 3601 2742 convenientius.

2030 2771 2098 2827 Et
2152 2782 2213 2828 ut
2274 2783 2461 2831 nostra
2512 2783 2758 2845 potestas
2812 2790 2945 2841 cum,
2982 2775 3074 2830 Dei
3125 2775 3366 2845 potentia
3406 2776 3604 2830 collata

2029 2863 2167 2918 nihil
2199 2870 2316 2928 est,
2347 2872 2404 2921 et
2432 2866 2542 2920 vita
2572 2881 2697 2920 cum
2749 2866 2891 2932 vita,
2943 2873 2997 2921 et
3042 2867 3147 2921 alia
3188 2868 3371 2921 omnia
3414 2875 3602 2923 nostra

2032 2968 2161 3009 cum
2192 2955 2278 3011 his
2307 2971 2430 3025 quae
2459 2956 2514 3011 in
2550 2956 2643 3011 illo
2689 2966 2817 3013 sunt
2867 2967 3217 3026 comparata.
3268 2968 3319 3012 ul
3369 2959 3603 3014 nihilum

343 3052 407 3104 ἓν
429 3050 622 3122 ἐκείνῳ
646 3049 964 3123 κρινόμενα,
992 3047 1069 3111 ὡς
1100 3046 1258 3100 οὐθὲν
1282 3043 1511 3099 ἐνώπιον
1536 3044 1721 3106 αὑτοῦ,
1751 3042 1932 3106 καθὼς

2034 3060 2217 3100 coram
2247 3046 2391 3117 ipso,
2420 3047 2562 3103 sicut
2589 3049 2665 3102 ait
2691 3048 2977 3118 prophetia
3004 3049 3072 3103 "z
3103 3049 3186 3103 sic
3215 3050 3381 3105 etiam
3414 3058 3606 3105 noster

344 3144 383 3213 ἠ
410 3119 720 3213 προφητεία
739 3119 923 3212 φησίν
955 3138 1129 3200 οὕτως
1150 3138 1244 3190 καὶ⁵
1272 3138 1300 3190 ὁ
1328 3136 1591 3206 ἡμέτερος
1621 3134 1777 3203 λόγος
1800 3134 1933 3205 πρὶς
1960 3119 2002 3139 υ

345 3233 440 3286 τὺν
477 3233 648 3294 ὅντως
676 3231 808 3284 ὅντα
842 3229 1015 3298 Λόγον
1046 3226 1364 3297 κρινόμενός
1389 3226 1534 3279 ἐστιν
1558 3225 1730 3280 οὐδέν.
1766 3217 1934 3288 Οὗτος

352 3320 454 3391 μὶν
485 3320 595 3390 γάρ
621 3322 678 3373 ιν
698 3319 842 3390 ἀρχῇ
886 3317 987 3371 οὐκ
1028 3311 1118 3387 ἦν,
1151 3315 1288 3369 ἀλλὰ
1318 3317 1383 3386 τῇ
1414 3315 1658 3386 ἡμετέρᾳ
1701 3332 1933 3383 συγκατ-

349 3409 660 3480 εσκευάσθη
682 3408 863 3479 quissi.-
885 3406 1008 3462 οὔτε
1024 3407 1144 3460 κατ’
1167 3406 1301 3459 ίδίαν
1314 3404 1595 3475 θεωρεῖται
1617 3404 1931 3469 ὑπόστασιν,

348 3503 469 3557 ἀλλ’
497 3501 574 3565 ὥς
601 3501 732 3572 φησί
758 3517 862 3554 που
886 3500 915 3552 6
932 3497 1269 3561 διδάσκαλος,
1293 3496 1371 3567 τῷ
1386 3496 1664 3567 ψόφῳ.τῆς
1685 3495 1935 3567 γλώσσης

353 3592 792 3664 συναφανίζεται·
831 3591 953 3648 οὔτε
1004 3589 1162 3663 ἔργον
1198 3589 1319 3646 ἔστι
1363 3588 1555 3643 τούτου
1600 3593 1790 3661 νοῆσαι
1839 3590 1935 3644 τοῦ

350 3686 535 3753 λόγου.
564 3683 678 3738 ἀλλ’
712 3686 770 3737 ιν
805 3682 945 3754 μόνῃ
974 3682 1124 3750 φωνῇ
1146 3680 1239 3733 καὶ
1264 3680 1551 3751 γράμματι
1573 3677 1673 3749 τὴν
1695 3680 1934 3733 ὑπόστα-

354 3793 441 3829 σιν
470 3776 607 3845 ἔχει.
647 3775 709 3827 '0
740 3773 796 3827 δὲ
825 3774 890 3825 ἐκ
921 3772 1013 3825 τοῦ
1052 3769 1187 3825 Θεοῦ
1219 3769 1412 3838 Λόγος,
1440 3768 1572 3832 Θεός
1597 3770 1734 3833 ἐστι,
1766 3770 1938 3838 Λόγος

350 3866 414 3917 ὲν
437 3864 583 3934 ἀρχῇ
608 3863 684 3916 ὢν
712 3862 805 3915 καὶ
829 3860 1005 3914 είσαεὶ
1043 3859 1332 3930 διαμένων.
1363 3857 1431 3910 δι’
1456 3852 1518 3913 οὗ
1544 3858 1614 3911 τά
1639 3860 1815 3913 πάντα
1843 3860 1938 3913 καὶ

349 3958 469 4010 εστι
503 3955 599 4008 καὶ
644 3953 940 4022 συνέστηκε
960 3989 977 4014 ,
1009 3951 1103 4004 καὶ
1130 3949 1225 4003 τοῦ
1260 3949 1457 4012 παντὸς
1507 3949 1810 4015 ἐπιστατεῖ,
1842 3950 1939 4004 καὶ

351 4050 539 4102 πᾶσαν
560 4046 673 4117 ἔχει
707 4044 806 4116 τὴν
835 4042 1081 4111 ἐξουσίαν
1112 4042 1219 4095 τῶν
1250 4044 1307 4095 ὲν
1344 4040 1563 4111 ούρανῷ
1587 4042 1683 4094 καὶ
1710 4041 1821 4095 τῶν
1844 4043 1939 4096 ἐπὶ

351 4138 458 4208 τῆς
482 4140 609 4208 γῆς,
636 4136 771 4207 ζωὴ,
800 4135 893 4189 καὶ
914 4133 1163 4203 ἀλήθεια.
1188 4133 1281 4186 καὶ
1316 4131 1649 4200 δικαιοσύνη.
1677 4132 1772 4185 καὶ
1800 4132 1934 4201 φῶς,

352 4230 454 4282 καὶ
486 4230 596 4281 πᾶν
624 4226 827 4295 ἀγαθὸν
864 4224 961 4288 ὣν,
995 4224 1090 4278 καὶ
1125 4223 1195 4277 τὰ
1224 4222 1402 4276 πάντα
1443 4224 1501 4276 ὲν
1538 4221 1616 4292 τῷ
1654 4219 1792 4277 εἶναι
1821 4224 1938 4276 δια-

356 4319 603 4394 κρατῶν.
634 4319 887 4373 Τοιούτου
917 4316 1096 4370 τοίνυν
1129 4316 1282 4380 ὄντος
1311 4315 1404 4368 καὶ⁵
1439 4314 1691 4367 τοσούτου
1722 4312 1817 4366 τοῦ
1836 4312 1939 4367 A6-

2035 3147 2217 3188 sermo
2255 3149 2381 3188 cum
2422 3150 2488 3190 eo
2517 3136 2611 3205 qui
2662 3151 2789 3191 vere
2842 3144 2927 3191 cst
2969 3135 3184 3199 Sermo,
3222 3148 3603 3208 comparatus.

2036 3224 2171 3278 nihil
2204 3232 2308 3281 est.
2342 3224 2444 3280 Hic
2471 3227 2618 3282 enim
2655 3226 2707 3280 in
2733 3227 3005 3297 principio
3031 3242 3140 3282 non
3167 3236 3319 3293 erat,
3350 3229 3447 3284 sed
3478 3244 3603 3284 cum

2036 3325 2228 3371 nostra
2279 3324 2473 3372 natura
2522 3326 2889 3374 constructus
2936 3326 3061 3386 est;
3102 3334 3280 3384 neque
3303 3320 3604 3375 secundum

2036 3407 2313 3477 propriam
2358 3417 2639 3478 spectatur
2663 3410 3078 3465 subsistentiam
3099 3449 3115 3474 ,
3149 3412 3242 3466 sed
3264 3450 3280 3474 ,
3322 3411 3469 3465 sicut
3506 3411 3609 3465 ali-

2037 3498 2166 3552 cubi
2196 3498 2328 3554 dicit
2352 3500 2635 3570 magister,
2661 3515 2786 3555 cum
2817 3501 3013 3571 linguae
3038 3502 3267 3572 strepitu
3297 3503 3606 3566 evanescit,

2038 3603 2218 3658 neque
2261 3590 2426 3659 hujus
2472 3591 2746 3647 sermonis
2786 3607 2926 3662 opus
2974 3593 3192 3663 aliquod
3242 3594 3367 3650 licet
3407 3595 3609 3651 intelli-

2037 3694 2187 3748 gere,
2208 3678 2304 3735 sed
2332 3680 2386 3734 in
2410 3681 2525 3736 sola
2550 3695 2683 3737 voce
2706 3692 2759 3737 et
2781 3684 2958 3738 littera
2979 3684 3390 3740 subsistentiam
3417 3686 3605 3745 habet.

2040 3769 2148 3826 Sed
2175 3772 2270 3843 qui
2297 3786 2364 3826 ex
2394 3770 2504 3828 Deo
2529 3781 2614 3829 est
2637 3771 2854 3838 Sermo,
2879 3774 3023 3829 Deus
3047 3783 3133 3830 est
3150 3816 3166 3841 ,
3192 3774 3430 3830 Verbum
3461 3777 3607 3848 quod

2036 3869 2122 3918 est
2154 3864 2206 3916 in
2253 3862 2525 3932 principio
2573 3870 2629 3917 et
2674 3863 2728 3917 in
2779 3873 3097 3933 perpetuum
3145 3874 3461 3934 permanet,
3511 3881 3609 3936 per

2039 3968 2197 4022 quem
2229 3952 2411 4009 omnia
2437 3962 2491 4009 et
2520 3962 2649 4010 sunt
2674 3962 2728 4010 et
2760 3962 3048 4018 constant,
3079 3962 3131 4009 et
3167 3955 3425 4010 universo
3470 3971 3607 4025 pra:-

2040 4046 2182 4102 sidet
2210 4060 2538 4115 omnemque
2563 4046 2723 4099 habet
2746 4060 2935 4099 eorum
2967 4060 3090 4114 quae
3123 4054 3254 4101 sunt
3281 4046 3334 4098 iu
3374 4047 3516 4102 coelo
3552 4054 3608 4102 et

2040 4139 2095 4193 in
2125 4147 2273 4194 terra
2302 4145 2627 4207 potestatem
2646 4176 2661 4196 .
2684 4138 2793 4190 vita
2819 4144 2875 4192 et
2901 4137 3132 4201 veritas,
3162 4137 3379 4205 jusﬁtia
3407 4146 3462 4192 et
3489 4138 3607 4203 lux,

2038 4238 2093 4286 et
2121 4244 2285 4284 omne
2311 4228 2514 4284 bonum
2539 4226 2814 4283 exsistens
2835 4268 2850 4289 .
2881 4236 2936 4282 et
2962 4227 3148 4282 omnia
3183 4228 3238 4282 in
3280 4237 3508 4294 natura,
3548 4237 3611 4285 ut

2040 4318 2153 4374 sint
2194 4316 2506 4371 continens.
2549 4313 2699 4372 Talis
2740 4316 2908 4387 igitur
2934 4325 2989 4371 et
3036 4324 3226 4372 tantus
3256 4317 3450 4373 Sermo
3478 4333 3607 4373 cum

356 4430 459 4481 γου
507 4409 602 4465 τοῦ
646 4428 710 4464 πε
718 4412 774 4482 pi.
796 4410 888 4464 τὸν
911 4409 1042 4463 Θεὸν
1069 4406 1360 4479 νοουμένου
1380 4448 1395 4473 ,
1428 4399 1583 4470 οὗτος
1620 4406 1712 4459 τὸν
1744 4406 1802 4459 ἐν
1828 4405 1934 4459 ὀνό-

2044 4409 2117 4463 sit
2146 4414 2202 4462 et
2230 4408 2287 4461 in
2318 4404 2427 4462 Deo
2457 4405 2817 4476 intelligatur,
2861 4407 2969 4462 iste
3030 4421 3366 4473 sermonem,
3416 4408 3508 4478 qui
3552 4408 3607 4461 in

362 4520 503 4576 μασι
532 4504 627 4557 καὶ
654 4503 865 4573 ῥήμασι
913 4501 1009 4554 καὶ
1046 4499 1367 4569 συνδέσμοις
1416 4498 1945 4570 συναπαρτιζόμενον

358 4595 543 4662 λόγον,
572 4591 647 4656 ὣς
691 4608 744 4645 τι
774 4592 915 4661 μέγα
944 4590 1223 4662 χαρίζεται
1250 4587 1389 4658 Θεῷ,
1417 4588 1624 4656 ἀγνοῶν
1648 4588 1729 4641 ὅτι
1759 4586 1948 4659 ὥσπερ

360 4689 393 4740 6
420 4661 522 4756 τὴν
546 4682 855 4754 πρακτικὴν
874 4684 939 4751 τῇ
958 4679 1117 4749 φύσει
1140 4661 1295 4749 ἡμῶν
1316 4680 1679 4750 χαρισάμενος
1695 4677 1944 4748 δύναμιν,

361 4776 427 4827 οὐ
452 4772 524 4826 τὰ
560 4770 683 4825 καθ⁹
708 4772 937 4824 ἕκαστον
960 4769 1115 4841 ἡμῶν
1138 4768 1277 4839 ἔργα
1318 4769 1671 4839 δημιουργεῖν
1706 4768 1945 4838 λέγεται,

361 4854 483 4911 ἀλλ’
545 4863 576 4916 6
603 4862 702 4933 μὲν
727 4862 894 4916 ἔδωκε
920 4864 986 4932 τῇ
1019 4860 1177 4929 φύσει
1211 4859 1307 4931 τὴν
1353 4859 1602 4931 δύναμιν,
1644 4863 1944 4931 ἐνεργεῖται

361 4954 422 5007 δι
460 4954 588 5026 παρ’
624 4952 782 5025 ἡμῶν
812 4953 978 5016 οίκία,
1013 4952 1105 5006 καὶ
1151 4951 1367 5021 βάθρον,
1398 4951 1492 5005 καὶ
1534 4952 1807 5021 ῥομφαία,
1852 4953 1947 5006 καὶ

364 5046 620 5115 ἄροτρον,
651 5045 747 5097 καὶ
791 5045 1027 5113 ὅτουπερ
1056 5043 1123 5097 ἂν
1152 5044 1181 5096 6
1223 5041 1335 5110 βίος
1366 5044 1504 5112 τύχῃ
1546 5041 1796 5112 δεόμενος
1830 5056 1843 5070 ’
1871 5039 1947 5096 ὢν

366 5138 438 5189 τά
465 5137 587 5191 καθ’
612 5136 862 5211 ,ἕκαστόν
897 5139 1012 5189 ἐστι
1044 5137 1141 5206 μὲν
1176 5135 1313 5205 ἔργα
1357 5134 1633 5205 ἡμέτερα,
1665 5135 1742 5195 είς
1770 5134 1827 5186 δὲ
1853 5133 1944 5187 τὸν

367 5227 530 5301 ἡμῶν
556 5227 736 5281 αὐτῶν
757 5228 927 5281 αἴτιον
978 5226 1075 5297 τὴν
1104 5226 1380 5296 ἀναφορὰν
1410 5225 1544 5294 ἔχει,
1573 5224 1664 5277 τὸν
1699 5224 1951 5294 δεκτικὴν

370 5320 557 5390 πάσης
596 5320 904 5390 ἐπιστήμης
927 5317 1027 5388 τὴν
1054 5317 1216 5387 φύσιν
1254 5316 1411 5388 ἡμῶν
1452 5316 1945 5387 δημιουργήσαντα·

370 5410 550 5475 οὕτως
575 5413 670 5465 καὶ
701 5411 734 5481 η
778 5411 871 5465 τοῦ
904 5411 1063 5479 λόγου
1097 5410 1346 5481 δύναμις,
1382 5410 1544 5482 ἔργον
1585 5410 1681 5480 μὲν
1714 5408 1826 5462 ἔστι
1855 5410 1949 5463 τοῦ

374 5500 631 5572 τοιαύτην
657 5502 813 5573 ἡμῶν
841 5501 1200 5572 πεποιηκότος
1224 5503 1321 5571 τὴν
1342 5500 1521 5569 φύσιν,
1558 5502 1590 5570 ἡ
1617 5500 1673 5553 δὲ
1700 5499 1806 5552 τῶν
1829 5501 1947 5553 καθ’

455 5686 502 5718 ⁸·
534 5684 669 5740 Gen.
695 5699 743 5752 ι,
772 5684 804 5739 ι
826 5699 949 5757 sqq.

2039 4497 2356 4556 nominibus
2383 4504 2437 4553 et
2464 4497 2649 4554 verbis
2674 4505 2730 4553 et
2772 4497 3263 4567 conjunctionibns
3304 4498 3610 4569 compingi-

2041 4596 2150 4653 tur,
2173 4587 2322 4644 velut
2338 4586 2470 4658 quid
2495 4602 2748 4657 magnum
2771 4585 2881 4643 Deo
2903 4588 3151 4658 largitur,
3179 4588 3438 4659 ignorans
3462 4586 3607 4658 quod

2040 4679 2500 4751 quemadmodum
2531 4679 2623 4750 qui
2652 4680 2884 4736 activam
2917 4680 3215 4752 potentiam
3259 4666 3470 4734 natura:
3513 4695 3609 4733 no.

2040 4779 2168 4826 stra:
2197 4769 2542 4842 gratiﬁcatns
2568 4778 2656 4827 est
2683 4812 2698 4837 ,
2729 4787 2839 4825 non
2867 4787 2987 4841 quae
3013 4778 3142 4826 sunt
3170 4772 3224 4825 in
3248 4786 3468 4842 quoque
3512 4784 3611 4824 no-

2049 4871 2224 4918 strum
2249 4876 2411 4933 opera
2431 4861 2642 4917 edicere
2666 4861 2867 4916 dicitur
2884 4861 3019 4917 .‘sed
3049 4862 3140 4918 ille
3166 4864 3385 4933 quidem
3413 4871 3613 4916 nostra

2051 4961 2265 5008 naturae
2292 4953 2398 5007 vim
2431 4951 2611 5014 dedit,
2643 4967 2671 5005 a
2705 4940 2864 5007 nobis
2894 4968 3023 5007 vero
3054 4953 3251 5008 domus
3278 4952 3527 5017 efﬁcitur,
3557 4961 3613 5007 et

2050 5059 2336 5099 scamnum
2358 5084 2373 5107 ,
2406 5051 2460 5099 et
2483 5044 2729 5115 gladius,
2759 5052 2815 5099 et
2842 5054 3083 5099 aratrum
3105 5085 3121 5107 ,
3152 5056 3208 5101 et
3249 5045 3614 5116 quodcunque

2049 5150 2188 5203 opus
2214 5151 2324 5204 quo
2346 5135 2455 5189 vita
2481 5142 2671 5190 nostra
2694 5134 2936 5203 indigeat
2956 5157 2969 5192 :
2989 5151 3221 5205 quorum
3248 5136 3460 5205 singula
3486 5146 3616 5192 sunt
3682 5118 3689 5125 ’

2048 5226 2265 5292 quidem
2293 5240 2458 5295 opera
2489 5236 2675 5280 notitra
2702 5252 2717 5288 ,
2745 5226 2841 5280 sed
2874 5226 2941 5279 ad
2970 5235 3218 5280 nostrum
3252 5227 3493 5295 ipsorum
3526 5243 3615 5282 au-

2048 5325 2253 5370 ctorem
2286 5316 2604 5371 relationem
2639 5318 2880 5380 habent,
2915 5316 3007 5386 qui
3041 5317 3222 5373 omnis
3252 5319 3497 5374 scientiae
3533 5333 3615 5372 ca-

2051 5423 2235 5475 pacem
2275 5421 2528 5462 naturam
2568 5418 2812 5463 nostram
2851 5409 3093 5463 condidit
3127 5429 3138 5463 :
3181 5411 3260 5464 sic
3294 5411 3456 5465 ctiam
3503 5428 3616 5468 scr.

2050 5500 2226 5554 monis
2278 5502 2516 5569 potentia
2564 5516 2704 5570 opus
2754 5501 2971 5571 quidem
3021 5509 3103 5556 cst
3147 5501 3265 5571 ejus
3314 5502 3407 5572 qui
3454 5502 3620 5557 talem

1028 5685 1073 5717 ³³
1099 5683 1244 5741 I‘sal.
1287 5700 1436 5751 nix,
1472 5684 1553 5740 ll.
1629 5684 1674 5716 ”
1702 5685 1988 5755 (lunam,
2021 5686 2112 5740 :21.
2191 5685 2233 5716 ³⁵
2279 5682 2427 5740 Psal.
2471 5700 2697 5750 unm,
2725 5685 2778 5739 6.
