4010 6212
411 303 516 363 ‘99!

1655 295 1711 352 S.
1745 294 2064 353 GREGOBII
2094 296 2139 353 Ν
2149 295 2383 351 YSSEM

3537 295 3643 352 992

411 422 656 471 nostram
700 411 830 470 fecit
870 422 1123 466 naturam
1149 454 1163 478 ,
1207 413 1452 469 inventio
1497 428 1629 470 vero
1683 415 1977 470 verborum

2086 415 2307 468 ἕκαστον
2348 415 2610 487 ῥημάτων
2636 412 2871 485 εὑρεσις,
2917 413 3046 486 πρὸς
3076 412 3174 484 τὴν
3196 413 3383 486 χρείαν
3410 413 3509 485 τῆς
3542 415 3651 467 τῶν

410 506 755 576 singulorum
798 505 865 558 ad
911 519 1089 558 rerum
1130 504 1511 574 signiﬁcantia
1551 521 1711 561 usum
1746 521 1777 560 a
1819 505 1977 561 nobis

411 600 549 664 ipsis
576 597 882 666 excogitata
909 605 1012 650 est.
1049 594 1204 662 Quod
1237 597 1366 651 hinc
1397 597 1686 653 manifeste
1712 604 1976 668 apparet,

410 690 539 758 quia
571 687 972 757 quamplurima
1006 702 1127 756 qua:
1149 687 1406 742 dicuntur
1431 689 1608 758 turpia
1640 696 1692 744 et
1723 689 1978 744 indecora

413 793 639 850 prorsus
671 795 795 834 esse
828 790 1145 841 censentur,
1169 795 1402 849 quorum
1430 782 1615 835 nullus
1631 772 1817 836 incute
1850 796 1983 850 pra!-

412 873 562 927 ditus
606 873 950 928 inventorem
993 873 1162 926 Deum
1212 875 1527 943 suspicatus
1573 874 1753 930 fuerit.
1801 875 1983 940 Quare

413 965 631 1020 tametsi
663 980 728 1018 ex
765 963 858 1018 Dei
893 979 1129 1034 persona
1161 966 1408 1034 quaedam
1443 979 1472 1019 a
1505 981 1661 1020 sacra
1695 963 1982 1037 Scriptura

413 1058 577 1111 verba
609 1055 773 1109 nobis
807 1054 1094 1108 familiaria
1131 1064 1185 1108 et
1215 1065 1437 1110 assueta
1471 1057 1749 1118 dicantur,
1781 1072 1986 1126 cogno-

411 1149 676 1204 scendum
705 1155 788 1202 est
817 1149 963 1216 quod
995 1147 1233 1216 Spiritus
1264 1157 1488 1202 sanctus
1529 1165 1595 1202 ex
1638 1149 1842 1203 nostris
1883 1165 1985 1204 no-

414 1238 626 1292 biscum
655 1236 914 1290 disserit:
945 1235 1404 1304 quemadmodum
1439 1237 1491 1290 in
1523 1239 1782 1293 Actorum
1816 1239 1990 1294 histo—

413 1328 497 1382 ria
524 1327 821 1381 didicimus
840 1326 908 1393 ³⁸,
932 1325 1074 1395 quod
1109 1327 1489 1397 unusquisque
1513 1328 1567 1381 in
1591 1344 1691 1383 sua
1726 1330 1904 1399 lingua
1932 1331 1986 1384 in

415 1435 524 1490 qua
554 1424 716 1472 natus
741 1425 894 1481 erat,
919 1419 1226 1472 doctrinam
1261 1419 1597 1487 accipiebat,
1631 1435 1727 1490 per
1758 1421 1858 1476 sibi
1892 1437 1986 1476 co-

415 1511 567 1583 gnita
599 1507 762 1564 verba
790 1508 896 1562 vim
921 1523 1234 1563 sermonum
1265 1509 1516 1564 audiens.

491 1601 555 1656 Et
603 1601 748 1670 quod
799 1600 914 1655 haec
964 1615 1091 1654 vera
1145 1603 1277 1663 sint,
1331 1602 1504 1671 magis
1560 1601 1831 1667 didicerit,
1892 1603 1986 1674 qni

419 1693 738 1762 diligentius
784 1701 836 1746 et
876 1691 1188 1746 accuratius
1221 1691 1513 1746 Leviticam
1543 1695 1716 1763 legum
1751 1696 1990 1750 sanctio-

2079 504 2448 575 ὑποκειμένων
2489 505 2760 575 σημασίας
2797 506 2923 574 παρ’
2964 506 3117 575 ήμῶν
3155 505 3331 558 αὐτῶν
3358 507 3648 577 ἐπενοήθη.

2079 596 2389 667 Τεκμήριον
2421 596 2477 649 δὲ
2497 638 2512 661 ,
2542 598 2622 650 ὅτι
2660 596 2829 650 πολλὰ
2861 598 2970 650 τῶν
3012 598 3318 668 λεγομένων
3362 600 3564 668 αἰσχρά
3590 616 3648 650 τε

2080 689 2172 741 καὶ
2201 687 2424 758 ἀπρεπῆ
2463 690 2802 742 παντάπασιν
2831 685 2968 743 εἶναι
3000 689 3307 760 νενόμισται
3331 730 3345 752 ,
3363 682 3440 741 ὧν
3465 690 3563 741 οὑκ
3585 680 3678 742 ἄν’

2079 795 2163 842 τις
2207 779 2316 831 τῶν
2352 777 2476 832 νοῦν
2521 780 2749 850 ἐχόντων
2791 781 3018 852 εὑρετὴν
3062 779 3153 832 τὸν
3194 780 3324 833 Θεὸν
3368 779 3647 834 ὑπολάϐοι.

2083 868 2244 920 Ὥστε
2273 868 2377 922 κᾶν
2403 871 2467 924 ὲκ
2495 867 2784 940 προσώπου
2811 869 2904 921 τοῦ
2931 867 3066 922 Θεοῦ
3093 867 3320 938 λέγηται
3351 885 3475 921 τινα
3500 868 3650 938 παρὰ

2081 962 2178 1030 τῆς
2205 958 2354 1022 θείας
2387 959 2609 1030 Γραφῆς
2637 959 2742 1012 τῶν
2765 961 2896 1030 ἡμῖν
2931 961 3175 1032 συνήθων
3203 962 3481 1032 ῥημάτων,
3507 979 3650 1030 γνω-

2086 1054 2239 1105 στέον
2274 1053 2355 1106 ὅτι
2388 1053 2448 1106 τὸ
2477 1053 2697 1123 Πνεῦμα
2719 1053 2780 1105 τὸ
2808 1053 2962 1120 ἅγιον
2991 1055 3056 1106 ἐκ
3078 1052 3184 1106 τῶν
3211 1055 3495 1125 ἡμετέρων
3521 1057 3653 1125 ήμῖν

2079 1141 2408 1210 διαλέγεται.
2440 1140 2704 1211 Καθάπερ
2733 1142 2826 1194 καὶ
2847 1142 2940 1193 ἐπὶ
2962 1142 3061 1212 τῆς
3085 1140 3193 1194 τῶν
3221 1142 3480 1212 Πράξεων
3508 1147 3653 1195 ἱστο-

2089 1234 2210 1305 ρίας
2236 1232 2528 1304 ἐμάθομεν,
2551 1233 2631 1286 ὅτι
2659 1232 2885 1296 ἕκαστος
2918 1234 2975 1285 ὲν
3002 1235 3068 1304 τῇ
3098 1232 3204 1303 ίδίᾳ
3239 1232 3505 1304 διαλέκτῳ
3533 1236 3594 1286 ὲν

2087 1320 2315 1395 ἐγενήθη
2339 1324 2437 1394 τὴν
2464 1323 2807 1378 διδασκαλίαν
2851 1323 3081 1393 ἐδέχετο,
3105 1323 3194 1378 διὰ
3227 1324 3336 1402 τῶν
3361 1326 3656 1396 γνωρίμων

2081 1413 2235 1484 αὑτῷ
2267 1413 2524 1486 ῥημάτων
2547 1417 2644 1485 τῆς
2664 1414 2943 1486 δυνάμεως
2967 1414 3170 1478 ἐπαΐων
3197 1415 3303 1468 τῶν
3333 1415 3526 1484 λόγων.

2159 1596 2268 1650 Καὶ
2306 1595 2388 1648 ὅτι
2421 1593 2596 1666 ἀληθῆ
2626 1595 2830 1656 ταῦτα,
2865 1597 3065 1666 μᾶλλον
3098 1596 3163 1651 ἄν
3191 1613 3275 1660 τις
3311 1596 3472 1668 μάθοι
3509 1597 3658 1665 φιλο-

2093 1688 2393 1760 πονώτερον
2432 1687 2531 1759 τὴν
2573 1687 2859 1757 Λευῖτικὴν
2902 1688 3220 1758 νομοθεσίαν
3262 1689 3656 1754 κατεξετάζων.

420 1801 544 1841 nem
599 1783 962 1853 perpenderit.
999 1781 1113 1838 Illic
1137 1783 1338 1838 "enim
1374 1785 1695 1854 sartaginis,
1724 1793 1779 1840 et
1809 1785 1984 1856 lagani

2086 1781 2332 1849 Τηγάνου
2359 1778 2468 1850 γάρ
2491 1781 2627 1842 ἐκεῖ,
2659 1781 2752 1832 καὶ
2798 1779 3033 1863 λαγάνου
3075 1780 3168 1832 καὶ
3200 1781 3534 1850 σεμιδάλεως
3563 1781 3657 1834 καὶ

424 1878 541 1932 sive
581 1875 858 1943 placentae,
901 1882 956 1928 et
999 1872 1213 1936 simila,
1269 1882 1326 1927 et
1372 1874 1642 1942 ejusmodi
1704 1877 1984 1931 nominum

417 1967 666 2022 meminit
717 1966 772 2020 in
816 1965 1062 2036 mysticis
1109 1963 1418 2028 sacrificiis,
1465 1966 1762 2036 symbolice
1808 1975 1862 2023 et
1897 1983 1990 2038 per

416 2058 707 2127 aenigmata
755 2056 952 2111 animae
996 2056 1150 2110 utilia
1210 2057 1458 2125 quaedam
1499 2058 1753 2126 dogmata
1799 2059 1989 2114 subiu—

417 2143 628 2203 dicans.
664 2147 970 2213 Quinetiam
998 2161 1286 2202 mensuras
1310 2147 1572 2218 quasdam
1613 2149 1858 2204 nominat
1895 2165 1988 2206 so-

419 2239 516 2293 lito
559 2246 670 2292 tum
720 2253 890 2303 more,
927 2236 1104 2310 'bypbi
1149 2236 1422 2307 quod-dam
1478 2238 1666 2295 dicens
1711 2249 1766 2295 et
1808 2241 1986 2306 nebel,

416 2337 473 2384 et
509 2329 585 2394 in,
619 2337 673 2383 et
703 2329 873 2382 multa
911 2329 1033 2399 ejus
1067 2330 1305 2400 generis.
1355 2329 1495 2384 Num
1541 2331 1640 2387 bas
1670 2333 1987 2403 appellatio-

419 2436 518 2475 nes
554 2421 812 2490 imposuit
856 2429 912 2474 et
964 2421 1386 2485 nominationes,
1415 2429 1470 2475 et
1515 2437 1544 2476 a
1599 2423 1868 2494 principio
1910 2425 1990 2480 sic

419 2510 750 2580 praescripsit
780 2509 893 2564 lieri
922 2517 977 2565 et
1021 2509 1158 2572 dici,
1212 2510 1286 2563 ita
1318 2519 1378 2565 ut
1415 2511 1516 2566 hoc
1557 2512 1772 2582 quidem
1803 2528 1987 2568 semen

418 2601 748 2656 frumentum
784 2600 1010 2660 diceret.
1057 2599 1222 2669 hujus
1255 2609 1436 2654 autem
1479 2602 1767 2656 medullam
1813 2603 1989 2656 nomi-

417 2699 574 2745 naret
625 2691 900 2758 similam;
941 2705 1063 2759 qua:
1105 2705 1234 2745 vero
1278 2691 1333 2745 in
1377 2691 1666 2760 superﬁcie
1704 2701 1986 2762 apparent,

411 2790 470 2836 et
500 2789 627 2836 sunt
651 2781 1034 2836 membranosa
1063 2789 1119 2834 et
1149 2790 1508 2850 supernatant
1528 2781 1770 2845 bellaria,
1798 2783 1987 2853 lagana

416 2871 715 2940 appellaret
738 2885 750 2921 :
773 2878 832 2924 et
855 2887 949 2926 vas
974 2868 1081 2924 tale
1123 2870 1178 2924 in
1213 2887 1324 2940 quo
1369 2885 1549 2926 massa
1588 2872 1807 2926 humida
1840 2888 1991 2928 exas-

415 2968 570 3012 satur
609 2965 774 3027 atque
821 2958 1157 3020 exsiccatur,
1196 2959 1525 3028 sartagiuem
1555 2960 1781 3030 jusserit
1810 2962 1988 3015 nomi-

415 3051 571 3117 nari;
611 3048 817 3104 humidi
844 3063 972 3104 vero
1001 3055 1202 3102 tantam
1233 3051 1588 3118 quantitatem
1626 3052 1681 3104 in
1719 3052 1798 3106 vel
1831 3053 1984 3107 nebel

2086 1872 2194 1925 τῶν
2223 1871 2477 1926 τοιούτων
2519 1871 2790 1942 μέμνηται
2818 1871 3096 1942 ὀνομάτων
3127 1873 3186 1924 ὲν
3217 1875 3337 1936 ταῖς
3366 1879 3656 1943 μυστικαῖς

2090 1960 2437 2033 ἱερουργίαις,
2461 1959 2795 2029 συμὸολικῶ‹⁹
2819 1961 2912 2013 καὶ
2935 1959 3000 2012 δι’
3025 1961 3342 2029 αἰνίγματος
3362 1960 3654 2031 ψυχωφελῆ

2087 2067 2208 2104 τινα
2239 2050 2481 2120 δόγματα
2513 2049 2906 2119 ὑφηγούμενος.
2937 2050 3045 2102 Καὶ
3077 2049 3249 2120 μέτρα
3291 2051 3410 2103 τινὰ
3443 2068 3662 2104 κατονο-

2093 2141 2252 2210 μάζει
2291 2139 2432 2193 κατὰ
2459 2141 2556 2210 τήν
2591 2141 2711 2193 τότε
2758 2140 3064 2211 συνήθειαν,
3107 2141 3202 2210 ὑφι
3239 2159 3292 2194 τι
3336 2141 3528 2211 λέγων,
3567 2147 3658 2198 καὶ

2087 2231 2261 2294 νέ6ελ,
2289 2233 2382 2285 καὶ
2413 2232 2486 2294 ἲν,
2519 2231 2610 2284 καὶ
2634 2231 2808 2284 πολλὰ
2834 2231 3076 2286 τοιαῦτα.
3113 2229 3179 2285 Ἀ
3191 2251 3260 2304 ρα
3296 2238 3528 2306 ποιήσας
3560 2239 3658 2300 τάς

2088 2321 2454 2392 προσηγορίας
2475 2325 2674 2384 ταύτας
2704 2322 2796 2374 καὶ
2813 2323 3124 2392 ὀνομασίας,
3151 2325 3183 2394 ἢ
3207 2324 3304 2394 τὴν
3325 2326 3498 2397 ἀρχὴν
3518 2327 3662 2380 οὑτω

2088 2413 2472 2483 διαταξάμενος
2522 2415 2765 2484 γίνεσθαι
2801 2415 2895 2491 καὶ
2939 2415 3227 2484 λέγεσθαι,
3268 2418 3406 2471 ὥστε
3449 2421 3510 2472 τὸ
3561 2423 3660 2491 μὲν

2087 2505 2326 2557 τοιοῦτον
2356 2505 2574 2574 σπέρμα
2605 2507 2750 2558 σῖτον
2775 2508 2968 2560 εἰπεῖν·
2993 2507 3182 2561 τούτου
3215 2509 3272 2561 δὲ
3310 2511 3408 2582 τὴν
3423 2512 3660 2581 ὲντεριώο

2088 2611 2186 2665 νην
2213 2594 2472 2665 ὀνομάσαι
2514 2596 2932 2666 σεμίδαλινηκαὶ
2968 2597 3035 2651 τά
3073 2601 3364 2652 ἐπιπόλαια
3399 2604 3494 2655 καὶ
3521 2603 3656 2672 ὑμε-

2089 2682 2228 2753 νώδη
2257 2685 2349 2738 καὶ
2374 2683 2726 2755 διηπ).ωμὲνα
2750 2684 2859 2738 τῶν
2883 2688 3206 2756 πεμμάτων,
3238 2688 3448 2756 λάγανα
3486 2706 3658 2759 προσ-

2089 2776 2264 2828 ειπείν
2292 2779 2307 2794 ⁸
2333 2773 2512 2828 καὶτὸ
2530 2775 2729 2828 τοιόνδε
2747 2775 2950 2840 *σκεῦος
2980 2779 3038 2830 ὲν
3069 2771 3114 2846 ᾧ
3145 2772 3206 2830 τὸ
3230 2779 3403 2849 ’ὑγρὸν
3434 2779 3528 2833 τοῦ
3560 2799 3660 2849 φυ-

2093 2865 2334 2936 ράματος
2364 2865 2658 2932 ὲξοπτᾶται
2689 2869 2782 2920 καὶ
2809 2867 3181 2938 ὲξικμάζεται,
3210 2872 3443 2941 τήγανον
3471 2873 3662 2944 ὀνομα-

2091 2957 2279 3028 σθῆναι
2303 2956 2621 3028 προστάξαι⁶
2645 2957 2738 3012 τοῦ
2758 2976 2815 3012 τε
2834 2959 3000 3030 ὑγροῦ
3025 2961 3124 3032 τὴν
3143 2963 3363 3032 τοσήνδε
3385 2965 3659 3034 ποσότητι

2089 3047 2166 3118 τῷ
2200 3047 2294 3101 τοῦ
2363 3048 2416 3101 ἲν
2465 3049 2498 3120 ἢ
2543 3048 2698 3127 νέὸελ
2741 3050 2964 3120 ὀνόματι
3003 3051 3356 3122 διαγορεύειν,
3402 3055 3498 3117 καὶ
3534 3056 3660 3119 τοὺς
3709 3109 3732 3116 ,

416 3141 640 3196 nomine
672 3140 965 3210 appellare,
1001 3147 1055 3192 et
1085 3139 1293 3195 fructus
1327 3140 1594 3196 aridinres
1627 3142 1802 3197 metiri
1833 3158 1985 3197 men-

2091 3115 2414 3210 ξηροτέρους
2439 3115 2682 3211 καρποὺς
2711 3115 3213 3214 διαμετρεῖσθαι
3241 3115 3450 3217 γόμορς
3490 3115 3660 3202 Φλυαξ.

416 3247 547 3286 sura
580 3233 726 3286 dicta
766 3232 996 3301 gomor?
1041 3229 1207 3300 Nugae
1245 3241 1291 3285 et
1338 3233 1547 3286 vanitas
1588 3231 1834 3296 Judaica,
1869 3250 1988 3302 qua:

417 3320 745 3393 permultum
769 3337 800 3375 a
842 3321 1282 3376 Christianorum
1318 3323 1536 3376 sublimi
1572 3333 1764 3377 natura
1803 3335 1856 3378 et
1887 3341 1984 3379 ex-

415 3409 668 3464 cellentia
713 3410 935 3477 excidit,
979 3411 1236 3464 nimirum
1285 3419 1475 3480 putare
1520 3425 1775 3482 maguum
1808 3423 1862 3466 et
1895 3430 1988 3467 ex-

415 3499 812 3566 celsissimum,
876 3508 932 3554 et
996 3514 1159 3568 supra
1212 3514 1373 3553 Olllttc
1437 3515 1631 3554 nomen
1699 3510 1755 3556 et
1816 3504 1985 3557 animi

335 3620 338 3622 η
414 3594 798 3663 cogitationem
845 3591 1039 3657 Deum,
1088 3595 1181 3662 qui
1225 3594 1338 3646 scola
1373 3593 1673 3648 voluntatis
1722 3603 1986 3664 potestate

416 3686 732 3740 universum
782 3693 954 3750 creat,
1000 3693 1056 3740 et
1096 3685 1164 3740 ad
1205 3686 1608 3755 generationem
1651 3687 1892 3752 adducit,
1931 3696 1986 3742 et

414 3777 473 3832 in
517 3791 616 3831 sua
663 3785 860 3831 natura
903 3771 1081 3847 ipsum
1112 3785 1422 3841 conservat,
1456 3785 1514 3830 ut
1544 3778 1778 3848 aliquem
1807 3794 1985 3848 gram-

414 3867 713 3929 matistatn,
763 3866 818 3920 id
865 3879 953 3922 est
993 3866 1104 3921 ludi
1152 3867 1404 3921 litterarii
1445 3869 1784 3937 magistrum,
1837 3870 1986 3938 ejus-

415 3959 562 4012 modi
621 3959 900 4012 nominum
972 3959 1274 4028 positiones
1345 3960 1582 4013 inaniter
1643 3970 1980 4028 operantem,

412 4048 623 4104 sedere.
667 4046 774 4102 Sed
812 4048 1271 4118 quemadmodum
1314 4049 1495 4104 surdis
1531 4049 1702 4118 signis
1733 4059 1786 4105 et
1816 4047 1982 4120 gesti-

411 4138 515 4193 bus
547 4138 675 4208 quid
717 4153 876 4210 agere
921 4141 1174 4203 debeant,
1209 4139 1537 4204 indicamus,
1576 4157 1684 4196 non
1715 4143 1845 4212 quia
1881 4143 1980 4212 ipsi

2093 3231 2182 3300 ρία
2205 3231 2374 3284 ταῦτα
2401 3231 2492 3282 καὶ
2521 3232 2816 3303 ματαιότης
2856 3233 3115 3304 Ἰουδαῖκὴ
3149 3235 3402 3305 πάμπολυ
3425 3238 3528 3308 τῆς
3552 3239 3659 3291 τῶν

2088 3322 2426 3391 Χριστιανῶν
2449 3323 2815 3392 μεγαλοφυῖας
2833 3325 3234 3388 ἐκπεπτωκυῖα.
3259 3330 3319 3381 τὸ
3343 3331 3550 3384 οἴεσθαι
3571 3334 3659 3385 τὸν

2091 3412 2283 3480 μέγαν,
2313 3412 2403 3464 καὶ
2427 3410 2668 3480 ὕψιστον,
2695 3414 2786 3465 καὶ
2804 3414 2943 3486 ὑπὲρ
2961 3417 3066 3470 πάν
3085 3417 3254 3488 ὀνομὰ
3269 3436 3328 3471 τε
3358 3421 3448 3473 καὶ
3479 3423 3652 3492 νόημα

2085 3502 2238 3567 Θεὸν,
2273 3504 2363 3555 τὸν
2400 3503 2534 3573 μόνῃ
2576 3508 2641 3576 τῇ
2686 3499 2779 3558 τοῦ
2813 3506 3151 3577 βουλήματος
3195 3511 3422 3580 δυνάμει
3451 3515 3512 3567 τὺ
3552 3519 3658 3569 πάν

2084 3589 2475 3661 διακρατοῦντα
2503 3593 2599 3645 καὶ
2621 3597 2696 3657 είς
2735 3595 2951 3662 γένεσιν
2973 3598 3191 3664 ἄγοντα,
3220 3601 3312 3652 καὶ
3335 3603 3390 3652 ὲν
3415 3603 3496 3672 τῷ
3520 3600 3656 3658 εἶναι

2083 3679 2462 3750 διατηροῦντα,
2509 3683 2696 3738 τοῦτον
2735 3685 2808 3748 ὥς
2824 3703 2946 3740 τινα
2980 3692 3398 3763 γραμματιστὴν
3419 3695 3519 3758 τάς
3547 3714 3654 3748 τοι·

2085 3770 2212 3824 άσδε
2255 3772 2364 3825 τῶν
2417 3775 2695 3844 ὀνομάτων
2753 3777 2929 3842 θέσεις
2963 3779 3481 3853 διαλεπτουργοῦντα
3524 3789 3653 3840 καθ-

2084 3863 2267 3932 ῆσθαι.
2329 3865 2464 3919 Ἀλλ’
2495 3866 2682 3940 ὥσπερ
2719 3873 2829 3934 τοῖς
2871 3875 3073 3941 κωφοῖς
3109 3874 3652 3946 διασχηματιζόμενοι

2085 3953 2177 4032 καὶ
2207 3956 2644 4025 χειρονομοῦντες
2664 3959 2723 4011 τὸ
2752 3961 3020 4031 πρακτέον
3047 3964 3513 4034 ὑποσημαίνομεν,
3537 3968 3652 4036 οὐχὶ

2083 4045 2160 4115 τῷ
2188 4046 2261 4116 μὴ
2290 4047 2433 4117 ἔχειν
2463 4045 2598 4102 ίδίαν
2637 4052 2788 4105 αὑτοὶ
2815 4055 3018 4124 φωνὴν,
3049 4056 3176 4107 ὅταν
3209 4056 3364 4108 τοῦτο
3391 4058 3646 4128 ποιῶμεν,

2083 4139 2220 4192 ἀλλὰ
2236 4140 2310 4209 τῷ
2334 4142 2679 4197 παντάπασιν
2697 4146 2968 4216 ἄχρηστον
2989 4144 3126 4202 εἶναι
3147 4157 3256 4212 τοῖς
3275 4153 3374 4205 οὐκ
3395 4153 3646 4206 ἀκούουσι

410 4243 599 4284 vocem
636 4245 742 4283 non
776 4230 1094 4298 habeamus,
1126 4247 1250 4285 eum
1298 4233 1402 4285 hoc
1441 4231 1693 4294 facimus,
1727 4233 1822 4288 sed
1852 4235 1980 4304 quia

2086 4230 2180 4301 τὴν
2209 4231 2296 4284 διὰ
2324 4233 2431 4286 τῶν
2465 4236 2728 4306 ῥημάτων
2761 4239 3052 4310 ὑφήγησιν·
3098 4241 3240 4296 οὕτω
3284 4246 3376 4297 καὶ
3419 4246 3518 4314 τῆς
3555 4246 3643 4297 ἁν-

409 4321 636 4376 omnino
679 4321 753 4375 sit
792 4321 998 4376 inutilis
1036 4338 1144 4376 non
1179 4323 1528 4378 audientibus
1552 4338 1672 4393 qua).
1714 4323 1774 4378 fit
1803 4323 1983 4380 verbis

2086 4320 2363 4394 θρωπίνης
2388 4325 2600 4392 φύσεως
2624 4331 2973 4399 κωφευούσης
2998 4334 3195 4402 τρόπον
3226 4338 3348 4388 τινά
3384 4339 3477 4391 καὶ
3505 4339 3646 4392 οὐδὲν

412 4413 689 4466 enarratio
724 4430 736 4465 :
770 4413 851 4467 sic
896 4421 1088 4466 natura
1138 4414 1374 4467 humana
1426 4429 1550 4467 cum
1597 4417 1668 4469 sit
1714 4415 1981 4484 quodam-

2086 4414 2191 4465 τῶν
2220 4415 2437 4485 ὑψηλῶν
2479 4419 2812 4491 ὲπαῖούσης,
2847 4422 2945 4494 τὴν
2972 4425 3064 4478 τοῦ
3107 4426 3241 4479 Θεοῦ
3277 4430 3437 4498 χάριν
3474 4432 3644 4501 φαμὲν

414 4503 577 4557 modo
613 4503 778 4557 surda
821 4511 876 4558 et
917 4503 1050 4557 nihil
1095 4505 1373 4557 excelsum
1406 4513 1460 4558 et
1501 4505 1731 4560 sublime
1773 4505 1978 4568 audiat,

2086 4507 2406 4580 πολυμερῶς
2431 4511 2523 4563 καὶ
2553 4512 2898 4585 πολυτρόπως
2921 4518 2978 4570 ἐν
3003 4520 3111 4582 τοῖς
3140 4522 3443 4590 προφήταις
3463 4521 3644 4575 λαλοῦ-

413 4595 507 4649 Dei
551 4594 780 4665 gratiam
815 4594 1048 4650 dicimus
1083 4595 1433 4648 multifariam
1467 4594 1764 4665 multisque
1807 4594 1982 4649 modis

2086 4616 2204 4661 σαν,
2232 4601 2369 4652 κατὰ
2396 4601 2456 4653 τὸ
2480 4597 2609 4673 ἡμῖν
2635 4605 2959 4660 εὐσύνοπτόν
2981 4627 3038 4661 τε
3068 4612 3161 4663 καὶ
3179 4611 3406 4683 σύνηθες
3425 4616 3524 4678 τάς
3543 4615 3646 4666 τῶν

412 4688 466 4739 iu
536 4686 815 4757 prophetis
869 4685 1268 4756 loquentem",
1306 4700 1406 4756 pro
1470 4693 1632 4755 captu
1685 4695 1878 4741 nostro
1927 4694 1982 4740 et

2086 4690 2250 4758 ἁγίων
2277 4693 2566 4762 προφητῶν
2593 4695 3116 4768 διασχηματίζουσαν
3138 4702 3403 4770 γλώσσας,
3429 4705 3514 4758 διά
3535 4706 3643 4758 τού·

412 4777 713 4832 secundum
760 4778 810 4830 id
861 4778 1004 4846 quod
1039 4778 1196 4832 nobis
1243 4787 1328 4833 est
1363 4785 1685 4831 consuetum
1729 4783 1782 4831 et
1824 4776 1981 4830 fami-

2086 4799 2188 4835 των
2219 4784 2364 4853 ἡμᾶς
2393 4785 2474 4849 εἰς
2493 4785 2589 4858 τήν
2611 4787 2720 4840 τῶν
2753 4790 2971 4862 ὑψηλῶν
2995 4800 3355 4863 χειραγωγεῖν
3385 4799 3642 4865 κατανόη-

412 4870 546 4924 liare
590 4875 904 4924 sanctorum
955 4867 1338 4937 prophetarum
1387 4867 1600 4937 linguas
1627 4866 1978 4922 conforman-

2086 4889 2189 4936 σιν,
2224 4875 2285 4926 οὑ
2319 4877 2460 4928 κατὰ
2493 4878 2590 4948 τὴν
2615 4879 2750 4933 ίδίαν
2791 4884 3158 4954 μεγαλοφυῐαν
3195 4889 3523 4959 ποιουμένην
3549 4890 3640 4959 τὴν

410 4969 542 5024 tem,
577 4974 675 5029 per
704 4959 817 5012 lucc
850 4973 951 5013 nos
990 4959 1058 5012 ad
1089 4959 1399 5012 sublimium
1433 4959 1797 5030 cognitionem
1831 4962 1980 5016 velut

2086 4960 2442 5019 διδασκαλίαν.
2485 4967 2608 5030 Πῶς
2642 4968 2747 5039 γὰρ
2775 4971 2840 5024 ἂν
2866 4973 2923 5025 ὲν
2951 4972 3029 5042 τῷ
3069 4974 3249 5045 μικρῷ
3278 4977 3550 5046 χωρηθείη
3582 4980 3638 5030 τὸ

409 5065 576 5103 manu
621 5049 843 5112 ducere,
898 5062 1004 5102 non
1053 5063 1184 5102 vero
1234 5048 1535 5104 secundum
1572 5065 1726 5105 suam
1772 5053 1980 5122 magni-

2086 5056 2221 5124 μέγα
2247 5075 2260 5122 ;
2308 5058 2467 5112 Ἀλλά
2492 5063 2555 5129 τῇ
2587 5059 2883 5132 βραχύτητι
2907 5064 3001 5133 τῆς
3026 5067 3298 5137 ἡμετέρας
3327 5069 3639 5136 συγκατιοῦ-

409 5143 656 5198 tudinem
707 5151 761 5199 et
807 5143 1196 5198 sublimitatem
1231 5142 1534 5198 doctrinam
1582 5143 1802 5200 facere:
1843 5159 1980 5213 quo-

2086 5162 2177 5199 σαν
2221 5147 2520 5218 δυνάμεως.
2576 5153 2685 5204 Καὶ
2725 5152 2914 5222 ὥσπερ
2954 5156 3051 5227 τὴν
3093 5160 3379 5229 κινητικὴν
3409 5161 3486 5231 τῷ
3521 5163 3636 5230 ζῴῳ

409 5236 570 5292 modo
590 5252 736 5291 enim
769 5236 824 5290 in
863 5236 1060 5306 exiguo
1083 5237 1230 5305 quod
1269 5251 1520 5306 magnum
1549 5246 1630 5291 est
1659 5235 1981 5306 caperetur?

2086 5238 2306 5308 δύναμιν
2325 5241 2448 5304 δοὺς
2475 5245 2503 5296 ὀ
2545 5243 2695 5307 Θεὸς,
2726 5246 2905 5298 οὑκέτι
2946 5247 3267 5319 δημιουργεῖ
3287 5253 3382 5304 καὶ
3420 5254 3487 5305 τά
3521 5255 3634 5306 καθ’

406 5325 500 5381 sed
551 5328 679 5398 quia
739 5329 804 5383 ad
863 5329 1183 5399 parvitatem
1230 5335 1474 5382 nostram
1542 5344 1600 5384 se
1656 5329 1738 5382 vis
1795 5327 1978 5382 divina

2086 5329 2306 5384 ἑκαστον
2355 5332 2687 5404 διαδήματα·
2731 5336 2880 5401 ἅπαξ
2921 5338 3030 5408 γάρ
3066 5338 3162 5410 τὴν
3193 5339 3371 5412 ἀρχὴν
3409 5341 3633 5396 λαϐοῦσα

407 5419 661 5473 demittit.
702 5418 767 5473 Et
811 5419 1264 5490 quemadmodum
1314 5419 1594 5473 matricem
1646 5418 1863 5473 animali
1898 5417 1972 5471 fa-

2086 5422 2230 5491 παρὰ
2255 5422 2347 5474 τοῦ
2383 5426 2740 5494 πεποιηκότος
2777 5431 2809 5499 ή
2853 5429 3011 5497 φύσις
3053 5429 3252 5501 ἑαυτὴν
3287 5435 3508 5485 κινεῖτε
3548 5435 3631 5485 καὶ

407 5510 663 5564 anitatem
718 5511 860 5567 Deus
899 5528 1020 5565 cum
1076 5511 1244 5573 dedit,
1288 5527 1393 5566 non
1444 5512 1676 5581 amplius
1726 5510 1970 5579 singulos

2086 5513 2339 5583 Βιεξάγει,
2389 5516 2521 5587 πρὸς
2554 5517 2613 5571 τὸ
2651 5520 2862 5592 ἑκάστῳ
2903 5538 2958 5574 τε
2995 5521 3182 5576 δοκοῦν
3216 5523 3511 5593 ἐνεργοῦσα
3545 5523 3629 5591 τήν

482 5688 524 5718 ³⁸
551 5689 668 5744 Act.
715 5704 772 5752 u,
801 5688 852 5742 8.
932 5693 972 5722 ³⁷
1005 5693 1176 5749 Lerit.
1210 5709 1266 5758 ιι,
1312 5695 1342 5748 ὃ
1372 5709 1490 5766 sqq.
1569 5697 1612 5730 ³⁸
1648 5695 1808 5752 Hebr.
1841 5711 1878 5764 ι,
1918 5696 1964 5750 1.
