4010 6212
327 233 436 289 993

1419 249 1698 308 CONTRA
1754 254 2121 318 EUNOMIUM
2146 305 2160 329 ,
2201 263 2328 320 LIB.
2374 265 2480 322 Xll.

3463 276 3568 333 991

321 347 541 463 κίιίηριν
565 346 587 418 (
603 349 738 463 πλην
761 351 910 463 παρὰ
940 354 1143 427 κυρίου
1168 359 1380 431 λέγεται
1402 367 1467 420 τὰ
1493 367 1802 440 ειαὸήματα
1827 375 1885 446 τᾷ

2008 396 2229 450 gressus
2265 383 2446 443 eﬂicit.
2491 383 2658 439 semel
2701 385 2847 439 enim
2895 385 3222 458 principium
3253 389 3323 445 ab
3368 405 3435 446 eo
3476 396 3569 463 qui

323 436 480 508 ἀνδρὶ
507 439 930 498 κατευθύνεσθαι
948 449 964 516 )
982 489 997 513 ,
1026 448 1199 513 οὕτως
1233 456 1326 508 καὶ
1349 456 1409 508 τὸ
1435 436 1694 514 δύνασθαι
1720 436 1899 518 λαλεῖν

323 542 380 576 τε
439 527 534 579 καὶ
564 527 892 596 φθέγγεσθαι
924 534 1019 587 καὶ
1045 535 1104 588 τὸ
1127 537 1215 590 διὰ
1255 542 1437 612 φωνῆς
1470 543 1810 614 ἐξαγγέλλειν
1841 549 1902 603 τὸ

321 614 572 706 βούλημα
601 619 750 687 παρὰ
777 620 871 673 τοῦ
911 622 1044 678 Θεοῦ
1078 625 1334 694 λαϐοῦσα,
1498 637 1786 706 πορεύεται
1809 640 1896 694 διὰ

320 701 431 754 ⁴ιῶν
475 707 876 780 πραγμάτωνή
921 711 1080 778 φύσις
1115 719 1315 786 σημεῖά
1341 701 1462 774 τινα
1501 701 1613 788 τοῖς
1650 722 1769 780 οὗσι
1814 728 1900 782 διὰ

321 793 422 863 τῆς
455 799 612 859 ποιᾶς
649 797 758 851 τῶν
795 799 1044 870 φθόγγων
1074 804 1334 880 διαφορᾶς
1367 811 1749 872 ἐπιϐάλλουσαι.
1791 819 1900 872 Καὶ

321 883 496 941 ταῦτά
529 890 638 976 ἐστι
673 888 740 943 τὰ
773 893 904 962 παρ’
937 895 1092 965 ἡμῶν
1129 897 1396 970 λεγόμενα
1439 907 1659 976 ῥήματά
1699 926 1758 961 τε
1804 913 1898 964 καὶ

319 977 561 1048 ὀνόματα
587 975 667 1044 οἷς
693 982 792 1053 τὴν
823 983 1053 1057 δύναμιν
1080 988 1188 1040 τῶν
1229 975 1566 1064 πραγμάτων
1608 998 1898 1070 διασημαί-

319 1085 502 1137 νομεν.
533 1071 648 1123 Κᾶν
671 1071 1073 1146 λέγηταιπαρά
1101 1077 1194 1130 τοῦ
1226 1081 1502 1147 Μωῦσέως
1527 1086 1632 1158 πρὸ
1660 1087 1760 1158 τῆς
1787 1089 1896 1142 τῶν

317 1159 545 1228 καρπῶν
577 1164 841 1229 γενέσεως
868 1167 896 1218 ό
923 1167 1150 1237 καρπὸς,
1178 1171 1273 1224 καὶ
1305 1173 1408 1243 πρὸ
1428 1173 1535 1230 τῶν
1559 1179 1894 1249 σπερμάτων

315 1251 382 1302 τά
429 1252 738 1321 σπέρματα.
780 1255 879 1309 οὐκ
904 1255 1112 1327 ἐλέγχει
1144 1261 1234 1314 τὸν
1261 1265 1527 1336 ἡμέτερον
1560 1267 1737 1336 λόγον,
1772 1271 1893 1324 οὐδὲ

316 1343 552 1414 μάχεται
586 1349 694 1408 τοῖς
717 1348 844 1419 περὶ
869 1351 968 1418 τῆς
998 1351 1238 1418 ἐπινοίας
1278 1357 1587 1426 εἰρημένοις
1617 1361 1649 1430 ἡ
1683 1360 1776 1412 τοῦ
1809 1349 1895 1414 νο·

314 1436 545 1504 μοθὲτου
587 1437 808 1493 διάνοια.
863 1441 928 1493 Ὃ
975 1441 1085 1512 γὰρ
1128 1444 1286 1514 ἡμεῖς
1338 1447 1509 1518 πέρας
1559 1451 1893 1522 ὀνομάζομεν

311 1527 412 1595 τῆς
453 1528 829 1604 παρελθούσης
854 1534 1126 1603 γεωργίας
1153 1537 1364 1608 καρπὸν
1409 1539 1657 1608 λέγοντες
1676 1582 1692 1607 ,
1720 1544 1892 1615 ἀρχὴν

311 1615 368 1668 δὲ
397 1617 496 1687 τῆς
528 1617 822 1689 μελλούσης
853 1621 1072 1692 σπέρμα
1112 1627 1622 1698 προσαγορεύοντες,
1653 1631 1809 1685 τοῦτο
1834 1633 1893 1686 τὸ

220 1762 240 1774 ο
311 1707 549 1776 πρᾶγμα
595 1708 656 1761 τὸ
694 1711 808 1773 τοῖς
846 1710 1104 1781 ὀνόμασιν
1151 1717 1524 1789 ὑποκείμενον,
1567 1722 1674 1774 εἴτε
1721 1726 1884 1785 σῖτον.
1923 1734 1962 1789 Β

309 1796 424 1848 εἴτε
466 1814 517 1848 τι
547 1797 673 1852 ἄλλο
701 1799 809 1853 τῶν
849 1801 936 1854 διὰ
978 1805 1186 1874 σπορᾶς
1225 1805 1620 1876 πληθυνόντων,
1651 1810 1890 1865 διδάσκει

312 1885 390 1956 μὴ
431 1887 750 1959 αὐτομάτως
778 1893 1045 1960 γενέσθαι,
1089 1895 1202 1948 ἀλλ’
1244 1899 1300 1949 ὲν
1348 1897 1611 1968 θελήματι
1669 1902 1762 1955 τοῦ
1796 1919 1891 1956 πε-

310 1979 606 2048 ποιηκότος
647 1981 785 2051 μετά
829 1983 930 2052 τῆς
988 1984 1270 2056 δυνάμεως
1313 1987 1517 2060 ταύτης
1563 1991 1885 2062 ἀναφυῆναι·

307 2066 452 2121 ὥστε
475 2067 565 2122 τὸν
595 2071 755 2126 αὐτόν
785 2089 844 2126 τε
873 2073 1117 2142 γίνεσθαι
1144 2077 1376 2148 καρπὸν,
1408 2079 1598 2134 ἑαυτόν
1630 2097 1688 2135 τε
1732 2083 1890 2137 πάλιν

305 2160 465 2227 ἄγειν
495 2161 713 2231 σπέρμα
738 2164 1038 2234 γινόμενον,
1069 2168 1162 2221 καὶ
1181 2167 1256 2238 τῷ
1279 2171 1648 2238 περιττεύοντι
1672 2173 1890 2246 τρέφειν

305 2249 398 2300 τὸν
433 2249 738 2321 ἄνθρωπον,
769 2254 961 2322 φύεται
994 2257 1049 2311 δὲ
1067 2258 1209 2311 κατά
1232 2258 1291 2312 τὸ
1314 2252 1717 2335 θεῖονβούλημα
1745 2267 1889 2336 πρᾶ-

305 2357 428 2410 γμα
475 2342 576 2396 οὐκ
620 2344 807 2414 ὄνομα.
863 2347 1024 2401 Ὥστε
1068 2349 1131 2401 τὸ
1173 2350 1271 2419 μὲν
1314 2351 1435 2404 καθ’
1481 2353 1778 2409 ὑπόστασιν
1831 2355 1890 2408 ὃν

305 2435 541 2503 πρᾶγμα
578 2434 676 2505 τῆς
707 2435 801 2489 τοῦ
841 2439 1202 2510 πεποιηκότος
1233 2441 1516 2512 δυνάμεως
1549 2443 1703 2514 ἔργον
1727 2441 1886 2510 εἶναι,

303 2521 405 2584 τὰς
429 2524 485 2576 δὲ
513 2527 878 2594 γνωριστικὰς
901 2527 1012 2581 τῶν
1055 2529 1223 2584 ὄντων
1249 2531 1454 2599 φωνάς,
1485 2534 1551 2586 δι’
1571 2527 1645 2587 ὧν
1671 2534 1739 2588 τὰ
1769 2535 1889 2590 καθ’

304 2611 538 2667 ἕκαστον
567 2616 703 2684 πρὸς
730 2618 932 2690 ἀκριϐῆ
972 2636 1031 2672 τε
1064 2622 1157 2674 καὶ
1197 2621 1500 2693 ἀσύγχυτον
1541 2625 1890 2680 διδασκαλίαν

303 2704 723 2776 ἑπισημειοῦται
751 2710 780 2760 ό
803 2708 960 2778 λόγος
978 2749 993 2777 ,
1027 2711 1203 2766 ταῦτα
1227 2713 1328 2784 τῆς
1358 2713 1581 2784 λογικῆς
1609 2715 1890 2787 δυνάμεως

304 2798 448 2866 Εργα
479 2815 537 2851 τε
562 2800 658 2853 καὶ
683 2802 972 2872 εὑρήματα
994 2804 1196 2876 ἀὐτὴν
1226 2806 1282 2859 δὲ
1312 2807 1514 2879 ταύτην
1544 2810 1642 2880 τὴν
1668 2799 1889 2881 λογικὴν

302 2889 535 2961 δύναμίν
567 2908 626 2946 τε
658 2894 752 2946 καὶ
791 2895 973 2964 φύσιν,
999 2895 1158 2968 ἔργον
1181 2897 1337 2954 Θεοῦ.
1372 2901 1481 2953 Καὶ
1505 2900 1692 2972 ἐπειδὴ
1710 2902 1771 2956 τὸ
1805 2901 1890 2955 λο-

303 2977 461 3044 γικὺν
491 2979 550 3032 ἐν
571 2981 736 3035 πᾶσιν
761 2983 1067 3054 ἀνθρώποις
1085 3027 1101 3052 ,
1130 2988 1437 3056 ἀναγκαίως
1467 2989 1606 3044 κατὰ
1644 2990 1744 3055 τὰς
1781 2992 1888 3044 τῶν

298 3065 477 3120 ιθνῶν
511 3067 791 3141 διαφορὰς,
823 3072 914 3126 καὶ
947 3075 1002 3126 αι
1031 3074 1138 3127 τῶν
1172 3076 1450 3148 ὀνομάτων
1479 3078 1733 3149 διαφοραὶ
1755 3080 1886 3136 θεω-
1914 3066 1955 3123 (ἶ

305 3156 549 3226 ροῦνται.
577 3160 639 3212 El
663 3160 727 3231 δή
754 3179 838 3225 τις
889 3162 1251 3234 ἀνθρωπικῶς
1278 3166 1338 3218 τὸ
1362 3167 1496 3235 φῶς,
1534 3169 1568 3240 ἢ
1597 3171 1688 3222 τὸν
1718 3171 1882 3242 ούρα-

299 3248 416 3313 νὸν,
443 3248 477 3318 ἢ
509 3249 603 3319 τὴν
631 3251 753 3323 γῆν,
777 3253 811 3323 ἢ
838 3252 904 3306 τά
929 3254 1217 3326 σπέρματα
1245 3257 1396 3328 παρά
1423 3259 1517 3312 τοῦ
1555 3260 1708 3336 Θεοῦ,
1726 3279 1885 3333 προσ-

300 3336 556 3408 ειρῆσθαι
582 3339 752 3408 λέγοι,
798 3342 1013 3406 πάντως
1039 3345 1120 3398 ὅτι
1150 3347 1290 3400 κατὰ
1322 3347 1452 3417 μίαν
1480 3349 1602 3404 τινὰ
1634 3350 1883 3424 γλώσσης

305 3426 544 3498 ἰδιότητα
591 3430 918 3501 γεγενῆσθαι
967 3437 1365 3489 κατασκευάσει
1411 3437 1502 3490 τὸν
1549 3437 1724 3508 λόγον.
1782 3441 1880 3505 Τίς

297 3511 395 3572 οὖν
428 3517 567 3589 αῦτη
588 3559 604 3584 ,
636 3521 882 3588 δειξάτω.
915 3524 1018 3578 Τὸν
1059 3526 1168 3596 γάρ
1198 3528 1374 3581 έκεῖνο
1403 3528 1757 3598 γινώσκοντα,
1789 3532 1881 3584 καὶ

295 3609 459 3664 τοῦτο
489 3611 564 3684 μὴ
592 3614 803 3682 ἀγνοεῖν
847 3615 1064 3680 πάντως
1090 3619 1190 3673 οὐκ
1219 3619 1325 3688 ἔξω
1352 3620 1445 3675 τοῦ
1483 3621 1689 3685 εἰκότος
1741 3624 1876 3678 ἐστί.

297 3701 414 3754 Καὶ
443 3703 552 3775 γὰρ
583 3707 676 3759 καὶ
700 3708 758 3760 ὲν
781 3706 858 3779 τῷ
900 3708 1138 3782 Ἰορδάνῃ
1163 3711 1300 3781 μετὰ
1322 3713 1422 3782 τὴν
1440 3712 1533 3765 τοῦ
1568 3713 1880 3785 Πνεύματος

295 3790 546 3862 δύναμιν,
581 3793 674 3848 καὶ
702 3795 865 3850 πάλιν
908 3798 966 3850 ἐν
996 3798 1184 3861 ἀκοαῖς
1209 3798 1317 3853 τῶν
1369 3799 1655 3864 Ἰουδαίων,
1702 3800 1791 3853 καὶ
1821 3803 1878 3854 ὲν

296 3885 364 3952 τῇ
393 3885 843 3956 μεταμορφώσει,
885 3888 1035 3958 φωνὴ
1063 3887 1273 3956 γίνεται
1310 3887 1516 3943 ἀνωθεν
1553 3888 1878 3945 διδάσκουσα

292 3975 425 4038 τοὺς
453 3975 792 4047 ἀνθρώπους,
823 3977 915 4030 καὶ
944 3978 1128 4048 σχῆμά
1151 3994 1201 4031 τι
1239 3978 1314 4048 μὴ
1337 3978 1396 4030 τὸ
1420 3979 1742 4048 φαινόμενον
1766 3978 1876 4032 οῖε-

297 4066 425 4120 σθαι
459 4069 638 4137 μόνον,
681 4068 818 4123 ἀλλὰ
850 4071 943 4122 καὶ
974 4071 1064 4124 τὸν
1106 4071 1386 4140 ἀγαπητὸν
1434 4069 1562 4123 raw
1605 4069 1699 4123 τοῦ
1740 4069 1874 4124 Θεοῦ

296 4157 575 4212 πιστεύειν
611 4155 748 4213 εἶναι
779 4161 972 4232 ἀληθῆ.
1017 4163 1253 4233 Τοιαύτη
1287 4163 1439 4234 φωνὴ
1471 4162 1607 4235 πρὸς
1636 4164 1735 4236 τὴν
1768 4164 1875 4217 τῶν

295 4247 604 4300 ἀκουόντων
635 4249 848 4302 σύνεσιν
895 4252 952 4304 ὲν
993 4250 1070 4322 τῷ
1113 4252 1282 4322 ἁερίῳ
1324 4251 1536 4322 σώματι
1583 4252 1736 4323 παρά
1779 4253 1872 4308 τοῦ

294 4336 434 4389 Θεοῦ
472 4337 776 4412 διετυπώθη
800 4341 938 4394 κατά
958 4342 1057 4413 τὴν
1080 4342 1482 4412 ἐπικρατοῦσαν
1510 4343 1618 4396 τῶν
1643 4343 1869 4414 φθεγγοο

297 4427 477 4496 μένων
533 4429 820 4500 συνήθειαν
874 4431 1158 4502 γενομένη.
1218 4431 1375 4486 υῦτω
1425 4433 1520 4486 τοῦ
1551 4433 1708 4502 Θεοῦ,
1765 4433 1870 4488 τοῦ

294 4516 530 4584 πάντας
554 4519 833 4587 θέλοντος
850 4521 1116 4591 σωθῆναι
1141 4523 1239 4577 καὶ
1267 4527 1354 4591 εις
1372 4523 1699 4596 ἐπίγνωσιν
1723 4525 1874 4594 ἁλη-

294 4609 460 4674 θείας
503 4609 722 4676 ἐλθεῖν,
761 4611 895 4681 πρὸς
935 4612 1028 4665 τὸν
1072 4615 1273 4669 σκοπὸν
1309 4617 1406 4688 τῆς
1448 4615 1720 4689 σωτηρίας
1762 4615 1872 4668 τῶν

291 4698 603 4753 ἀκουόντων
631 4702 689 4752 ὲν
717 4700 796 4772 τῷ
817 4702 938 4775 ἀέρι
958 4705 1050 4758 τὸν
1077 4704 1234 4774 λόγον
1255 4705 1656 4779 ἀρθρὼσαντος,
1691 4705 1870 4773 καθώς

293 4807 430 4860 φησι
469 4790 566 4844 καὶ
594 4792 730 4863 πρὸς
757 4795 884 4857 τοὺς
919 4793 1203 4861 Ἰουδαίους
1236 4799 1265 4852 ό
1295 4797 1499 4869 Κύριος
1538 4798 1663 4862 τοὺς
1690 4797 1872 4868 οἰομέο

289 4898 414 4944 von;
447 4881 676 4952 βροντὴν
703 4886 1016 4953 γεγονέναι,
1043 4886 1132 4940 διὰ
1158 4888 1216 4942 τὸ
1245 4889 1302 4942 ὲν
1333 4889 1455 4958 ἀέρι
1493 4889 1755 4960 συστῆναι
1783 4888 1874 4942 τὸν

287 4966 445 5041 ἦχον,
477 4972 558 5025 δτι
596 4975 679 5027 Οὐ
706 4973 781 5027 δι’
813 4975 918 5045 ἐμὲ
944 4976 982 5044 ή
1024 4978 1196 5048 φωνὴ
1230 4978 1382 5045 αὕτη
1413 4979 1676 5049 γέγονεν,
1715 4979 1874 5034 ἀλλὰ

287 5064 361 5116 δι’
389 5061 565 5132 ὑμᾶς.
602 5065 715 5137 Πρὸ
740 5065 795 5120 δὲ
831 5067 926 5138 τῆς
963 5070 1056 5122 τοῦ
1100 5069 1302 5133 παντὸς
1327 5066 1636 5132 συστάσεως
1663 5069 1871 5135 οὐδενὸς

288 5157 439 5218 δντος
488 5155 584 5208 τοῦ
628 5157 1023 5230 ὑποδεχομένου
1078 5160 1167 5216 τὸν
1215 5161 1391 5228 λόγον,
1435 5161 1472 5233 ἢ
1513 5159 1870 5230 σωματώδους

286 5247 557 5316 στοιχείου
580 5250 722 5312 τινὸς
748 5249 841 5302 τοῦ
884 5250 1132 5304 τυπῶσαι
1160 5252 1257 5322 τὴν
1283 5251 1542 5324 ἔναρθρον
1568 5251 1865 5322 δυναμένου

285 5336 496 5407 φωνὴν,
544 5339 573 5391 ό
615 5338 786 5406 λέγων
822 5341 1029 5411 ῥήμασι
1069 5340 1160 5392 τὸν
1199 5341 1331 5394 Θεὸν
1374 5340 1708 5412 κεχρῆσθαι,
1748 5339 1865 5404 πῶς

285 5427 559 5482 ἀποδώσει
599 5429 661 5482 τὸ
686 5430 828 5493 εἰκὸς
849 5430 926 5501 τῷ
946 5430 1118 5500 λόγῳ;
1153 5430 1322 5494 Αὐτὸς
1343 5430 1653 5502 ἀσώματος,
1683 5432 1716 5502 ἡ
1749 5434 1861 5482 κτί-

2002 470 2129 526 fecit
2167 461 2358 543 adepta
2408 483 2603 528 natura
2641 474 2875 544 seipsam
2907 486 3087 532 movet
3121 489 3174 534 et
3223 479 3464 546 deducit,
3498 461 3571 537 ad

1999 565 2365 634 quodcunque
2397 566 2609 621 libitum
2642 577 2725 623 est
2751 577 2956 624 motum
3000 570 3240 627 ciliciens
3273 572 3400 642 (nisi
3432 574 3570 630 forle

1999 668 2220 721 gressus
2275 653 2512 708 hominis
2559 669 2589 707 a
2647 653 2875 710 Domino
2931 657 3089 728 dirigi
3137 657 3434 730 dicantur),
3488 663 3568 716 sic

2001 744 2146 810 loqui
2191 760 2372 814 posse.
2425 753 2479 800 et
2514 761 2678 801 sonos
2727 747 2887 802 edere
2935 764 2997 802 ac
3031 765 3125 819 per
3153 766 3338 805 vocem
3371 752 3570 806 volun-

1999 844 2163 890 tatem
2204 835 2492 890 enuntiare
2542 851 2571 890 a
2631 837 2738 892 Deo
2781 853 2902 892 cum
2952 841 3182 910 accepit,
3215 841 3354 894 viam
3395 844 3566 912 pergit

2000 933 2196 979 natura
2227 940 2320 994 per
2346 939 2432 979 res
2460 926 2612 995 signa
2644 926 2889 994 quadam
2936 929 3100 984 rebus
3137 940 3285 982 certa
3329 931 3564 1000 quadam

1997 1031 2256 1072 sonorum
2297 1018 2596 1074 differentia
2650 1021 2955 1090 imponens.
3003 1019 3066 1075 Et
3119 1022 3232 1076 lnec
3285 1031 3568 1094 suntquae

1997 1123 2026 1161 a
2074 1109 2234 1165 nobis
2285 1111 2545 1167 dicuntur
2585 1113 2752 1167 verba
2803 1121 2857 1168 et
2897 1118 3116 1168 nomina
3152 1116 3352 1185 quibus
3378 1131 3563 1172 rerum

1997 1200 2102 1254 vini
2152 1201 2542 1271 signiﬁcamus.
2585 1204 2651 1260 Et
2688 1205 2814 1260 licet
2861 1222 2890 1259 a
2931 1207 3077 1263 Mose
3123 1219 3250 1264 ante
3291 1208 3562 1264 fructuum

1998 1293 2408 1358 generationem
2466 1295 2670 1350 dicitur
2714 1296 2946 1360 fructus,
3004 1309 3056 1353 et
3108 1310 3232 1354 ante
3289 1302 3561 1356 seminum

1995 1387 2172 1432 ortum
2223 1381 2455 1446 semina,
2513 1399 2620 1438 non
2675 1394 2854 1440 tamen
2908 1387 3009 1442 hoc
3058 1400 3303 1444 nostrum
3365 1392 3564 1446 refellit

1995 1485 2326 1536 sermonem,
2362 1489 2536 1544 neque
2569 1476 2654 1530 liis
2691 1493 2813 1546 qua:
2845 1478 2988 1534 dicta
3019 1489 3146 1535 sunt
3184 1481 3251 1536 de
3281 1497 3562 1538 commen-

1995 1561 2200 1616 tatione
2246 1574 2512 1634 repugnat
2540 1567 2868 1637 legislatoris
2901 1573 3188 1625 sententia.
3218 1571 3374 1638 Quod
3415 1574 3562 1628 enim

1996 1666 2096 1706 nos
2136 1653 2427 1708 terminum
2472 1657 2815 1726 agriculturae
2856 1661 3142 1729 praeteritae
3188 1661 3424 1718 fructum
3457 1679 3559 1717 no-

1993 1743 2284 1807 minamus,
2301 1746 2623 1816 principium
2641 1765 2769 1804 vero
2788 1750 2981 1805 futura:
3000 1769 3184 1807 semen
3201 1755 3558 1822 appellamus,

1991 1834 2132 1888 hanc
2174 1850 2286 1889 rem
2317 1852 2437 1905 quae
2465 1839 2772 1896 nominibus
2809 1843 3121 1910 subjicitur,
3157 1845 3273 1901 sive
3315 1845 3556 1901 frumen-

1993 1933 2125 1987 tum,
2159 1925 2273 1980 sive
2325 1927 2527 1996 aliqnid
2559 1944 2748 1983 eorum
2795 1945 2915 1998 quae
2945 1946 3042 2000 per
3070 1932 3335 1986 sationem
3372 1935 3560 1988 multi-

1991 2013 2282 2083 plicantur,
2330 2013 2488 2068 docet
2533 2031 2638 2070 non
2689 2032 2819 2071 casu
2867 2027 2924 2073 et
2978 2019 3203 2074 fortuito
3239 2022 3406 2091 gigni,
3456 2025 3554 2078 sed

1990 2105 2111 2174 ejus
2147 2105 2238 2176 qui
2295 2102 2422 2160 fecit
2471 2106 2748 2162 voluntate
2796 2124 2918 2163 cum
2981 2110 3080 2165 hac
3123 2111 3172 2165 vi
3229 2113 3552 2181 productum

1991 2211 2150 2252 esse:
2211 2197 2285 2250 ita
2333 2205 2387 2251 ut
2444 2199 2584 2253 idem
2622 2199 2837 2256 fructus
2882 2213 3160 2266 nascatur,
3207 2206 3559 2276 seipsnmquo

1993 2303 2185 2342 rursus
2224 2289 2510 2358 producat,
2546 2307 2672 2346 cum
2716 2292 2772 2347 lit
2801 2308 3010 2358 semen,
3054 2307 3106 2350 et
3136 2313 3202 2352 eu
3232 2298 3374 2367 quod
3403 2314 3559 2355 exsu-

1991 2391 2147 2449 perat
2191 2379 2464 2435 hominem
2506 2383 2647 2450 alat;
2694 2382 2879 2438 divina
2926 2393 3104 2441 autem
3144 2388 3422 2446 voluntate
3469 2406 3558 2446 res

1991 2486 2100 2524 non
2145 2486 2341 2526 nomen
2381 2473 2649 2528 nascitur.
2690 2473 2872 2540 Quare
2899 2492 2985 2532 res
3025 2478 3242 2547 quidem
3274 2494 3396 2549 quas
3424 2481 3557 2536 sub-

1950 2571 2100 2617 .stat
2141 2564 2442 2620 conditoris
2489 2581 2628 2635 opus
2673 2574 2758 2622 est
2809 2570 3050 2635 virtutis,
3087 2587 3248 2627 voces
3279 2590 3408 2629 vero
3435 2579 3558 2645 qua?

1990 2669 2078 2710 res
2123 2654 2272 2724 ipsas
2317 2655 2619 2720 notiﬁcant,
2670 2675 2765 2728 per
2795 2675 2935 2731 quas
2965 2662 3181 2733 singula
3216 2665 3282 2719 ad
3309 2676 3554 2722 exactam

1989 2755 2043 2801 et
2092 2746 2434 2802 inconfusam
2469 2749 2775 2804 doctrinam
2804 2767 2984 2808 sermo
3012 2755 3278 2825 designat,
3315 2757 3396 2811 hae
3426 2767 3556 2812 sunt

1993 2837 2180 2906 logica:
2222 2837 2494 2894 facultatis
2524 2855 2688 2909 opera
2722 2851 2778 2896 et
2807 2843 3044 2901 inventa.
3077 2846 3200 2901 llzec
3225 2856 3403 2904 autem
3436 2851 3554 2918 ipsa

1987 2924 2294 2982 disserendi
2334 2937 2388 2982 et
2435 2929 2799 2986 ratiocinandi
2846 2932 3081 2990 facultas
3121 2946 3174 2990 et
3217 2947 3408 2992 natura
3457 2939 3552 2994 Dei

1989 3027 2074 3072 est
2103 3034 2261 3088 opus.
2292 3019 2357 3074 Et
2393 3022 2650 3090 quoniam
2699 3024 2957 3081 omnibus
2991 3027 3304 3084 hominibus
3335 3032 3556 3086 ratioci-

1990 3110 2157 3163 nandi
2180 3109 2411 3166 facultas
2442 3113 2604 3174 inest,
2637 3115 2949 3171 necessario
2972 3119 3274 3173 secundum
3310 3121 3552 3191 gentium

1987 3203 2300 3269 varietates,
2335 3204 2500 3258 etiam
2546 3207 2825 3262 nominum
2863 3207 3181 3265 dill‘erentite
3216 3220 3553 3281 spectantur.

1985 3294 2142 3358 Quod
2188 3295 2235 3350 si
2284 3295 2407 3365 quis
2451 3296 2770 3353 humanitus
2822 3299 3020 3362 lucem,
3075 3302 3155 3355 vel
3217 3301 3439 3369 cml’um,
3469 3302 3556 3358 vel

1983 3393 2210 3446 terram.
2242 3388 2326 3441 vel
2358 3387 2568 3442 semina
2609 3402 2638 3441 a
2670 3387 2781 3443 Deo
2817 3390 3090 3458 appellata
3122 3390 3294 3446 fuisse
3319 3402 3552 3466 asserat,

1981 3479 2172 3549 procul
2204 3478 2371 3533 dubio
2405 3479 2708 3534 secundum
2735 3495 2897 3535 unam
2938 3483 3176 3551 aliquam
3205 3485 3398 3554 linguae
3426 3501 3554 3554 pro-

1981 3571 2266 3639 prietatem
2294 3571 2497 3625 factum
2537 3585 2662 3628 esse
2689 3587 2998 3628 sermonem
3031 3582 3259 3630 astruet.
3287 3575 3548 3640 Quaenam

1981 3661 2146 3732 igitur
2185 3662 2324 3730 haec,
2364 3662 2722 3719 demonstret.
2770 3663 2905 3718 Eum
2956 3667 3102 3720 enim
3150 3667 3242 3735 qui
3296 3667 3425 3720 illud
3460 3683 3555 3721 eo-

1978 3752 2214 3824 gnoscit,
2261 3760 2316 3806 et
2363 3751 2467 3807 hoc
2499 3767 2608 3807 non
2635 3754 2888 3822 ignorare
2921 3755 3084 3824 plane
3117 3763 3202 3810 est
3231 3756 3549 3811 verisimile.

1978 3841 2189 3896 Etenim
2211 3841 2262 3895 in
2288 3839 2526 3896 Jordane
2557 3851 2679 3912 post
2707 3842 2948 3913 Spiritus
2995 3845 3314 3914 potentiam,
3342 3857 3396 3899 et
3425 3861 3546 3899 rur~

1977 3948 2074 3990 sus
2114 3933 2170 3988 in
2229 3933 2458 3989 auribus
2505 3932 2838 3996 Judaaorum,
2883 3943 3046 4004 atque
3098 3935 3152 3988 in
3192 3935 3550 4006 transﬁgura-

1976 4026 2124 4081 tione
2177 4041 2279 4096 vox
2334 4024 2391 4079 iit
2440 4026 2677 4095 desuper
2723 4025 2929 4080 docens
2991 4026 3238 4081 homines
3289 4041 3356 4081 ne
3401 4026 3546 4098 quod

1974 4116 2271 4182 apparebat
2295 4114 2522 4184 ﬁguram
2545 4130 2666 4168 esse
2691 4114 2998 4184 simplicem
3019 4115 3419 4185 existimarent,
3450 4117 3545 4172 sed

1971 4205 2138 4258 etiam
2163 4203 2420 4258 dilectum
2449 4201 2647 4257 Filium
2680 4203 2772 4259 Dei
2803 4219 2991 4259 verum
3017 4221 3140 4260 esse
3160 4206 3446 4262 crederent
3476 4209 3543 4261 ”.

1975 4295 2296 4365 Hnjusmodi
2347 4310 2448 4348 vox
2502 4295 2569 4349 ad
2616 4295 2955 4350 audientium
3014 4296 3427 4367 intelligentiam
3490 4299 3544 4352 in

1906 4400 1948 4454 υ
1977 4403 2138 4444 aereo
2187 4402 2417 4457 corpore
2447 4401 2475 4440 a
2524 4386 2633 4441 Deo
2661 4387 2893 4441 formata
2924 4398 3028 4449 est,
3061 4389 3364 4443 secundum
3393 4389 3546 4444 inva-

1978 4481 2268 4538 lescentem
2327 4481 2662 4550 loquentium
2731 4479 3183 4535 consuetudinem
3237 4478 3400 4535 facta.
3456 4481 3548 4534 Sic
3652 4536 3673 4544 _

1973 4574 2138 4628 etiam
2180 4588 2304 4628 eum
2357 4572 2518 4631 Deus.
2586 4573 2676 4643 qui
2734 4587 2909 4626 mune:
2966 4572 3076 4626 vult
3122 4571 3297 4626 salvos
3335 4573 3454 4641 ﬁeri
3497 4583 3545 4626 et

1975 4665 2045 4718 nd
2079 4665 2394 4736 agnitionem
2418 4664 2652 4717 veritatis
2680 4663 2852 4716 venire
2880 4663 2948 4726 “,
2987 4662 3052 4716 ad
3092 4677 3320 4733 scopum
3350 4665 3548 4720 salutis

1975 4759 2309 4812 audientium
2346 4757 2399 4809 in
2448 4769 2574 4808 aere
2612 4770 2918 4818 sermonem
2969 4754 3545 4829 articulasset,quem-

1975 4849 2266 4905 admodum
2299 4850 2374 4901 ait
2423 4847 2489 4901 ad
2509 4845 2727 4902 Judaeos
2762 4845 3026 4902 Dominus
3056 4847 3263 4902 tonitru
3311 4863 3432 4904 esse
3467 4848 3544 4901 fa-

1974 4952 2122 4997 ctum
2171 4950 2443 5014 putantes,
2474 4942 2602 5009 quia
2639 4939 2692 4993 in
2735 4954 2862 4993 aere
2897 4954 3069 4993 sonus
3112 4947 3360 5004 steterat,
3393 4940 3540 5009 quia,

1976 5033 2098 5088 Non
2122 5047 2332 5103 propter
2355 5049 2436 5087 me
2463 5034 2573 5087 hac
2601 5047 2700 5086 vox
2721 5032 2868 5101 facta
2892 5040 2991 5094 est,
3019 5033 3108 5087 sed
3130 5043 3340 5103 propter
3367 5049 3454 5087 vos
3478 5034 3541 5088 ⁸⁸.

1972 5124 2112 5178 Ante
2135 5138 2262 5179 vero
2289 5124 2527 5177 universi
2556 5121 3006 5176 constitutionem
3035 5137 3158 5176 cum
3182 5122 3365 5175 nullus
3396 5130 3544 5177 esset

1971 5217 2064 5286 qui
2103 5231 2407 5272 sermonem
2455 5215 2781 5286 susciperet,
2825 5217 2907 5269 vel
2955 5229 3278 5284 corporeum
3304 5217 3541 5271 elemen-

1973 5319 2088 5362 tum
2145 5310 2290 5378 quod
2345 5316 2529 5378 posset
2584 5323 2768 5362 vocem
2809 5307 3158 5361 articulatam
3207 5310 3536 5378 exprimere,

1970 5403 2061 5473 qui
2093 5401 2224 5457 dicit
2261 5401 2426 5455 Deum
2466 5401 2648 5456 verbis
2677 5417 2835 5455 nsum
2870 5400 3060 5464 fuisse,
3088 5402 3364 5472 quomodo
3389 5409 3535 5475 quod

370 5609 389 5638 ³
445 5613 633 5668 ἔιίιιιιιι.
679 5628 760 5679 ιιι,
794 5615 897 5682 Π;
935 5614 1097 5669 Marc.
1131 5613 1254 5679 t,9;
1309 5610 1442 5667 Luc.
1480 5627 1556 5677 Ix,
1593 5610 1646 5665 5.
1723 5609 1770 5642 ⁸⁸
1801 5607 1820 5663 ι
1854 5607 1885 5662 ’1

1984 5607 2092 5665 otlt.
2131 5624 2212 5676 in,
2248 5609 2300 5662 4.
2383 5608 2421 5640 ³⁸
2456 5606 2612 5664 Joan.
2653 5625 2752 5674 χι,
2795 5608 2886 5665 29.
