4010 6212
523 306 627 364 995

1791 296 1844 352 s.
1891 289 2219 352 caecos"
2273 287 2569 345 NYSSENI
3621 288 3706 342 996

523 417 722 474 rationi
750 422 1175 473 consentaneum
1203 418 1287 466 est
1313 408 1552 466 sermoni
1580 423 1680 464 suo
1710 409 1943 463 reddet?
1975 408 2089 492 ipse

2209 419 2274 465 tu;
2313 402 2410 454 οὐκ
2445 397 2532 471 ἦν,
2573 397 2725 452 οὐδὲν
2768 397 2892 468 περὶ
2916 395 3076 450 αὐτὸν
3106 395 3294 459 ὑλῶδες
3321 399 3346 450 ὁ
3377 395 3520 464 λόγος
3544 398 3708 452 ἐννοεῖν

524 510 882 580 incorporeus
927 513 1032 570 est,
1091 507 1342 557 creatura
1388 497 1497 555 non
1558 508 1698 564 erat,
1765 499 1898 553 nihil
1953 498 2097 551 circa

523 603 702 671 ipsum
738 596 1015 651 tnateriale
1043 594 1182 647 ratio
1214 592 1478 662 permittit
1505 591 1826 660 intelligere,
1858 588 2097 642 nondunt

523 694 614 760 qui
657 704 752 759 per
783 687 1027 740 auditum
1061 683 1453 750 adiuvarentur
1495 682 1589 734 ulli
1635 689 1812 744 erant,
1862 679 2099 732 homini-

528 783 629 836 bus
656 788 836 832 autcm
869 793 973 830 non
1012 775 1426 837 cxsistentibus,
1472 788 1648 842 neque
1673 773 1818 827 ullus
1841 771 2096 842 loquendi

527 873 724 925 modus
769 867 1070 922 secundum
1111 868 1290 936 gentis
1321 864 1556 932 alicujus
1604 864 1988 933 proprietatem
2020 861 2098 917 ef-

527 962 796 1016 formatus
835 967 953 1012 erat
1011 972 1257 1027 prorsus.
1307 955 1410 1021 Qui
1470 954 1634 1024 igitur
1678 953 1743 1008 ad
1789 954 1982 1007 exilem
2045 961 2098 1008 et

527 1052 727 1106 nudam
778 1051 1014 1103 litteram
1064 1055 1295 1117 spectat,
1343 1045 1546 1116 quibus
1598 1044 1902 1099 rationibus
1952 1044 2099 1097 hunc

529 1144 701 1201 fulcit,
737 1157 800 1196 ac
844 1143 888 1195 si
932 1139 1070 1194 Deus
1111 1139 1223 1193 haec
1256 1139 1420 1192 verba
1457 1145 1512 1192 et
1550 1151 1710 1191 sensa
1750 1135 2100 1206 loqueretur?

598 1233 904 1296 Quinetiam
935 1246 996 1283 ex
1027 1230 1111 1281 his
1141 1243 1473 1296 cognoscere
1504 1227 1629 1280 licet
1666 1227 1963 1279 vanitatem
2015 1239 2102 1278 eo-

532 1337 649 1374 rum
711 1321 802 1388 qui
863 1320 992 1371 talia
1051 1319 1370 1386 loquuntur.
1431 1315 1897 1382 Quemadmodum
1954 1315 2098 1368 enim

530 1414 924 1465 elementorum
953 1417 1180 1466 naturae.
1207 1421 1327 1477 quae
1355 1415 1482 1460 sunt
1510 1420 1647 1474 opus
1676 1404 1796 1472 ejus
1825 1404 1915 1473 qui
1951 1403 2096 1468 fecit,

531 1501 786 1556 oumilms
805 1500 993 1552 eodem
1021 1499 1184 1552 modo
1211 1504 1496 1567 apparent,
1522 1497 1780 1565 nullaque
1799 1495 2099 1551 secundum

532 1608 753 1646 sensum
816 1591 1130 1645 hominibus
1188 1597 1273 1644 est
1321 1588 1628 1643 differentia
1679 1588 1732 1640 in
1796 1587 1958 1657 ignis,
2018 1589 2099 1640 vel

535 1685 699 1744 acris,
737 1684 816 1736 vel
847 1697 999 1750 aquae
1043 1681 1478 1751 participatione,
1514 1679 1610 1734 sed
1648 1694 1754 1732 una
1800 1687 1884 1732 est
1915 1688 1969 1732 et
2003 1679 2102 1730 iiii-

2194 495 2426 559 δίδωσιν,
2455 495 2503 545 οί
2529 491 2898 561 ὠφεληθέντες
2922 488 2986 541 ἂν
3011 489 3210 558 διὲίτῆς
3241 488 3419 557 ἀκοῆς,
3443 486 3577 540 obitu)
3609 507 3701 541 συν-

2195 585 2450 654 έστησαν,
2483 582 2782 652 ἀνθρώπων
2808 581 2862 632 δὲ
2891 580 2963 650 μὴ
2991 581 3171 640 ὄντων,
3191 578 3307 630 οὐδὲ
3336 578 3590 631 διαλέκτου
3611 582 3709 649 τρό-

2197 693 2295 739 πος
2335 676 2475 729 κατά
2504 692 2622 726 τινα
2649 673 2814 726 ἕθνων
2853 672 3084 740 ἰδιότητα
3112 669 3380 722 τετύπιιιτο
3415 670 3622 732 πάντως.
3665 672 3710 723 ὐ

2195 768 2371 821 τοίνυν
2399 767 2533 836 πρὸς
2571 765 2630 817 τὸ
2668 765 2898 836 γράμμα
2921 763 3070 833 ψιλὸν
3104 761 3331 831 βλέπων,
3357 759 3457 811 τίσι
3482 759 3711 829 λογισμοῖς

2195 862 2262 931 τῇ
2300 858 2522 928 τοιαύτῃ
2557 857 2764 927 διανοίᾳ
2804 855 3128 926 παρίσταται
3172 852 3247 913 ὡς
3283 849 3373 903 τοῦ
3413 850 3535 903 Θεοῦ
3574 851 3708 905 ταῦτα

2198 949 2568 1020 φθεγγομένου
2598 948 2668 1000 τὰ
2700 948 2917 1018 ῥήματά
2944 964 3003 998 τε
3039 946 3130 998 καὶ
3157 943 3224 996 τὰ
3250 945 3513 1012 νοήματα;

2270 1211 2463 1267 Καίτοι
2511 1213 2606 1265 καὶ
2649 1209 2740 1264 διὰ
2781 1207 2984 1261 τούτων
3033 1207 3183 1276 γνοίη
3230 1223 3312 1269 τις
3355 1205 3417 1259 ἂν
3446 1205 3501 1258 τὸ
3531 1205 3712 1277 μάταιον

2184 1305 2310 1357 -τίῦν
2337 1303 2406 1356 τὰ
2449 1303 2668 1355 τοιαῦτα
2699 1301 2984 1369 λεγόντων.
3017 1299 3228 1366 ’Ὠσπερ
3257 1295 3360 1366 γὰρ
3397 1298 3448 1348 αἱ
3469 1297 3565 1349 τῶν
3605 1310 3712 1349 στοι-

2202 1394 2363 1464 χείων
2412 1391 2600 1461 φύσεις
2644 1390 2802 1460 ἔργον
2840 1385 2993 1444 οὖσαι
3044 1386 3138 1439 τοῦ
3190 1386 3554 1455 πεποιηκότος,
3585 1387 3713 1437 πᾶσιν

2203 1483 2462 1545 ὡσαύτως
2494 1481 2798 1550 φαίνονται,
2837 1480 2931 1532 καὶ
2963 1478 3187 1548 οὐδεμία
3229 1476 3365 1529 κατὰ
3391 1469 3481 1546 τὴν
3515 1475 3712 1540 αἴσθησιν

2203 1576 2313 1636 τοῖς
2339 1572 2646 1643 ἀνθρώποις
2686 1570 2800 1623 ἐστὶ
2829 1569 3055 1639 διαφορὰ
3090 1570 3147 1620 ὲν
3181 1569 3248 1637 τῇ
3273 1565 3362 1619 τοῦ
3393 1564 3560 1635 πυρὸς,
3589 1564 3614 1634 ἦ
3642 1563 3712 1616 τοῦ

2203 1663 2396 1733 ἀέρος.
2431 1663 2464 1733 ἢ
2502 1660 2594 1713 τοῦ
2643 1659 2834 1722 ὓδατος
2888 1659 3176 1729 μετουσίᾳ,
3224 1657 3356 1709 ἀλλὰ
3402 1658 3491 1725 μία
3518 1657 3614 1708 ἐστὶ
3643 1658 3713 1708 καὶ

534 1776 751 1828 mobilis
789 1775 842 1826 in
873 1774 1128 1828 omnibus
1159 1780 1376 1834 natura,
1420 1771 1628 1827 eodem
1646 1771 1808 1826 modo
1843 1787 2098 1841 operans,

2209 1755 2456 1825 ἀκίνητος
2485 1755 2578 1822 ,ἐπὶ
2616 1753 2831 1804 πάντων
2879 1753 2911 1821 ἡ
2951 1747 3143 1818 φύσις,
3188 1748 3440 1809 ὡσαύτως
3473 1747 3713 1818 ὲνεργοῦσα

531 1875 587 1918 et
621 1867 672 1918 in
713 1865 859 1918 nulla
899 1880 955 1918 re
1002 1875 1219 1932 pr0pter
1270 1879 1458 1919 eorum
1493 1864 1584 1933 qui
1636 1862 1961 1932 participant
1996 1861 2104 1915 dif-

533 1954 796 2010 ferentias
835 1956 1113 2010 immutata
1167 1972 1180 2008 :
1215 1955 1296 2009 sic
1336 1965 1391 2009 et
1430 1955 1715 2010 nominum
1750 1953 1974 2024 positio,
2060 1951 2104 2007 si

533 2049 750 2117 quidem
782 2061 810 2099 a
847 2047 956 2102 Deo
988 2054 1132 2101 esset
1162 2046 1324 2100 rebus
1352 2047 1642 2115 applicata,
1675 2046 1928 2098 omnibus
1957 2048 2104 2098 esset

543 2139 752 2192 eadem.
798 2137 957 2191 Nunc
1005 2145 1185 2190 autem
1236 2151 1418 2190 rerum
1460 2143 1674 2198 natura,
1709 2143 1901 2204 utpote
1937 2150 1964 2186 a
1997 2133 2106 2190 Deo

533 2230 663 2294 fixa,
700 2239 880 2282 manet
915 2227 1248 2292 immobilis;
1280 2241 1441 2281 voces
1476 2238 1660 2280 autem
1710 2227 1902 2279 horum
1939 2227 2108 2297 signi-

536 2317 768 2371 ficatis-te
811 2316 878 2369 ad
909 2324 986 2367 tot
1030 2316 1336 2384 linguarum
1369 2313 1705 2368 differentias
1745 2313 1932 2367 divisa:
1957 2321 2104 2375 sunt,

535 2416 595 2461 ιιι
645 2422 820 2476 neque
853 2405 1257 2459 multitudinem
1293 2419 1582 2458 numerare
1620 2403 1777 2458 facile
1821 2404 1912 2459 sit.
1953 2404 2107 2469 Quod

535 2499 581 2552 si
613 2498 736 2567 quis
775 2497 1152 2551 confusionem
1181 2511 1301 2566 qua:
1329 2496 1382 2549 in
1411 2496 1787 2550 exstructione
1818 2495 1986 2550 turris
2020 2509 2110 2548 ac-

437 2579 444 2586 ’
535 2590 667 2643 cidit
709 2597 769 2656 ut
813 2589 975 2642 dictis
1010 2589 1344 2642 contrariam
1393 2585 1621 2656 profert,
1654 2602 1830 2656 neque
1859 2586 1972 2642 illic
2001 2586 2109 2640 lin-

536 2680 993 2749 guashominum
1050 2679 1230 2734 facere
1272 2678 1418 2732 Deus
1453 2678 1673 2742 dicitur,
1720 2677 1815 2732 sed
1848 2693 1969 2749 quae
1992 2685 2111 2733 erat

525 2786 655 2825 eam
725 2771 1092 2835 confundere,
1142 2783 1202 2824 ut
1260 2785 1369 2823 non
1417 2784 1608 2824 omnes
1654 2783 1816 2824 unam
1867 2769 2108 2823 omnium

537 2863 791 2916 audirent
838 2864 906 2914 ".
963 2860 1213 2926 Quandiu
1268 2861 1411 2915 enim
1458 2867 1576 2915 erat
1631 2860 1818 2915 eadem
1867 2861 2000 2924 vita,
2057 2868 2111 2916 et

539 2955 776 3005 nondum
836 2951 887 3002 in
926 2951 1128 3004 multas
1162 2949 1408 3020 gentium
1442 2947 1780 3004 differentias
1835 2948 2110 3018 dispertiti

539 3044 782 3103 fuerunt,
822 3057 925 3096 una
959 3055 1092 3096 voce
1121 3041 1424 3110 eodemque
1454 3055 1708 3094 sermone
1755 3052 1913 3094 utens
1947 3039 2108 3095 simul
2137 3080 2180 3136 c

537 3135 753 3188 vivebat
774 3133 1016 3188 omnium
1040 3131 1319 3186 hominum
1342 3130 1651 3200 plenitudo;
1671 3139 1958 3200 postquam
1985 3144 2112 3183 vero

513 3225 724 3279 .divina
755 3227 1035 3279 voluntate
1059 3223 1301 3293 oportuit
1330 3237 1546 3277 onmem
1574 3222 1642 3276 ab
1669 3222 1982 3276 hominibus
2007 3230 2113 3275 ter-

539 3328 657 3368 ram
690 3314 944 3376 habitari,
972 3323 1102 3368 tunc
1133 3313 1330 3368 divulsi
1361 3316 1663 3367 secundum
1688 3313 1839 3366 vocis
1871 3327 2116 3366 commu-

541 3403 766 3458 nionem
806 3402 896 3455 alii
949 3404 1058 3456 alio
1102 3401 1340 3470 dispersi
1395 3399 1634 3465 fuerunt,
1663 3409 1717 3453 et
1758 3416 1878 3452 cum
1915 3399 2023 3453 alio
2063 3405 2116 3453 et

541 3495 652 3548 alio
707 3496 997 3547 verborum
1059 3501 1115 3546 et
1161 3493 1312 3546 vocis
1367 3492 1687 3546 charactere
1736 3491 2014 3560 conjuncti
2063 3499 2118 3545 et

540 3583 938 3638 accommodati
966 3583 1208 3646 fuerunt,
1240 3582 1664 3638 conciliatriceut
1685 3581 1973 3650 quamdam
1999 3596 2118 3634 mu-

540 3682 649 3727 tuae
698 3673 1005 3728 concordiae
1054 3671 1327 3728 sermonis
1365 3674 1783 3725 consonantiam
1828 3661 2029 3731 sortiti,
2063 3671 2116 3724 in

542 3780 724 3818 rerum
754 3763 974 3833 quidem
1015 3762 1333 3832 cognitione
1375 3777 1483 3815 non
1507 3761 1906 3823 discordantes,
1935 3762 2027 3816 sed
2064 3763 2116 3816 in

543 3859 827 3911 nominmn
878 3855 1051 3910 forma
1090 3853 1431 3908 differentes.
1475 3850 1595 3917 Non
1629 3852 1775 3905 enim
1805 3852 1934 3921 quid
1972 3852 2116 3906 aliud

545 3949 689 4017 apud
735 3947 874 4002 alios
922 3947 1088 4015 lapis,
1140 3945 1222 3999 vel
1275 3945 1478 4014 lignum
1546 3943 1780 4004 videtur,
1836 3941 1932 3996 sed
1975 3943 2119 4011 apud

545 4037 795 4105 singulos
853 4036 1094 4089 materia:
1145 4035 1366 4088 nomina
1403 4031 1678 4088 differunt.
1721 4031 1908 4108 Quare
1942 4047 2121 4086 sermo

547 4129 712 4182 nobis
737 4128 876 4181 ﬁxus
898 4136 1102 4190 manet,
1131 4125 1226 4197 qui
1251 4140 1412 4181 voces
1444 4125 1716 4179 humanas
1737 4133 1938 4178 nostrae
1965 4140 2119 4179 nien-

549 4220 621 4274 tis
663 4221 778 4273 sive
831 4219 1206 4287 intelligentia
1251 4217 1473 4271 inventa
1522 4231 1646 4271 esse
1697 4215 1902 4269 deliuit.
1936 4213 2121 4284 Neque

547 4311 692 4363 enim
723 4325 752 4362 a
781 4309 1052 4379 principio
1074 4308 1316 4378 quandiu
1345 4323 1645 4362 consonum
1671 4307 1772 4361 sibi
1799 4306 1901 4375 ipsi
1933 4306 2120 4359 huma-

2205 1847 2300 1899 καὶ
2337 1845 2488 1898 οὐδὲν
2531 1845 2667 1915 πρὸς
2710 1844 2807 1905 τὰς
2847 1841 3108 1912 διαφορὰς
3158 1840 3266 1892 τῶν
3306 1838 3602 1909 μετεχόντων
3640 1839 3712 1890 ἀλ-

2205 1935 2522 2004 λοιουμένη·
2567 1933 2738 1995 οὕτως
2777 1932 2870 1984 καὶ
2899 1933 2930 2000 ἡ
2967 1929 3081 1982 τῶν
3115 1929 3391 1999 ὀνομάτων
3422 1927 3566 1993 θέσις,
3593 1927 3712 1995 εἴπερ

2205 2023 2270 2100 ἦν
2299 2029 2362 2080 ἐκ
2393 2027 2485 2080 τοῦ
2513 2026 2646 2079 Θεοῦ
2681 2029 2792 2087 τοῖς
2823 2025 3143 2094 πράγμασιν
3175 2019 3561 2092 ἑφηρμοσμένη,
3586 2019 3712 2069 πᾶσιν

2208 2119 2273 2173 ἂν
2303 2121 2336 2189 ἡ
2367 2118 2505 2188 αὑτὴ
2527 2113 2612 2189 ἦν.
2644 2114 2778 2169 Νυνὶ
2807 2116 2863 2168 δὲ
2890 2113 2980 2167 τὸν
3004 2112 3114 2167 τῶν
3145 2111 3472 2183 πραγμάτων
3489 2111 3520 2179 ἡ
3540 2107 3720 2178 εἰσιςᾶ-

2207 2227 2266 2263 τε
2288 2210 2351 2280 δὴ
2371 2209 2520 2281 παρὰ
2550 2207 2642 2260 τοῦ
2663 2205 2796 2259 Θεοῦ
2827 2205 3124 2274 πεπηγυῖα,
3171 2202 3318 2272 μένει
3345 2199 3586 2268 ἀκίνητος,
3609 2195 3651 2246 σί
3674 2193 3714 2244 δὲ

2211 2300 2542 2372 σημαντικαῖ
2570 2297 2773 2350 τούτων
2819 2295 2994 2365 φωναὶ
3041 2294 3187 2366 πρὸς
3231 2290 3482 2351 τοσαύτας
3510 2284 3715 2355 γλωσσῶν

2207 2391 2468 2462 διαφορὰς
2507 2388 2921 2459 διεσχίσθησαν,
2971 2387 3045 2449 ὡς
3097 2385 3239 2455 μηδὲ
3293 2373 3715 2452 ἀριθμήσασθαιὼ

2208 2485 2410 2555 πλῆθος
2447 2481 2665 2535 εὔκολον
2702 2475 2858 2533 εἶναι.
2893 2479 2952 2530 Et
2981 2477 3037 2530 δέ
3071 2492 3163 2538 τις
3200 2474 3296 2545 τὴν
3318 2472 3405 2524 ἐπὶ
3437 2469 3522 2537 τῆς
3556 2481 3716 2555 πυργο-

2210 2551 2391 2637 ποιῖας
2437 2572 2715 2641 σύγχυσιν,
2765 2569 2840 2631 ώς
2881 2563 3304 2635 ἐναντιουμένην
3336 2561 3441 2621 τοῖς
3469 2551 3719 2626 εἰρημένοις

2211 2665 2505 2740 προφέρει,
2551 2663 2668 2716 οὐδὲ
2707 2663 2824 2715 ἐκεῖ
2865 2660 3036 2712 ποιεῖν
3077 2655 3300 2724 λέγεται
3326 2649 3606 2740 γλώσσαςδ
3620 2643 3719 2740 Θεὸς

2210 2731 2678 2828 τέῦνϋὰνθρώπων,
2725 2752 2859 2806 ἀλλὰ
2896 2752 3112 2820 συγχεῖν
3166 2747 3262 2818 τὴν
3288 2740 3441 2798 οὖσαν
3480 2740 3548 2801 ὡς
3585 2735 3639 2789 ἂν
3665 2731 3721 2828 μὴ

2212 2852 2409 2912 πάντες
2453 2826 2670 2901 πάντων
2711 2844 2978 2900 ἀκούοιεν.
3013 2841 3170 2902 Ἕως
3215 2837 3320 2907 γὰρ
3367 2830 3429 2904 ἦν
3468 2833 3583 2884 πᾶσι
3629 2826 3719 2878 κατ’

2211 2939 2372 2992 αὑτὸν
2396 2941 2429 3010 ἡ
2463 2937 2596 3008 ζωὴ,
2625 2937 2719 2990 καὶ
2750 2935 2903 2988 οῠπω
2933 2931 3068 3004 πρὸς
3099 2928 3307 2990 πολλὰς
3334 2923 3489 2978 ἐθνῶν
3513 2915 3721 3010 διατομὰς

2212 3008 2600 3104 ἐμερίσθησαν,
2645 3029 2740 3097 μιᾷ
2776 3025 3009 3088 συνέζων
3043 3023 3203 3090 φωνῇ
3237 3019 3441 3072 πάντων
3479 3008 3722 3104 ἀνθρώπων

2213 3101 2273 3178 rb
2304 3101 2578 3193 πλήρωμα
2598 3135 2611 3148 ·
2639 3119 2759 3171 ἐπεὶ
2778 3117 2833 3170 δὲ
2858 3113 3000 3168 κατὰ
3021 3112 3180 3165 θείαν
3209 3109 3449 3180 βούλησιν
3471 3103 3562 3156 ἔδει
3584 3101 3722 3193 etiam!

2215 3217 2319 3270 ὑπὸ
2346 3215 2454 3268 τῶν
2483 3211 2784 3282 ἀνθρώπων
2816 3204 3215 3275 κατοικηθῆναι
3243 3202 3340 3272 τὴν
3367 3199 3482 3267 γῆν,
3505 3193 3607 3246 τότε
3638 3191 3722 3242 δια-

2218 3306 2551 3366 σπασθέντες
2591 3301 2731 3355 κατὰ
2769 3301 2865 3369 τὴν
2916 3297 3017 3366 τῆς
3063 3297 3255 3365 φωνῆς
3303 3286 3559 3344 κοινωνίαν
3603 3280 3721 3341 ἄλλος

2217 3398 2421 3467 ἀλλαχῆ
2467 3395 2858 3464 διεσπάρησαν,
2887 3391 2980 3443 καὶ
3011 3387 3156 3459 πρὸς
3186 3385 3340 3438 ἄλλον
3373 3381 3460 3434 καὶ
3491 3377 3622 3432 ἄλλον
3651 3388 3720 3467 γαν

2221 3463 2464 3560 ρακτῆρα
2493 3486 2753 3556 ῥημάτων
2782 3483 2875 3536 καὶ
2905 3480 3085 3548 φωνῆς
3121 3472 3566 3547 μεθηρμόσθησαν
3587 3463 3724 3560 συνδε-

2216 3552 2516 3650 τικὴνττινα
2656 3575 2789 3646 πρὸς
2811 3570 3067 3642 ἀλλήλους
3089 3566 3346 3637 ὁμονοίας
3366 3561 3457 3632 τὴν
3475 3552 3723 3650 ὁμοφωνίαν

2217 3647 2474 3742 λαχδντες
2492 3709 2507 3732 ,
2557 3668 2691 3738 πρὸς
2720 3668 2818 3736 μὲν
2845 3665 2940 3733 τὴν
2964 3662 3071 3714 τῶν
3118 3656 3458 3731 ’πραγμάτων
3489 3649 3542 3742 ού
3567 3647 3720 3742 διαίρω-

2220 3762 2434 3823 νοῦντες
2457 3759 2676 3827 γνῶσιν,
2703 3756 2838 3827 πρὸς
2859 3755 2913 3806 δὲ
2939 3752 3030 3805 τὸν
3055 3751 3168 3804 τῶν
3197 3746 3463 3817 ὀνομάτων
3477 3740 3620 3793 τύπον
3639 3735 3724 3827 διας

2221 3821 2530 3922 φερόμενοι.
2561 3849 2634 3900 Οὐ
2666 3821 2778 3916 ίγάῥ
2813 3845 2938 3899 ἄλλο
2964 3860 3018 3895 τι
3047 3843 3184 3913 παρ’
3207 3839 3383 3899 ἄλλοις
3411 3836 3438 3888 ι
3461 3832 3603 3892 λίθος,
3630 3825 3666 3922 ᾔ
3680 3821 3724 3874 εδ

2222 3916 2375 4008 ,ἐύᾲοᾲ
2403 3942 2580 3998 δοκεῖ.
2611 3939 2840 4008 διάφορα
2867 3936 2924 3990 δὲ
2968 3933 3100 4006 παρ’
3145 3932 3392 3991 ἑκάστοις
3417 3924 3482 3978 τὰ
3517 3922 3602 3993 τῆς
3629 3916 3727 3986 ὕλης

2219 4032 2480 4100 ὀνόματα.
2529 4029 2693 4080 Ὥστε
2744 4028 2891 4097 μένει
2944 4025 3144 4091 πάγιος
3189 4022 3319 4094 ἡμῖν
3358 4020 3386 4073 ὁ
3421 4008 3724 4083 λόγος,ὁτάς

2220 4121 2562 4194 ἀνθρωπίνας
2592 4119 2772 4189 φωνὰς
2808 4119 2905 4188 τῆς
2944 4116 3223 4187 ἡμετέρας
3252 4112 3479 4174 διανοίας
3501 4105 3726 4177 εὑρήματι

2222 4209 2358 4267 εἶναι
2399 4213 2778 4284 διοριζόμενος.
2815 4208 2952 4261 Οὔτε
2983 4207 3091 4278 γὰρ
3127 4207 3189 4272 ἐξ
3231 4205 3400 4276 ἀρχῆς
3441 4201 3533 4262 ἓως
3559 4194 3725 4264 ὁμόφυν

2222 4324 2310 4360 νον
2351 4305 2493 4359 ἆπαν
2529 4301 2596 4375 ἦν
2634 4301 2810 4370 ἑαυτῷ
2849 4300 2910 4352 τὸ
2951 4296 3312 4368 ἀνθρώπινον,
3358 4290 3484 4344 Θεοῦ
3520 4283 3724 4375 ῥημάτων

550 4414 681 4452 ιιιιηι
722 4413 895 4467 genus
931 4397 1250 4452 universum
1285 4396 1406 4458 fuit,
1440 4396 1727 4450 verborum
1761 4393 1850 4449 Dei
1885 4395 2112 4464 aliquam

2222 4397 2342 4449 τινὰ
2369 4368 2710 4448 διδασκαλίαν
2759 4368 3084 4458 γεγενῆσθαι
3121 4389 3237 4449 τοῖς
3292 4381 3571 4451 ἀνθρώποις
3610 4368 3725 4468 παρὰ

550 4489 856 4542 doctrinam
931 4487 1128 4542 factam
1187 4501 1310 4542 esse
1361 4486 1673 4541 hominibus
1722 4501 1790 4539 ex
1842 4485 2121 4553 Scriptura

547 4578 878 4643 didicimus;
923 4591 1100 4646 neque
1149 4584 1438 4645 postquam
1492 4575 1546 4628 in
1586 4575 1766 4628 varias
1815 4575 2122 4642 linguarum

550 4665 887 4721 differentias
935 4664 1206 4734 dispertiti
1269 4663 1489 4718 fuerunt
1536 4663 1804 4728 homines,
1848 4663 2122 4732 quomodo

551 4758 790 4827 quisque.
845 4758 1156 4825 loqueretur
1203 4753 1386 4808 divina
1422 4754 1505 4807 lex
1548 4754 1863 4823 praestituit,
1906 4754 1999 4808 sed
2028 4769 2122 4808 vo-

552 4853 671 4905 lens
717 4849 858 4904 Dens
907 4849 1160 4902 homines
1209 4846 1442 4901 diversis
1487 4846 1566 4900 uti
1599 4847 1820 4917 linguis,
1870 4855 2119 4900 naturam

549 4941 781 5005 dimisit,
838 4947 894 4993 ut
947 4945 1194 5008 pergeret
1249 4953 1348 5007 pro
1403 4938 1631 4992 arbitrio
1679 4938 1821 5007 apud
1879 4939 2122 5005 singulos

551 5047 752 5088 sonum
825 5030 1126 5085 articulare
1184 5029 1251 5082 ad
1313 5029 1750 5099 explanationem
1817 5027 2117 5082 hominum.

553 5126 744 5196 Itaque
783 5123 984 5185 Moses,
1031 5121 1221 5176 multis
1268 5120 1486 5176 saeculis
1535 5129 1657 5189 post
1694 5119 1861 5173 turris
1891 5117 2123 5172 aedifica-

552 5217 756 5271 tionem
809 5222 993 5279 natus,
1048 5225 1157 5266 una
1206 5226 1270 5265 ex
1318 5209 1717 5281 posterioribus
1772 5209 1953 5279 lingua
1991 5224 2122 5263 usus

553 5314 658 5370 est,
714 5305 978 5361 historice
1015 5301 1176 5357 nobis
1222 5301 1413 5356 tnundi
1441 5299 1774 5355 creationem
1827 5312 2125 5366 exponens.

2222 4489 2320 4557 τῆς
2348 4488 2568 4558 Γραφῆς
2603 4483 2997 4555 μεμαθήκαμεν
3019 4493 3033 4507 ⁵
3070 4477 3197 4530 οὔτε
3232 4479 3309 4538 εἰς
3339 4469 3564 4529 ποικίλας
3593 4463 3726 4558 vltric-

2225 4551 2333 4631 σών
2359 4551 2616 4656 δέαςρορὰέ
2645 4551 3071 4643 διατμηθέντων,
3101 4568 3252 4628 ὅπως
3279 4564 3344 4618 ἂν
3370 4551 3723 4656 gnatoa???

2223 4637 2550 4737 YOLT0,0E-tO-;
2584 4637 2917 4732 ὲπεστάτησε
2957 4661 3139 4730 νόμος,
3178 4657 3310 4710 ἀλλὰ
3349 4653 3554 4719 θελήσας
3572 4647 3601 4737 γὸ
3623 4637 3723 4737 θεὸς

2222 4758 2347 4818 τοὺς
2371 4753 2687 4824 ἀνθρώπους
2717 4753 2773 4805 ὲν
2795 4749 2978 4810 ἄλλαις
3001 4747 3250 4815 γενέσθαι
3276 4741 3539 4810 γλώσσαις,
3560 4730 3723 4798 ἀφῆκεν

2225 4843 2328 4915 ὁδῷ
2368 4844 2467 4914 τὴν
2513 4842 2672 4911 φύσιν
2711 4837 3067 4910 πορεύεσθαι,
3098 4835 3240 4890 κατὰ
3277 4834 3336 4885 τὸ
3378 4829 3580 4898 ἀρέσκον
3604 4820 3721 4918 διαρ-

2228 4933 2461 5005 θροῦσαν
2494 4933 2622 5003 παρ’
2646 4931 2892 4991 ἑκάστοις
2922 4927 3008 4981 τὸν
3032 4923 3165 4996 ἦχον
3195 4924 3326 4994 πρὸς
3345 4922 3436 4989 τὴν
3461 4916 3554 4968 τῶν
3577 4911 3722 4976 ὀνομά-

2226 5003 2332 5080 των
2369 5026 2684 5095 σαφήνειαν.
2728 5022 2787 5074 '0
2817 5021 2993 5073 τοίνυν
3027 5017 3293 5086 Μωῡσῆς,
3319 5011 3520 5069 πολλαῖς
3545 5003 3722 5097 gmw?

2226 5120 2440 5187 γενεαῖς
2487 5116 2583 5186 τῆς
2626 5111 2983 5184 πυργοποιῖας
3012 5108 3330 5178 γενόμενος,
3372 5102 3462 5173 μιᾷ
3503 5095 3594 5149 τῶν
3618 5095 3722 5187 tte-t1

2225 5210 2398 5265 ταῦτα
2439 5209 2699 5278 κέχρηται
2735 5203 2975 5272 γλώσσῃ,
3005 5197 3286 5270 ίστορικῶς
3308 5194 3400 5263 τὴν
3427 5179 3719 5278 κοσμογενξαν

2223 5300 2354 5368 ἡμῖν
2374 5268 2558 5366 amb}.
2567 5268 2855 5364 μενοςξκαί
2871 5268 3022 5353 τινας
3039 5289 3114 5359 τῷ
3125 5268 3249 5356 ⁷Θεῷ
3271 5282 3546 5355 προσάπτει
3560 5268 3714 5368 φωνὰς.

553 5404 714 5463 atque
753 5397 965 5466 aliquas
998 5408 1160 5450 voces
1191 5392 1302 5449 Deo
1342 5393 1600 5463 applicat,
1648 5406 1749 5447 sua
1795 5393 1967 5460 ipsius
2002 5404 2112 5442 γοα

2224 5392 2287 5458 τῇ
2320 5387 2511 5440 ἑαυτοῦ
2543 5385 2762 5457 γλώσσῃ
2799 5382 2919 5436 καθ’
2949 5381 3014 5452 ἢν
3041 5373 3357 5432 πεπαίδευτὸ
3389 5389 3442 5425 τε
3478 5367 3556 5422 καὶ
3585 5356 3718 5454 συνείς

554 5485 608 5540 in
656 5503 761 5556 qua
811 5489 1100 5542 institutus
1153 5485 1257 5541 fuit
1307 5495 1360 5543 et
1404 5492 1658 5543 assuetus
1694 5485 1807 5539 haec
1841 5497 2129 5548 enarratis,

646 5667 686 5696 θ’
720 5667 854 5720 Gen.
886 5683 962 5727 XI,
999 5667 1048 5733 4,
1079 5682 1202 5736 sqq.

2229 5477 2378 5531 θιστο
2415 5475 2585 5530 ταῦτα
2631 5473 2861 5539 διεξιὼν,
2918 5472 3010 5526 καὶ
3057 5470 3152 5522 οὐκ
3209 5464 3476 5519 ἀλλάσσων
3520 5454 3601 5514 τὰς
3646 5463 3713 5506 του
