4010 6212
240 279 346 335 997

1328 279 1616 338 CONTRA
1657 274 2059 346 EUNOMIUM,
2101 278 2230 335 LIB.
2268 280 2383 338 ΧΠ.

3385 283 3492 339 998
3505 336 3508 340 Α

234 397 377 452 Θεοῦ
410 398 595 468 φωνὰς
646 401 1012 474 ἁλλοιοτρόπῳ
1054 404 1157 456 τινὶ
1206 405 1298 458 καὶ
1338 403 1595 473 ξενίζοντι
1643 404 1826 474 φωνῆς

1932 416 2030 456 nec
2061 400 2157 458 Dei
2184 418 2346 459 voces
2387 403 2688 461 immutans
2720 404 2828 459 alio
2854 404 3091 477 quodam
3119 411 3174 459 et
3208 407 3498 476 peregrino

241 493 577 563 χαρακτῆρι,
613 493 751 546 ὥστε
782 494 869 548 διὰ
917 494 1011 548 τοῦ
1062 495 1212 571 ξένοιρ
1257 496 1358 565 τῆς
1397 494 1685 565 συνηθείας
1731 495 1826 549 καὶ

241 584 702 656 παρηλλαγμένου
734 585 841 639 τῶν
865 587 1165 658 ὀνομάτων,
1199 586 1365 641 αὑτοῦ
1392 586 1484 640 τοῦ
1516 585 1654 640 Θεοῦ
1687 582 1826 642 εἶναι

238 678 338 738 τὰς
383 676 567 747 φωνὰς
621 678 1083 743 κατασκευάζειν,
1131 678 1267 732 ἀλλὰ
1312 680 1378 750 τῇ
1418 678 1635 749 συνήθει
1680 678 1822 751 χρὼ-

246 784 409 833 μενος
471 765 714 837 γλώσσῃ,
751 769 952 840 ὁμοίως
998 771 1069 823 τά
1111 787 1169 823 τε
1221 769 1417 824 ἑαυτοῦ
1472 770 1566 823 καὶ
1610 769 1678 823 τὰ
1731 769 1825 823 τοῦ

240 857 377 910 Θεοῦ
412 857 765 929 διεξέρχεται.
795 859 934 913 Φασὶ
975 859 1036 913 δέ
1076 877 1221 925 τινες
1257 862 1366 915 τῶν
1406 859 1826 931 ἐπιμελέστερον

130 1007 142 1014 ,
240 951 359 1011 ταῖς
395 949 639 1019 Γραφαῖς
692 950 1211 1023 ὲπηκολουθηκότων
1248 952 1382 1024 μηδὲ
1414 952 1695 1024 ἀρχαῖζειν
1726 952 1824 1022 τὴν

249 1036 526 1108 Ἑϐραίων
568 1037 751 1108 φωνὴν
791 1040 912 1094 καθ’
951 1042 1243 1112 ὁμοιότητα
1282 1042 1391 1094 τῶν
1440 1041 1663 1107 λοιπῶν,
1690 1041 1825 1096 ἀλλὰ

244 1129 384 1198 μετὰ
416 1128 525 1181 τῶν
568 1129 744 1184 ἄλλων
794 1131 1112 1201 θαυμάτων,
1145 1133 1240 1186 καὶ
1272 1132 1429 1186 τοῦτο
1454 1136 1567 1198 τοῖς
1612 1134 1823 1204 Ἰσραη·

239 1218 419 1280 ὶίταις
466 1217 1008 1291 θαυματοποιηθῆναι
1029 1260 1043 1284 ,
1096 1220 1158 1274 τὸ
1203 1221 1302 1292 τὴν
1337 1220 1586 1290 γλῶσσαν
1621 1221 1824 1291 ταύτην

240 1309 455 1379 ἁθρόως
480 1310 619 1379 μετά
663 1311 762 1382 τὴν
804 1311 1078 1380 Αἴγυπτον
1111 1312 1494 1384 ηεδιασθῆναι
1535 1312 1613 1384 τῷ
1654 1313 1820 1367 ἔθνει.

238 1398 353 1449 Καί
385 1397 469 1459 τίς
500 1400 616 1453 ἐστι
639 1399 733 1452 τοῦ
760 1399 1042 1473 Προφήτου
1065 1400 1221 1470 λόγος
1252 1402 1314 1455 τὸ
1333 1402 1571 1455 τοιοῦτον
1604 1394 1826 1455 πιστού-

242 1500 405 1552 μενοε
429 1501 443 1513 ·
480 1489 580 1541 Ἐν
607 1487 715 1561 γὰρ
747 1486 827 1553 τῷ
850 1488 1118 1553 ἐξελθεῖν
1153 1489 1359 1553 αὐτὸν,
1401 1492 1586 1569 φησὶν,
1617 1492 1685 1545 ἐκ
1714 1490 1826 1562 γῆς

244 1578 558 1645 Αὶγύπτου,
603 1580 735 1633 τότε
756 1581 1048 1651 γλῶσσαν
1089 1582 1170 1649 ἣν
1203 1587 1314 1639 οὐκ
1344 1583 1497 1653 ἔγνω
1535 1584 1819 1653 ἤκουσεν.

1926 493 2078 548 vocis
2130 493 2471 557 charactere,
2518 494 2593 549 ita
2636 501 2698 550 ut
2752 495 3058 567 peregrinis
3102 505 3160 552 et
3216 496 3496 551 inusitatis

1927 586 2246 642 nominibus
2294 586 2471 656 ipsius
2517 586 2615 642 Dei
2668 602 2832 643 voces
2876 603 3002 645 esse
3045 597 3352 658 praestruat,
3400 590 3495 645 sed

1928 673 2185 730 familiari
2244 685 2403 733 utens
2442 678 2648 749 lingua,
2698 678 2958 734 similiter
2998 687 3052 735 et
3089 694 3210 749 quae
3238 693 3336 736 sua
3368 688 3498 735 sunt

1923 774 1978 820 ct
2036 782 2158 836 qua:
2216 769 2389 838 ipsius
2438 767 2532 826 Dei
2587 778 2825 827 enarrat.
2878 760 3110 837 Quidam
3169 779 3350 826 autem
3400 771 3493 841 qui

1925 855 2262 910 exactiorem
2311 857 2719 928 Scripturarum
2760 858 3127 929 cognitionem
3165 868 3296 915 sunt
3349 873 3497 917 asse—

1923 946 2036 999 cuti
2067 946 2324 1002 asser‘unt
2355 948 2595 1020 linguam
2637 947 2962 1005 Hebraicam
3003 963 3108 1004 non
3144 949 3220 1004 ita
3251 960 3495 1006 vetusta-
3608 936 3613 945 ’

1926 1043 2034 1091 tem
2074 1037 2321 1094 redolere
2350 1038 2494 1095 sicut
2515 1040 2763 1109 reliquae,
2784 1039 2880 1095 sed
2916 1055 3040 1093 cum
3063 1040 3190 1095 aliis
3219 1041 3497 1097 miraculis

1925 1134 1979 1182 et
2031 1128 2135 1183 hoc
2179 1128 2440 1187 lsraelitis
2470 1132 2802 1187 miraculose
2832 1131 3123 1196 accidisse,
3170 1132 3495 1202 nempelin-

1925 1231 2085 1285 gnam
2130 1219 2271 1276 hanc
2313 1220 2601 1277 confertim
2648 1221 2811 1279 simul
2848 1231 2972 1293 post
3013 1214 3384 1294 Egressionem
3427 1237 3497 1278 ex
3584 1228 3595 1233 '

1924 1307 2161 1380 Egyptu
2222 1314 2368 1380 genti
2429 1313 2855 1384 extemporalem
2923 1312 3122 1369 factam
3184 1312 3375 1370 fuisse.
3430 1313 3498 1369 Et

1926 1400 2115 1454 nescio
2148 1402 2273 1470 quis
2297 1403 2584 1473 Propheta:
2631 1418 2813 1459 sermo
2842 1404 2952 1460 tale
3000 1404 3132 1474 quid
3175 1405 3495 1472 conﬁrmat;

1926 1504 2076 1557 nam,
2120 1490 2260 1545 Dum
2295 1508 2373 1547 ea:
2406 1492 2640 1565 digpr
2674 1496 2783 1564 ipse
2817 1495 3165 1567 egrederetur,
3214 1508 3364 1560 tunc,
3412 1497 3499 1551 in-

1928 1580 2085 1649 quit,
2138 1581 2376 1651 linguam
2443 1600 2603 1653 quam
2657 1601 2761 1639 non
2811 1594 3024 1641 noverat
3071 1586 3274 1641 audivit
3315 1587 3382 1640 ⁸³.
3438 1585 3496 1642 Si

236 1666 307 1718 Ὲὶ
336 1663 431 1720 οὖν
468 1668 719 1739 Ἐϐραῖος
755 1672 1020 1743 Μωῡσῆς,
1050 1673 1331 1728 τελευταία
1358 1675 1413 1728 δὲ
1448 1674 1556 1729 τῶν
1587 1674 1761 1729 ἄλλων
1785 1676 1819 1746 ὴ

1934 1669 2099 1739 igitur
2155 1670 2335 1727 Moses
2387 1672 2673 1741 Hebraeus,
2714 1675 2838 1733 aliis
2885 1687 3068 1732 autem
3106 1678 3376 1747 posterior
3414 1686 3500 1732 est

240 1758 353 1811 τῶν
395 1759 666 1829 Ἐϐραίων
719 1762 892 1835 φωνὴ,
923 1765 951 1816 ὁ
990 1766 1128 1836 μετὰ
1174 1767 1269 1837 τὴν
1315 1766 1409 1820 τοῦ
1467 1766 1673 1838 κόσμου
1726 1768 1821 1821 σύ-

1932 1758 2282 1816 llebrzeorum
2328 1764 2537 1834 lingua,
2570 1768 2663 1835 qui
2709 1767 2871 1838 longe
2900 1777 3027 1839 post
3068 1769 3258 1824 mundi
3290 1769 3499 1824 consti-

242 1865 434 1903 στασιν
486 1850 713 1923 ὕστερον
752 1856 1024 1924 γεγονὼς,
1062 1858 1154 1912 καὶ
1196 1861 1261 1930 τῇ
1292 1860 1413 1912 κατ’
1446 1858 1637 1912 ἑαυτὸν
1672 1862 1822 1930 φωνῇ

238 1940 341 2001 τὰς
379 1939 475 1992 τοῦ
522 1941 657 1994 Θεοῦ
697 1942 1052 2016 διηγούμενος
1097 1948 1317 2018 ῥήσεις,
1366 1944 1456 2019 ἆρ’
1492 1948 1614 2019 οὐχὶ
1640 1949 1827 2019 σαφῶς

238 2031 483 2089 διδάσκει
522 2033 582 2085 τὸ
617 2033 694 2105 μὴ
725 2034 979 2107 τοιαύτην
1025 2037 1207 2107 φωνὴν
1234 2039 1333 2109 τὴν
1358 2039 1498 2091 κατὰ
1543 2038 1826 2110 ἄνθρωπον

243 2122 724 2195 σχηματιζομένην
772 2126 1111 2197 ἀναγράφειν
1154 2128 1248 2181 ἐπὶ
1275 2127 1435 2187 Θεοῦ.
1474 2128 1609 2183 ἀλλὰ
1654 2129 1826 2183 ταῦτα

245 2215 347 2282 μὲν
408 2212 587 2283 λέγειν
636 2215 724 2269 διὰ
785 2217 847 2271 τὸ
898 2217 1033 2290 μηδὲ
1084 2217 1307 2295 δυνατὸν
1348 2215 1484 2273 εἶναι
1539 2219 1601 2273 τὸ
1640 2219 1827 2291 νοηθὲν

242 2303 446 2375 ἑτέρως
485 2306 661 2359 εἰπεῖν
704 2306 1131 2390 ἢάνθρωπίναις
1172 2313 1406 2379 φωναῖς·
1456 2310 1738 2381 σημαίνειν
1770 2310 1826 2364 δὲ

242 2396 335 2448 διὰ
370 2395 482 2449 τῶν
527 2395 834 2469 λεγομένων
891 2400 1167 2473 θεοπρεπῆ
1201 2420 1321 2455 τινα
1369 2402 1462 2457 καὶ
1494 2402 1829 2472 μεγαλοφυει

244 2486 444 2558 στέραν
472 2488 743 2556 διάνοιανς
766 2490 838 2544 Τὸ
866 2490 975 2564 γὰρ
1005 2491 1211 2546 οίεσθαι
1238 2496 1302 2564 τῇ
1346 2492 1583 2564 Ἐϐραΐδι
1609 2493 1828 2567 γλώσσῃ

244 2577 339 2631 τὸν
386 2576 521 2631 Θεὸν
574 2579 907 2650 κεχρῆσθαι,
947 2583 1203 2654 μηδενὸςδ
1229 2584 1380 2647 ὄντος
1429 2583 1524 2636 τοῦ
1572 2583 1828 2656 τοιαύτης

242 2668 434 2739 φωνῆς
472 2670 775 2735 ἑπαῖοντος,
805 2672 909 2726 οὐκ
943 2670 1062 2727 οῖδα
1095 2674 1209 2738 πῶς
1238 2678 1266 2728 ό
1292 2674 1668 2745 λελογισμένος
1702 2692 1828 2729 συν-

224 2761 497 2841 αθήσεται.
552 2763 638 2815 Ἐν
681 2766 798 2828 ταῖς
827 2765 1065 2835 Πράξεσι
1101 2766 1500 2838 μεμαθήκαμεν
1546 2767 1635 2821 διὰ
1670 2767 1830 2824 ,τοῦτο

246 2854 350 2923 τὴν
383 2853 536 2908 θείαν
565 2854 791 2927 δύναμιν
824 2858 901 2922 είς
943 2858 1139 2923 πολλὰς
1182 2859 1479 2929 διεσχίσθαι
1518 2860 1720 2929 φωνὰς,
1754 2861 1830 2925 ὡς

242 2943 318 2998 ἂν
345 2945 537 3016 μηδεὶς
564 2947 671 3001 τῶν
704 2948 1119 3019 ἑτερογλώσσων
1159 2951 1510 3023 ἀποστεροῖτο
1556 2954 1655 3022 τῆς
1686 2952 1831 3022 ὠφε-

1928 1852 2199 1906 tutionem
2250 1862 2417 1910 natus
2476 1865 2580 1917 est.
2627 1864 2683 1912 et
2737 1858 2834 1927 qui
2890 1859 3110 1930 propria
3162 1859 3346 1930 lingua
3402 1858 3498 1916 Dei

1927 1942 2235 2001 locutiones
2267 1956 2510 2011 enarrat,
2538 1962 2607 2003 an
2635 1964 2744 2004 non
2771 1949 2918 2006 clare
2950 1951 3130 2014 docet,
3165 1951 3308 2007 lianc
3334 1952 3496 2011 talem

1928 2048 2114 2088 vocem
2150 2033 2219 2089 ad
2276 2035 2577 2092 humanum
2623 2039 2844 2095 modum
2894 2040 3184 2111 ﬁguratam
3228 2039 3340 2097 Deo
3386 2056 3497 2098 non

1927 2125 2226 2190 ascribere,
2275 2126 2372 2182 sed
2412 2127 2529 2184 hac
2569 2129 2790 2200 quidem
2837 2132 3044 2200 dicere,
3079 2133 3206 2203 quia
3244 2132 3358 2188 lieri
3387 2147 3500 2190 non

1928 2216 2100 2284 possit
2134 2226 2191 2272 ut
2231 2218 2377 2289 quod
2406 2221 2704 2292 cogitatum
2747 2230 2833 2280 est
2881 2225 3039 2280 aliter
3070 2239 3234 2296 quam
3264 2226 3498 2281 vocibus

1931 2307 2192 2366 humanis
2226 2312 2597 2382 exprimatur;
2629 2329 2726 2384 per
2752 2329 2817 2370 ea
2863 2324 3048 2372 autem
3097 2330 3219 2387 quae
3243 2315 3503 2371 dicuntur

1929 2397 2041 2454 Deo
2090 2401 2346 2457 decoram
2379 2410 2435 2457 ct
2466 2405 2810 2475 magniﬁcam
2855 2406 3152 2477 quamdam
3191 2392 3505 2476 intelligen-

1929 2491 2059 2545 tiam
2115 2492 2465 2562 signiﬁcare?
2530 2493 2813 2567 Siquidem
2855 2507 3049 2566 putare
3095 2496 3265 2553 Deum
3318 2497 3502 2567 lingua

1929 2581 2198 2638 llebraica
2238 2600 2397 2640 usum
2438 2585 2629 2652 fuisse,
2663 2603 2787 2643 cum
2821 2588 3008 2644 nullus
3033 2598 3182 2645 esset
3208 2588 3301 2657 qui
3337 2587 3501 2643 talem

1930 2688 2116 2729 vocem
2169 2674 2408 2743 audiret,
2440 2678 2633 2733 nescio
2669 2680 2942 2749 quomodo
2968 2680 3065 2749 qui
3110 2678 3503 2737 recta,ratione

1929 2780 2066 2820 usus
2116 2765 2280 2821 fuerit
2321 2770 2678 2824 asscntietnr.
2723 2768 2781 2824 In
2829 2771 2978 2827 Actis
3006 2772 3374 2841 apostolorum
3415 2771 3504 2826 di-

1928 2857 2186 2928 dicimus,
2239 2858 2445 2914 idcirco
2495 2860 2600 2913 vim
2657 2859 2894 2916 divinam
2945 2862 3001 2917 in
3050 2862 3252 2917 multas
3287 2861 3501 2934 linguas

1929 2946 2163 3002 divisam
2188 2946 2377 3011 fuisse.
2408 2956 2467 3003 ut
2494 2949 2679 3005 nullus
2705 2964 2894 3006 eorum
2919 2950 3013 3021 qui
3037 2951 3268 3007 diversis
3298 2951 3503 3022 linguis

240 3037 433 3100 λείας.
472 3039 531 3091 '0
554 3039 610 3092 δὲ
639 3039 772 3104 Θεὸς
810 3041 916 3112 πρὸ
956 3041 1054 3111 τῆς
1083 3043 1312 3106 κτίσεως
1339 3044 1699 3115 ἀνθρωπικῶς
1723 3045 1829 3099 διε-

1932 3046 2219 3094 nterentur
2270 3040 2508 3095 utilitate
2562 3040 2889 3110 privaretur.
2947 3041 3093 3098 Deus
3143 3050 3325 3099 autem
3374 3055 3506 3099 ante

238 3128 462 3197 λέγετο,
496 3132 616 3185 τίνα
641 3131 869 3202 ὠφελεῖν
896 3132 1103 3203 μέλλων
1128 3132 1192 3187 ἐκ
1217 3133 1314 3202 τῆς
1336 3134 1586 3204 τοιαύτης
1611 3134 1826 3206 φωνῆςς

242 3221 314 3273 τδ
366 3221 469 3291 μὲν
508 3222 616 3295 γὰρ
668 3221 1096 3278 συνδιατίθεσθαι
1143 3226 1209 3295 τῇ
1253 3224 1360 3278 τῶν
1409 3225 1711 3279 ἀκουόντων
1738 3226 1831 3279 δυ-

246 3314 420 3383 νάμει
455 3313 547 3365 τὸν
579 3312 735 3382 λόγον
767 3312 900 3386 πρὸς
930 3312 1020 3365 τὸν
1048 3312 1146 3382 τῆς
1174 3312 1439 3382 ὠφελείας
1467 3314 1685 3379 σκοπὸν,
1711 3314 1829 3368 οὐδὲ

247 3403 321 3457 ἄν
345 3420 434 3466 τις
454 3402 673 3468 ἀνάξιον
715 3403 814 3474 τῆς
843 3402 992 3467 θείας
1029 3400 1167 3457 εἶναι
1202 3404 1605 3476 φιλανθρωπίας
1636 3406 1831 3459 ὑποτο-

250 3496 508 3565 πήσειεν,
532 3494 654 3547 ἐπεὶ
682 3494 778 3549 καὶ
796 3492 1006 3558 Παῦλος
1031 3496 1061 3548 ό
1092 3496 1332 3566 μιμητὴς
1351 3495 1445 3549 τοῦ
1466 3497 1671 3568 Κυρίου
1698 3496 1831 3568 πρὸς

248 3585 353 3648 τὰς
380 3585 492 3637 τῶν
516 3585 819 3639 ἀκουόντων
856 3585 1017 3652 ἔξεις,
1052 3581 1192 3639 οἶδεν
1239 3586 1512 3659 ἁρμοδίως
1538 3587 1631 3641 τὸν
1675 3586 1832 3656 λόγον

253 3676 768 3748 ιιιεταχειρίζεσθαι⁸
801 3676 941 3746 γάλα
972 3680 1083 3741 τοῖς
1119 3677 1335 3747 νηπίοις
1380 3678 1697 3750 γινόμενος,
1738 3680 1832 3734 καὶ

252 3769 457 3838 στερεᾶ
485 3770 596 3831 τοῖς
635 3768 859 3832 τελείοις
894 3770 1089 3839 τροφή.
1138 3768 1211 3821 Τὸ
1261 3770 1487 3841 μηδενὸς
1537 3770 1833 3841 κατορθου-

253 3859 428 3925 μένου
462 3858 665 3913 σκοποῦ
696 3859 783 3913 διὰ
812 3859 913 3932 τῆς
940 3860 1035 3914 τοῦ
1071 3860 1230 3930 λόγου
1269 3860 1523 3931 τοιαύτης
1560 3863 1827 3933 χρήσεως,

250 3950 450 4004 ἔπειτα
482 3949 910 4016 κατασκευάζειν
945 3951 1123 4005 τοιάδε
1153 3951 1276 4005 τινὰ
1319 3954 1539 4023 ῥήματα
1575 3952 1665 4006 τὸν
1703 3952 1834 4006 Θεὸν

252 4044 344 4113 ἐφ’
385 4043 579 4097 ἑαυτοῦ
604 4042 890 4114 ῥαψῳδεῖν,
917 4043 1018 4096 οὐκ
1046 4043 1196 4107 ὄντος
1223 4043 1316 4097 τοῦ
1345 4042 1596 4112 δεομένου
1619 4043 1717 4114 τῆς
1745 4043 1834 4098 διὰ

252 4132 369 4187 τῶν
402 4132 659 4185 τοιούτων
696 4131 888 4201 φωνῶν
944 4131 1252 4203 σημασίας,
1285 4132 1385 4184 οὐκ
1412 4126 1528 4185 οἶδα
1563 4131 1678 4191 πῶς
1718 4132 1833 4184 ἐστι

258 4225 338 4295 μὴ
369 4223 775 4292 καταγέλαστον
823 4223 938 4294 ἅμα
978 4225 1072 4277 καὶ
1122 4223 1437 4294 βλάσφημον
1491 4224 1552 4276 τὸ
1598 4223 1834 4277 τοιοῦτον

253 4316 494 4370 οἴεσθαι.
542 4314 676 4368 Ούτε
709 4310 802 4368 οὖν
853 4312 1079 4387 Ἓδραία
1110 4314 1205 4368 τοῦ
1246 4314 1379 4368 Θεοῦ
1424 4318 1458 4386 η
1496 4316 1668 4386 φωνὴ,
1711 4314 1832 4368 οὕτε

1930 3129 2268 3185 creationem
2335 3129 2574 3187 humano
2618 3147 2771 3188 more
2833 3134 3161 3198 disserebat,
3206 3148 3499 3205 quemnam

1931 3222 2035 3277 hac
2088 3222 2183 3275 tali
2212 3237 2346 3278 voce
2379 3222 2708 3293 adjuturos?
2739 3239 3044 3280 sermonem
3072 3226 3217 3282 enim
3261 3224 3503 3281 aﬂectio—

1931 3327 2055 3366 nem
2095 3311 2386 3382 quamdam
2423 3313 2628 3370 habere
2672 3329 2798 3369 cum
2843 3315 3186 3371 audientium
3244 3315 3505 3371 facultate

1932 3402 2001 3456 ad
2044 3402 2299 3458 utilitatis
2348 3418 2600 3474 scopum,
2655 3406 2842 3461 nullus
2883 3406 3068 3460 divina
3126 3406 3504 3462 benevolentia

1932 3506 2060 3562 erga
2110 3507 2287 3563 genus
2336 3493 2633 3549 humanum
2678 3510 2803 3550 esse
2852 3496 3135 3566 indignum
3193 3482 3505 3568 suspicatus

1935 3580 2123 3649 fuerit,
2169 3585 2426 3654 quoniam
2481 3570 2687 3643 Paulus
2737 3585 2946 3641 Domini
2998 3588 3242 3642 imitator
3298 3589 3363 3642 ad
3405 3598 3506 3642 att-

1935 3674 2199 3730 dientium
2236 3676 2457 3731 habitus
2512 3678 2659 3731 novit
2689 3679 3076 3733 convenienter
3102 3687 3155 3733 et
3193 3693 3505 3736 accommo-

1934 3766 2060 3821 date
2092 3781 2406 3821 sermonem
2445 3767 2852 3829 administrare.
2894 3768 2976 3823 lac
3001 3767 3222 3837 quidem
3260 3770 3502 3838 parvulis

1937 3858 2141 3921 factus,
2187 3857 2389 3913 adultis
2430 3873 2560 3912 vero
2593 3868 2648 3913 et
2700 3858 2957 3927 perfectis
2998 3858 3155 3913 cibus
3183 3857 3392 3913 solidus
3434 3858 3501 3916 ⁸³.

1935 3947 2091 4015 Quod
2130 3948 2177 4004 si
2219 3964 2342 4002 cum
2397 3948 2583 4003 nullus
2630 3947 2900 4018 dirigatur
2950 3963 3152 4018 scopus
3196 3964 3293 4018 per
3339 3948 3501 4003 talem

1936 4040 2207 4095 sermonis
2227 4055 2410 4106 usum,
2447 4041 2573 4109 quis
2599 4048 2813 4094 astruat
2848 4038 3015 4094 Deum
3049 4039 3103 4093 in
3142 4040 3321 4109 seipse
3351 4047 3503 4094 certa

1935 4129 2183 4201 quedam
2232 4130 2397 4185 verba
2444 4145 2732 4194 consuere,
2794 4132 2839 4185 si
2890 4146 2998 4185 non
3048 4138 3133 4185 est
3199 4131 3292 4200 qui
3348 4140 3505 4202 egeat

1936 4221 2335 4290 signiﬁcatione
2390 4236 2513 4291 quae
2559 4222 2617 4275 lit
2655 4237 2750 4291 per
2805 4221 3077 4290 ejusmodi
3124 4237 3306 4285 voces,
3359 4220 3504 4276 haud

1937 4314 2054 4368 scio
2095 4312 2368 4381 quomodo
2416 4328 2524 4367 non
2567 4313 2670 4367 hoc
2708 4313 2868 4367 liceat
2909 4312 3199 4367 ridiculutn
3240 4312 3406 4368 simul
3451 4320 3506 4366 et

255 4405 383 4461 καθ’
415 4406 675 4477 ἑκάτερόν
702 4422 822 4460 τινα
849 4406 1018 4461 τύπον
1043 4406 1150 4461 τῶν
1188 4407 1246 4460 ἐν
1278 4410 1389 4470 τοῖς
1421 4406 1598 4460 ἔθνεσι
1623 4423 1829 4477 νενομι-

1939 4406 2165 4475 impium
2210 4405 2510 4460 convitium
2560 4417 2772 4476 putare.
2828 4404 3013 4475 Dii-que
3059 4404 3225 4475 igitur
3273 4402 3501 4459 llebraza

256 4495 480 4565 σμένων
513 4495 915 4567 προφερομένη,
940 4495 1054 4550 ἀλλ’
1078 4497 1193 4550 ὅσοι
1220 4495 1314 4549 τοῦ
1332 4496 1473 4550 Θεοῦ
1505 4496 1651 4565 λόγοι
1685 4495 1836 4568 παρὰ

248 4584 355 4638 τοῦ
389 4584 695 4651 Μωῦσὲως,
741 4586 775 4656 ἢ
814 4585 923 4638 τῶν
959 4586 1255 4659 προφητῶν
1293 4586 1701 4659 ἀνεγράφησαν,
1752 4588 1836 4639 ὲν·-

252 4676 454 4743 δείξεις
487 4677 596 4730 sici.
636 4676 731 4730 τοῦ
764 4676 908 4731 θείου
943 4678 1277 4750 θελήματος,
1325 4680 1499 4745 ἄλλως
1530 4681 1622 4734 καὶ
1662 4679 1834 4744 ἄλλως

254 4770 403 4824 κατά
437 4768 537 4839 τὴν
565 4768 719 4836 ἀξίαν
751 4768 859 4822 τῶν
892 4772 1224 4842 μετεχόντων
1256 4772 1351 4842 τῆς
1378 4772 1599 4842 χάριτος
1629 4771 1707 4843 τῷ
1742 4788 1837 4825 κα-

258 4860 418 4933 θαρῷ
457 4878 517 4913 τε
577 4862 670 4913 καὶ
718 4859 1027 4933 ἡγεμονικῷ
1069 4861 1177 4915 τῶν
1227 4863 1397 4931 ἁγίων
1438 4863 1831 4933 ὲλλάμπουσαι.

257 4953 473 5009 οὖκιῦν
519 4953 814 5024 ἐφθέγγετο
857 4956 956 5027 μὲν
1004 4958 1039 5008 ἁ
1080 4954 1317 5023 Μωῦσῆς
1349 4954 1423 5017 ὡς
1470 4954 1732 5022 ἐπεφύκει
1776 4970 1836 5007 τε

258 5050 357 5101 καὶ
383 5046 771 5100 ἐπεπαίδευτο·
819 5045 1127 5118 προσετίθει
1163 5046 1219 5098 δὲ
1262 5045 1339 5116 τῷ
1377 5044 1496 5115 Θεῷ
1525 5043 1623 5107 τὰς
1655 5043 1838 5113 φωνὰς

254 5136 496 5198 ταύτας.
532 5135 715 5200 καθὼς
764 5135 981 5208 εἴρηται
1030 5132 1315 5199 πολλάκις,
1362 5132 1450 5185 διὰ
1477 5132 1538 5184 τὸ
1569 5131 1837 5201 νηπιῶδες

255 5229 369 5281 τῶν
407 5228 536 5299 ἄρτι
568 5230 635 5298 τῇ
660 5227 961 5298 θεογνωσίᾳ
988 5223 1432 5297 προσαγομένων,
1469 5220 1604 5294 πρὸς
1634 5222 1835 5293 ἐναργῆ

252 5333 315 5369 τε
366 5317 715 5387 παράστασιν
764 5315 859 5370 τοῦ
889 5316 1045 5369 Θείου
1097 5314 1461 5385 βουλήματος,
1514 5312 1611 5367 καὶ
1658 5312 1747 5376 ὡς
1770 5311 1836 5366 ἂν

252 5406 711 5480 εὐπειθεστέρους
730 5407 1102 5481 ἀπεργάσαιτο
1131 5407 1257 5469 τοὺς
1283 5404 1575 5473 ἀκούοντας
1600 5409 1665 5480 τῇ
1689 5406 1834 5475 ἀξιο-

252 5500 453 5573 πιστία
482 5499 577 5553 τοῦ
600 5500 881 5572 εἰρηκότος
902 5498 1368 5570 δυσωπουμένους.

329 5678 378 5713 ⁸³
403 5675 554 5734 Psal.
588 5694 754 5747 uxr,
784 5679 837 5735 6.
913 5677 959 5711 “
990 5676 1155 5737 ilebr.
1189 5695 1240 5746 v,
1277 5677 1364 5733 i2.

1941 4494 2033 4550 Dei
2076 4511 2204 4560 vox,
2255 4512 2433 4567 neque
2483 4497 2782 4552 secundmn
2832 4497 2994 4550 aliam
3044 4496 3272 4551 formam
3313 4510 3504 4551 eorum

1940 4602 2062 4657 quae
2101 4588 2155 4641 in
2204 4587 2460 4657 gentibus
2502 4602 2602 4641 usu
2649 4588 2866 4656 recepta
2910 4593 3058 4649 sunt,
3108 4583 3505 4655 proferebatur,

1941 4676 2035 4733 scd
2066 4678 2385 4749 quicunque
2416 4677 2508 4732 Dei
2541 4692 2826 4733 sermones
2854 4691 2883 4729 a
2923 4675 3071 4731 Diosc
3108 4676 3192 4731 vel
3226 4674 3507 4746 prophetis
3602 4692 3611 4697 -

1941 4767 2203 4839 descripti
2253 4778 2402 4829 sunt,
2429 4768 2625 4824 divina:
2647 4769 2834 4822 volunt
2856 4768 2942 4822 itis
2967 4774 3093 4822 sunt
3125 4764 3505 4830 indicationes,

1937 4855 2096 4910 aliter
2137 4864 2304 4925 atque
2350 4858 2505 4911 aliter
2547 4872 2644 4926 pro
2697 4858 2908 4910 ratione
2953 4870 3142 4910 eorum
3191 4854 3284 4925 qui
3317 4858 3506 4928 grati-.2

1940 4950 2073 5002 liunl
2104 4950 2421 5018 participes.
2455 4959 2771 5003 sanctorum
2802 4962 2936 5015 puro
2960 4955 3015 5001 et
3046 4945 3277 5001 rationis
3303 4945 3506 5001 tenenti

1939 5037 2307 5108 principatum
2353 5038 2653 5093 intellectui
2695 5038 3099 5093 illucescentes.
3141 5035 3282 5105 Ergo
3321 5036 3507 5106 loque-

1940 5130 2102 5186 batur
2150 5128 2330 5185 Moses
2377 5129 2520 5183 sicut
2577 5136 2745 5185 natus
2795 5137 2911 5182 erat
2952 5130 3007 5181 et
3055 5126 3336 5192 eruditus;
3402 5125 3508 5179 Deo

1942 5233 2123 5280 autem
2148 5224 2485 5280 attribuebat
2506 5224 2607 5278 has
2637 5238 2820 5285 voces,
2843 5233 2901 5276 ut
2932 5222 3136 5276 dictum
3170 5228 3254 5276 est
3287 5218 3507 5290 sapius.

1941 5323 2165 5385 propter
2193 5314 2454 5384 puerilem
2496 5312 2925 5368 imbecillitatem
2963 5324 3153 5366 eorum
3187 5309 3282 5379 qui
3314 5311 3381 5362 ad
3417 5306 3509 5364 Dei

1942 5402 2309 5474 cognitionem
2357 5401 2801 5467 adducebantur,
2858 5407 2914 5456 et
2964 5398 3031 5455 ad
3095 5398 3402 5456 evidentem
3456 5404 3512 5452 et

1943 5495 2145 5553 claram
2181 5493 2379 5551 divina:
2426 5492 2722 5550 voluntatis
2754 5492 3187 5563 expressionem.
3216 5503 3270 5551 et
3301 5501 3360 5548 ut
3388 5491 3523 5549 obc-
