4010 6212
469 286 576 344 099

1676 281 1735 339 S.
1766 277 2096 338 GRECORII
2134 278 2433 338 NYSSENI

3593 291 3748 348 1000

469 397 772 455 dientiores
805 408 861 455 et
917 397 984 460 ad
1054 396 1358 470 parendum
1423 396 1697 454 faciliores
1762 396 2004 455 efficeret
2073 396 2380 464 auditores,
2426 400 2639 456 veritos
2695 403 3084 458 auctoritatem
3138 413 3194 460 et
3249 405 3567 478 dignitatem
3619 409 3752 476 ejus

470 492 564 562 qui
621 493 775 562 ipsos
820 497 967 544 esset
1027 491 1317 546 allocutus.

543 584 649 637 Sed
702 592 860 653 negat
896 581 1216 646 Eunomius,
1263 584 1358 653 qui
1406 584 1534 638 talia
1567 584 1624 640 in
1670 598 1773 639 nos
1819 583 2056 638 convitia
2085 586 2132 640 Α

473 674 698 745 profert,
761 676 854 746 qui
903 675 1108 731 illicita:
1155 683 1209 732 et
1257 675 1478 732 nefaria:
1524 676 1941 732 consuetudinis
1981 678 2066 729 est

473 769 643 823 haeres
685 775 738 822 et
781 775 1079 837 patronus;
1126 781 1388 823 conversa
1439 771 1586 822 enim
1633 767 1966 822 contumelia
2007 767 2064 820 in

473 862 648 930 ipsius
689 861 1044 930 ignominiam
1089 861 1328 931 propriis
1373 875 1499 915 eum
1541 859 1727 917 verbis
1774 858 2063 928 excipiam.

475 950 578 1006 Sed
614 953 792 1021 ipsum
825 953 932 1006 sibi
972 950 1178 1005 Mosem
1231 951 1552 1006 testimonio
1598 965 1702 1005 suo
1735 946 2066 1020 patrocinari

471 1043 780 1103 confirmat.
819 1042 962 1112 quod
1002 1043 1254 1097 videlicet
1295 1056 1324 1095 a
1367 1041 1478 1102 Deo
1509 1041 1600 1111 qui
1645 1049 1896 1094 naturam
1936 1052 2070 1093 con-

470 1137 630 1196 didit.
663 1146 716 1190 et
747 1151 934 1189 eorum
967 1151 1092 1204 qna:
1118 1134 1475 1188 nominantur
1520 1141 1574 1188 et
1617 1131 1900 1187 nominum
1936 1145 2068 1184 usus

472 1225 784 1279 hominibus
814 1225 976 1278 datus
1003 1235 1106 1289 est,
1135 1233 1191 1279 et
1224 1223 1372 1293 quod
1403 1238 1596 1278 eorum
1621 1237 1746 1292 quae
1781 1221 1909 1276 data
1942 1228 2070 1276 sunt

394 1363 396 1366 ,
473 1316 765 1384 appellatio
814 1317 1082 1369 utentium
1145 1316 1500 1382 generatione
1539 1321 1620 1369 est
1663 1313 1938 1384 superior,
1987 1313 2069 1368 sic

475 1407 659 1461 omnia
717 1405 784 1461 ad
846 1407 1072 1461 verbum
1129 1406 1726 1475 loeutus,'siquidem
1787 1404 2068 1475 proprium

476 1509 675 1553 nactus
700 1508 782 1554 est
814 1499 1048 1567 aliquem
1083 1497 1308 1564 Mosem,
1335 1513 1366 1552 a
1394 1513 1507 1568 quo
1540 1499 1655 1553 haec
1708 1498 1926 1552 erudita
1965 1494 2068 1549 do-

476 1602 651 1656 cetur,
683 1600 844 1661 atque
875 1593 1026 1646 illine
1065 1591 1326 1646 incitatus
1370 1588 1579 1646 talibus
1602 1589 1830 1646 conﬁdit
1857 1601 2070 1644 sermo-

478 1685 661 1744 nibus,
685 1684 830 1752 quod
871 1683 1011 1739 ficus
1059 1684 1176 1754 lege
1208 1684 1407 1745 sancit,
1443 1684 1586 1737 sicut
1617 1683 1706 1737 hic
1752 1682 1869 1751 ipse
1913 1680 2067 1743 dicit,

479 1775 760 1828 hominum
791 1773 1080 1839 dictiones,
1114 1774 1194 1830 sic
1228 1773 1429 1843 jubens
1462 1781 1516 1828 et
1563 1773 1723 1828 aliter
1769 1771 2068 1842 prohibens

478 1866 644 1920 rebus
669 1879 831 1920 voces
863 1865 1069 1935 imponi
1105 1873 1292 1920 utatur
1326 1879 1429 1935 pro
1463 1879 1564 1920 suo
1593 1863 1858 1918 arbitratu
1889 1862 2066 1933 nugis,

479 1956 784 2024 adjutorem
815 1957 1025 2011 habens
1048 1956 1610 2012 scrmonisoccultum
1642 1955 1808 2010 istum
1840 1953 2067 2008 Mosem.

491 2050 646 2116 Quod
682 2050 726 2103 si
748 2050 898 2104 soius
927 2057 1010 2102 est
1042 2047 1238 2111 Moses,
1264 2049 1423 2117 cujus
1453 2046 1734 2116 Scriptura
1761 2047 2070 2101 Communis

478 2149 562 2196 est
593 2141 882 2210 disciplina
912 2140 995 2194 his
1027 2140 1118 2208 qui
1151 2139 1397 2193 divinum
1425 2153 1733 2193 sermonem
1757 2136 1913 2190 ‘docti
1939 2138 2069 2197 sint,

477 2231 983 2285 condemnationem
1009 2230 1365 2299 accipiemus,
1395 2229 1441 2282 si
1475 2243 1506 2282 a
1537 2224 1706 2284 Hosis
1729 2229 1847 2298 lege
1886 2228 2072 2283 redur-

477 2322 714 2390 guimur.
749 2319 980 2375 Ubinam
1005 2335 1134 2392 ergo
1161 2321 1230 2375 de
1255 2322 1436 2376 verbis
1463 2327 1518 2374 et
1559 2318 1872 2374 nominibus
1900 2319 2069 2390 legem

480 2411 723 2466 invenit?
759 2411 816 2465 In
843 2411 964 2480 ejus
1002 2413 1225 2481 scriptis
1256 2411 1578 2482 proponitur
1606 2409 1794 2463 mundi
1840 2409 2067 2474 creatio,

479 2511 534 2558 et
576 2502 834 2572 deinceps
888 2503 1170 2558 hominum
1232 2503 1645 2574 generatiouum
1700 2500 1970 2563 recensio,
2018 2509 2074 2556 et

477 2595 844 2666 quarumdam
915 2610 1098 2650 rerum
1156 2595 1407 2660 historia,
1465 2601 1520 2650 et
1576 2594 1730 2649 varia
1784 2593 2069 2665 legislatio,

479 2688 656 2760 deque
682 2688 770 2744 bis
798 2703 918 2759 qua:
967 2687 1036 2743 ad
1071 2703 1264 2743 verum
1296 2686 1390 2742 Dei
1427 2686 1634 2740 cultum
1682 2684 1976 2754 pertinent,
2017 2690 2074 2738 et

479 2793 602 2848 quae
631 2778 684 2832 in
725 2778 849 2831 νὶιυε
905 2777 1118 2832 ratione
1161 2783 1290 2832 sunt
1352 2772 1714 2838 observanda,
1773 2773 1888 2828 haec
1945 2779 2074 2828 sunt

483 2869 654 2926 Hosis
681 2867 978 2938 Scriptura:
1015 2868 1290 2937 praecipua
1329 2867 1529 2936 capita.
1564 2862 1722 2930 Quod
1771 2864 1816 2919 si
1852 2864 1941 2919 hic
1972 2878 2072 2918 au-

483 2968 656 3015 tumat
678 2974 801 3015 esse
829 2959 1067 3030 aliquam
1110 2961 1404 3014 verborum
1439 2955 1852 3027 Iegislationem,
1889 2961 2074 3008 osten-

481 3051 576 3105 dat
608 3052 803 3121 legero,
831 3057 885 3104 et
913 3063 1016 3120 ego
1061 3049 1274 3104 tacebo.
1317 3047 1423 3103 Sed
1463 3062 1572 3102 non
1620 3052 1807 3117 posset
1851 3045 2069 3112 dicere;

2243 576 2384 632 Ἀλλ’
2412 579 2475 634 οὖ
2517 598 2685 652 φησιν
2721 585 2750 636 ὁ
2781 583 3062 652 Εὐνόμιος,
3084 585 3113 637 ὁ
3139 583 3394 648 τοιαύτας
3431 585 3558 639 καθ’
3584 585 3757 656 ήμῶν

2165 669 2264 734 τὰς
2294 670 2564 742 λοιδορίας
2616 673 2932 744 προφέρων,
2970 677 2999 728 ὀ
3027 674 3128 744 τῆς
3159 674 3426 745 ὲκθέσμου
3457 676 3756 746 συνηθείας

2168 761 2498 831 κληρονόμος
2509 779 2566 814 τε
2585 762 2678 816 καὶ
2697 765 3010 836 συνήγοροςο
3027 764 3337 832 ὑπαλλάξας
3352 767 3461 838 γὰρ
3473 767 3569 836 τὴν
3586 765 3656 819 ῦὸ
3663 785 3757 837 ριν

2167 853 2248 914 είς
2287 852 2514 922 ἀτιμίαν
2541 857 2654 918 τοῖς
2689 854 2839 919 ἰδίοις
2869 855 3032 909 αὐτὸν
3061 847 3408 926 δεξιώσομαι.
3457 857 3597 910 Ἀλλ’
3653 863 3761 912 αύ-

2167 943 2259 995 τὺν
2284 942 2431 1014 αύτῷ
2459 949 2754 1016 μαρτυρεῖν
2779 945 2872 1000 τὸν
2899 947 3138 1001 Μωῦσέα
3160 947 3570 1018 διῐσχυρίζεται,
3595 951 3763 1019 παρὰ

2167 1033 2262 1086 τοῦ
2323 1035 2858 1107 δημιουργήσαντος,
2897 1037 2996 1109 τὴν
3047 1037 3205 1108 φύσιν
3255 1039 3589 1110 δεδωρῆσθαι
3635 1044 3763 1103 τοῖς

2168 1125 2476 1197 ἀνθρώποις
2513 1129 2624 1182 τῶν
2650 1148 2708 1183 τε
2756 1131 3173 1201 ὀνομαζομένων
3209 1131 3304 1184 καὶ
3329 1131 3438 1184 τῶν
3465 1134 3763 1204 ὀνομάτων

2168 1215 2269 1285 τὴν
2291 1217 2505 1286 χρῆσιν,
2538 1218 2632 1271 καὶ
2661 1219 2759 1291 τήν
2797 1235 2861 1287 γε
2890 1219 2998 1271 τῶν
3036 1219 3333 1290 δεδομένων
3380 1221 3572 1291 κλῆσιν
3610 1225 3766 1276 ἀνωο

2170 1306 2333 1378 τέραν
2380 1304 2521 1362 εἶναι
2576 1309 2677 1378 τῆς
2725 1309 2833 1363 τῶν
2875 1311 3171 1381 χρωμένων
3215 1311 3500 1379 γενέσεως,
3551 1315 3765 1367 οὑτωσὶ

2171 1401 2349 1453 πάντα
2382 1401 2522 1454 κατὰ
2548 1401 2693 1469 λέξιν
2734 1403 2904 1456 εἰπόν
2927 1420 2940 1433 ο
2977 1406 3025 1456 εί
3059 1404 3154 1473 μὲν
3193 1400 3285 1458 οὖν
3318 1405 3443 1458 ἴδιον
3482 1406 3766 1476 κέκτηταί

2169 1510 2291 1546 τινα
2341 1491 2576 1546 Μωῦεέα
2624 1495 2755 1565 παρ’
2799 1485 2860 1546 οὗ
2901 1494 2968 1548 τὰ
3011 1495 3149 1564 σοφὰ
3197 1496 3368 1550 ταῦτα
3416 1497 3766 1560 διδάσκεται.

2170 1585 2423 1639 κάκεῖθεν
2468 1583 2786 1657 ὁρμώμενος
2835 1589 2946 1651 τοῖς
2985 1587 3245 1651 τοιούτοις
3301 1588 3586 1660 ἐπιθαρσεί
3645 1591 3771 1643 τῶν

2169 1675 2362 1743 λόγων,
2408 1676 2490 1729 ὅτι
2524 1676 2657 1740 Θεὸς
2698 1677 3140 1748 διαθεσμοθετεῖ,
3186 1678 3366 1743 καθὼς
3403 1674 3558 1744 οὗτος
3587 1684 3769 1746 αὐτὸς

2171 1783 2325 1836 φησι,
2352 1767 2462 1821 τῶν
2485 1767 2786 1839 ἀνθρώπων
2808 1769 2907 1833 τὰς
2934 1773 3139 1841 ῥήσεις,
3169 1771 3365 1824 οὑτωσί
3396 1790 3455 1825 τε
3484 1773 3767 1836 κελεύων,

2172 1857 2268 1909 καὶ
2309 1857 2510 1929 ἑτέρως
2553 1859 2907 1930 ἀπαγορεύων
2962 1861 3059 1924 τὰς
3110 1861 3203 1915 ἐπὶ
3250 1862 3357 1916 τῶν
3405 1866 3771 1935 πραγμάτων

2173 1947 2386 2002 κεῖσθαι
2413 1949 2618 2017 φωνὰς,
2642 1951 2927 2022 κεχρήσθω
2954 1952 3091 2024 πρὸς
3110 1953 3171 2007 τὸ
3195 1953 3382 2008 δοκοῦν
3402 1959 3512 2018 τοῖς
3537 1955 3771 2026 λήροις,

2179 2039 2466 2111 σύμμαχον
2505 2040 2642 2112 ἔχων
2671 2042 2763 2096 τοῦ
2797 2043 2956 2111 λόγου
2990 2043 3082 2096 τὸν
3121 2046 3361 2116 κρυπτὸν
3390 2046 3640 2100 Μωῦσέα
3701 2048 3773 2105 Εἰ

2171 2130 2227 2184 δὲ
2261 2131 2421 2202 μόνον
2462 2133 2578 2186 ἐστὶ
2623 2135 2862 2205 Μωῦσῆς
2901 2129 3028 2206 οὖὴ
3069 2136 3258 2208 Γραφὴ
3300 2137 3468 2191 κοινὸν
3518 2137 3778 2208 μάθημα

2171 2225 2285 2287 τοῖς
2311 2223 2402 2277 τὸν
2435 2223 2576 2278 θεῖον
2596 2224 2755 2282 λόγον
2777 2227 3189 2298 παιδευομένοις
3216 2229 3350 2293 ἐστὶ,
3371 2228 3644 2299 δεξόμεθα
3667 2230 3778 2299 τὴν

2172 2315 2550 2384 κατάγνωσιν,
2586 2318 2635 2370 εί
2674 2317 2781 2372 ὑπὸ
2823 2319 2930 2380 τῶν
2963 2319 3057 2372 τοῦ
3087 2320 3363 2384 Μωῦσέως
3413 2321 3781 2392 ἐλεγχόμεθα

2173 2407 2376 2478 νόμων.
2413 2407 2523 2459 Ποῦ
2551 2411 2732 2462 τοίνυν
2763 2409 2854 2464 τὸν
2886 2412 3014 2483 περὶ
3045 2411 3303 2482 ῥημάτων
3327 2430 3384 2466 τε
3417 2413 3514 2465 καὶ
3552 2414 3782 2483 ὀνομὰ-

2171 2515 2280 2552 των
2331 2497 2528 2569 εὓρατο
2566 2499 2762 2570 νόμον;
2831 2501 2947 2554 Ἐπ’
2994 2502 3173 2555 αὐτῶν
3215 2502 3462 2557 ἐκθέσθαι
3510 2503 3631 2557 τῶν
3672 2521 3784 2572 γε-

2172 2591 2525 2662 γραμμένων,
2554 2593 2913 2662 κοσμογένεια
2939 2595 3158 2650 καὶτῶν
3189 2595 3419 2665 καθεξῆς
3442 2595 3786 2666 ἀνθρώπων

2173 2682 2526 2752 γενεαλογία,
2563 2683 2656 2737 καὶ
2703 2685 3044 2756 πραγμάτων
3089 2686 3249 2740 τινῶν
3295 2687 3535 2757 ἱστορία,
3583 2688 3703 2740 καὶ
3748 2689 3786 2758 ἡ

2174 2774 2391 2846 ποικίλη
2433 2775 2744 2847 νομοθεσία,
2786 2777 2914 2848 περί
2937 2794 2995 2830 τε
3022 2776 3130 2830 τῶν
3158 2778 3297 2831 κατὰ
3329 2779 3424 2848 τὴν
3466 2778 3786 2849 λατρείαν,

2173 2868 2267 2921 καὶ
2299 2866 2407 2921 τῶν
2448 2867 2592 2921 κατὰ
2622 2867 2713 2922 τὸν
2747 2867 2859 2938 βίον
2899 2870 3400 2941 παρατηρημάτων.
3426 2868 3627 2924 Ταῦτα
3678 2870 3792 2940 τῆς

2172 2959 2452 3022 Μωῦσέως
2484 2959 2709 3031 Γραφῆς
2747 2959 2816 3014 τὰ
2845 2961 3137 3030 κεφάλαια.
3189 2962 3251 3014 Ei
3288 2961 3344 3013 δέ
3393 2977 3562 3030 φησιν
3600 2956 3792 3027 οὗτος

2173 3047 2312 3104 εἶναι
2341 3068 2462 3104 τινα
2495 3050 2754 3121 ῥημάτων
2784 3053 3123 3122 νομοθεσίαν,
3165 3051 3390 3118 δειξάτω
3432 3052 3528 3105 τὸν
3569 3052 3790 3124 νόμον,

483 3158 592 3198 non
621 3143 768 3200 enim
808 3141 1140 3196 clarioribus
1179 3140 1404 3196 omissis
1435 3137 1948 3194 confirmationibus
1981 3136 2071 3190 illa

2175 3143 2329 3210 κάγὼ
2359 3144 2725 3215 σιωπήσομαι.
2769 3144 2908 3198 Ἀλλ’
2949 3144 3049 3198 οὐκ
3079 3143 3146 3197 ἂν
3177 3145 3347 3197 εἰπεῖν
3386 3143 3530 3214 ἔχοι·
3563 3145 3634 3197 οὐ
3667 3145 3793 3216 γὰρ

485 3217 904 3304 persequeretur
951 3232 1156 3304 quibus
1202 3231 1474 3287 ridiculus
1513 3229 1689 3301 magis
1726 3243 1891 3300 quam
1937 3243 2068 3298 pro-

2175 3229 2238 3284 ἂν
2280 3230 2391 3283 τῶν
2430 3231 2836 3302 ἐναργεστέρων
2868 3233 3136 3303 ἀφέμενος
3164 3231 3481 3296 ἀποδείξεων
3503 3273 3520 3295 ,
3573 3234 3791 3287 ἐκεῖνα

484 3323 682 3378 habilis
715 3324 990 3378 videretur
1021 3325 1107 3380 his
1155 3324 1251 3394 qui
1291 3331 1470 3377 mente
1503 3329 1631 3377 sunt
1669 3321 1881 3392 praediti
1907 3331 1960 3377 et
1986 3337 2072 3377 sam

2175 3317 2369 3392 διεξῄει
2395 3319 2464 3374 δι’
2499 3313 2570 3374 ὦν
2593 3321 2996 3391 καταγέλαστος
3026 3322 3244 3393 μᾶλλον,
3272 3322 3306 3392 ἢ
3328 3322 3555 3385 πιθανὸς
3586 3324 3789 3377 ἐδόκει

483 3408 660 3482 piunt.
696 3411 832 3466 Nam
875 3413 978 3467 hoc
1013 3423 1205 3482 putare
1232 3427 1356 3467 esse
1405 3412 1624 3481 pietatis
1655 3420 1840 3482 caput,
1883 3427 2072 3482 nempe

2175 3413 2284 3474 τοῖς
2321 3428 2385 3479 γε
2416 3411 2541 3466 νοῦν
2571 3412 2773 3483 ἔχουσι.
2810 3412 2882 3465 Τὸ
2915 3412 3024 3483 γάρ
3052 3414 3256 3467 οἴεσθαι
3298 3413 3450 3466 τοῦτο
3482 3411 3645 3467 εἶναι
3679 3417 3789 3486 τῆς

484 3504 771 3559 verborum
797 3503 1164 3558 inventionem
1215 3501 1325 3558 Deo
1364 3502 1684 3566 attribuere,
1735 3503 1822 3556 cui
1876 3511 2072 3573 parvus

2175 3502 2454 3566 εὐσεϐείας
2487 3504 2797 3572 κεφάλαιον,
2826 3504 2906 3568 τὸ,
2939 3504 3197 3576 ῥημάτων
3224 3503 3434 3576 εὕρεσιν
3464 3523 3790 3580 προσμαρ·

483 3595 552 3648 ad
571 3593 990 3648 celebrationem
1027 3600 1176 3649 totus
1205 3591 1464 3654 mundus,
1499 3601 1554 3647 et
1585 3607 1708 3663 qua:
1731 3592 1785 3647 in
1813 3593 1931 3662 ipso
1948 3602 2072 3648 sunt

2175 3595 2358 3665 τυρετν
2384 3593 2462 3664 τῷ
2484 3593 2624 3665 Θεῷ,
2649 3587 2694 3663 ᾧ
2719 3595 2914 3665 μικρὸς
2936 3598 3015 3659 είς
3037 3597 3308 3668 εὐφημίαν
3333 3597 3446 3660 ὂλος
3467 3600 3498 3649 ὁ
3527 3600 3784 3669 κόσμος,

485 3687 770 3749 miracula,
832 3685 1109 3755 quomodo
1163 3699 1274 3739 non
1327 3693 1582 3740 extremae
1641 3692 1727 3741 est
1789 3683 2074 3752 fatuitatis,

485 3779 699 3848 magnis
745 3777 968 3832 omissis
1021 3791 1089 3832 ex
1143 3778 1402 3833 humanis
1454 3776 1624 3833 Deum
1686 3777 2080 3849 magnificare?

483 3869 707 3924 .lussum
757 3868 1091 3922 creationem
1149 3867 1450 3938 praecessit,
1504 3867 1710 3921 dictum
1766 3867 1986 3936 quidem
2047 3880 2079 3919 a

487 3963 634 4016 Mose
671 3960 912 4014 humano
943 3973 1116 4026 more,
1157 3957 1269 4014 Deo
1301 3974 1432 4013 vero
1461 3959 1850 4014 convenienter
1887 3966 1944 4013 et
1986 3956 2080 4012 de-

485 4066 612 4106 core
638 4050 859 4104 factum.
891 4049 1090 4104 Eorum
1116 4049 1282 4121 igitur
1315 4063 1438 4118 qua:
1469 4048 1657 4102 divina
1681 4047 1923 4117 potentia
1951 4056 2080 4102 sunt

487 4141 786 4198 constituta
821 4123 1092 4195 'voluntas
1142 4148 1227 4196 est
1272 4139 1554 4203 effectrix;
1601 4139 1742 4192 hanc
1789 4139 2079 4193 verborum

483 4233 790 4287 doctrinam
839 4241 1136 4287 accuratus
1158 4241 1211 4288 et
1240 4229 1473 4302 diligens
1536 4231 1944 4300 Scripturarunt
1987 4245 2082 4285 co-

484 4323 668 4392 gnitor
695 4323 1032 4392 pronuntiat.
1063 4321 1129 4377 Et
1170 4323 1392 4392 perinde
1441 4337 1505 4376 ac
1546 4322 1592 4377 si
1643 4321 1782 4378 Deus
1830 4321 2079 4384 dixisset,

485 4413 606 4468 Fiat
661 4413 909 4479 verbum,
983 4413 1067 4467 vel
1135 4428 1318 4468 sermo
1370 4413 1775 4479 constituatur,
1833 4413 1916 4466 vel
1978 4413 2082 4466 hoc

485 4504 648 4558 talem
673 4503 964 4573 quamdam
1005 4503 1268 4559 sortiatur
1298 4503 1737 4573 appellationem,
1768 4503 1848 4558 sic
1883 4503 1950 4558 ad
1984 4520 2082 4574 pa-

2175 3686 2270 3739 καὶ
2326 3683 2397 3738 τὰ
2444 3686 2503 3738 ὲν
2561 3687 2711 3757 αὐτῷ
2752 3687 3030 3757 θαύματα,
3081 3688 3198 3752 πῶς
3242 3690 3302 3742 ού
3345 3689 3440 3758 τῆς
3514 3691 3786 3763 ἐσχάτης

2176 3775 2398 3846 εὐηθίας
2431 3777 2576 3841 ἐστὶ,
2608 3777 2715 3830 τῶν
2742 3779 2994 3848 μεγάλων
3025 3779 3293 3850 ἀφέμενον
3321 3781 3383 3833 ἐκ
3403 3780 3518 3850 τῶν
3540 3782 3653 3834 ἀνθ
3664 3801 3783 3852 ρωο

2179 3868 2348 3922 πίνων
2380 3867 2666 3937 σεμνύνειν
2698 3869 2758 3921 τὺ
2796 3869 2981 3934 Θεῖον;
3031 3869 3365 3942 Πρόσταγμα
3394 3871 3494 3942 τῆς
3525 3874 3782 3937 κτίσεως

2179 3959 2548 4031 καθηγήσατο,
2573 3959 2735 4031 ῥηθὲν
2759 3960 2856 4031 μὲν
2880 3960 3031 4032 παρά
3052 3961 3146 4014 τοῦ
3172 3963 3443 4031 Μωῦσέως
3476 3963 3578 4015 ἀνθ
3587 3981 3783 4034 ρωπι-

2180 4052 2312 4119 κῶς,
2355 4051 2676 4122 θεοπρεπῶς
2703 4052 2759 4104 δὲ
2798 4053 3108 4122 γενόμενον.
3151 4052 3223 4105 Τὸ
3259 4054 3432 4105 τοίνυν
3467 4055 3784 4120 ποιητικὸν

2180 4069 2312 4119 κως,
2355 4068 2490 4104 osor:
2530 4069 2676 4116 επως
2703 4068 2759 4104 οε
2798 4068 3108 4122 γενομενον.
3152 4068 3223 4105 ἰο
3259 4068 3432 4105 τοινυν
3467 4068 3783 4120 ποιητικον

2179 4143 2287 4196 τῶν
2317 4143 2436 4214 θείᾳ
2476 4068 2704 4212 δςινάμει
2749 4143 3156 4213 συνεστηκότων
3185 4143 3423 4214 θέλημα·
3456 4143 3634 4198 τοῦτο
3678 4149 3783 4218 ρηο

2185 4233 2368 4304 μάτων
2396 4232 2743 4287 διδασκαλίαν
2774 4234 2802 4285 ὁ
2829 4233 3062 4305 άκριῦὴς
3093 4234 3352 4304 ὲπιῖστωρ
3380 4233 3486 4285 τῶν
3521 4235 3784 4306 Γραςρῶν

2181 4324 2561 4394 ἀποφαίνεται.
2603 4325 2710 4376 Καὶ
2757 4323 2943 4395 ὥσπερ
2977 4323 3221 4387 εἰπόντος
3247 4323 3342 4376 τοῦ
3379 4323 3540 4392 Θεοῦ,
3587 4325 3783 4400 Γενη-

2183 4413 2329 4486 θήτω
2371 4413 2553 4485 ῥῆμα,
2589 4413 2622 4485 ἢ
2666 4414 2915 4483 συστήτω
2957 4413 3146 4482 λόγος,
3195 4415 3228 4485 ἢ
3263 4414 3375 4467 τόδε
3410 4417 3630 4469 τοιάνδε
3677 4419 3783 4473 λα-

2182 4504 2323 4575 χέτω
2357 4502 2455 4573 τὴν
2479 4501 2691 4572 κλῆσιν,
2733 4501 2906 4565 οὕτως
2931 4504 3009 4565 εἰς
3045 4504 3367 4576 συνηγορίαν
3391 4505 3783 4575 προϐάλλεται

485 4596 776 4651 trocinium
796 4609 1016 4650 suarum
1041 4608 1308 4664 nugarum
1336 4594 1588 4664 proponit
1613 4594 1909 4650 motionem
1927 4595 2072 4649 illam

2177 4593 2284 4647 τῶν
2310 4592 2455 4647 ἰδίων
2479 4592 2660 4664 λήρων
2685 4592 2781 4665 τὴν
2806 4595 3174 4669 ὐποστατικὴν
3201 4598 3298 4668 τῆς
3330 4597 3559 4660 κτίσεως
3585 4601 3657 4654 ἐν
3701 4603 3785 4675 τῷ

484 4703 606 4758 quae
645 4695 730 4744 est
777 4688 831 4741 in
887 4687 1073 4741 divina
1128 4685 1406 4740 voluntate
1466 4700 1650 4740 rerum
1691 4686 2070 4750 conditricem,

484 4795 596 4850 prae
641 4779 809 4833 multa
839 4779 1137 4833 attentione
1173 4775 1584 4846 Scripturarum
1631 4786 1682 4831 et
1713 4778 2068 4845 experientia.

489 4885 664 4940 neque
707 4869 812 4924 hoc
871 4869 1072 4934 sciens,
1131 4869 1275 4939 quod
1324 4868 1634 4922 intellectus
1666 4868 1919 4936 impulsio
1967 4884 2071 4921 vox

485 4976 686 5034 saepea
732 4961 1014 5032 Scriptura
1065 4965 1256 5016 sancta
1295 4960 1627 5016 nominetur.
1675 4957 1850 5028 Atque
1908 4957 2071 5027 hujus

485 5053 644 5108 testis
675 5051 852 5106 Moses
888 5051 1025 5121 ipse,
1062 5064 1223 5118 quem
1267 5048 1468 5118 passim
1517 5047 1847 5116 detorquens
1876 5047 1929 5101 in
1970 5047 2069 5102 hac

487 5150 640 5210 parte
667 5142 955 5213 ignoravit.
991 5141 1128 5208 Quis
1169 5141 1312 5196 enim
1349 5141 1433 5196 vel
1458 5141 1726 5194 tantillum
1763 5140 1815 5194 in
1858 5141 1978 5210 ejus
2007 5142 2072 5194 lio

489 5239 709 5287 brorum
765 5234 1000 5288 lectione
1052 5239 1304 5288 versatus
1359 5233 1594 5302 ignorat,
1644 5231 1789 5301 quod
1840 5233 2073 5302 papulus

488 5324 837 5391 lsraeliticus,
873 5325 966 5395 qui
1015 5339 1188 5394 nuper
1228 5339 1295 5379 ex
1344 5322 1580 5394 Egypto
1619 5323 1852 5394 fugerat,
1901 5321 2070 5393 Εὖγε

487 5415 726 5482 ptiorum
757 5417 1040 5471 incursum
1082 5414 1367 5480 confertim
1400 5415 1455 5469 in
1485 5415 1701 5470 deserto
1730 5415 2074 5470 vehementer

486 5505 777 5558 extimuit?
801 5505 937 5560 Cum
963 5517 1142 5560 autem
1171 5505 1410 5576 undique
1438 5505 1624 5575 gravia
1655 5505 1789 5575 ipsis
1833 5506 2071 5576 pericula

486 5594 878 5667 objicerentur,
925 5597 1078 5652 illinc
1126 5598 1264 5653 mari
1312 5597 1605 5652 transitum
1659 5595 1986 5660 obvallante,
2025 5589 2071 5649 ὀ

488 5692 642 5751 tergo
686 5684 938 5740 hostibus
989 5686 1171 5756 fugam
1231 5687 1695 5758 impedientibus,
1747 5688 2066 5758 prophetam

2179 4683 2309 4755 θείῳ
2339 4683 2602 4755 θελήματι
2648 4685 2881 4756 κίνησιν,
2939 4688 3043 4741 ὑπὸ
3073 4689 3270 4760 πολλῆς
3322 4691 3604 4761 προσοχῆς
3665 4697 3787 4748 τῶν

2178 4774 2412 4846 Γραφῶν
2458 4775 2551 4827 καὶ
2604 4776 2897 4848 ἐμπειρίας
2943 4779 3064 4832 οὐδὲ
3110 4779 3268 4833 τοῦτο
3309 4779 3479 4844 εἰδὼς.
3522 4784 3616 4836 ὃτι
3679 4788 3786 4839 καὶ

2177 4868 2321 4938 ὁρμὴ
2375 4867 2612 4932 διανοίας
2668 4869 2819 4941 φωνὴ
2870 4871 3132 4936 πολλάκις
3182 4873 3334 4944 παρὰ
3379 4873 3472 4943 τῆς
3535 4876 3787 4947 Γμφῆς

2177 4958 2518 5029 ὀνομάζεται.
2571 4960 2678 5012 Καὶ
2715 4960 2904 5014 τούτου
2949 4964 3161 5034 μάρτυς
3194 4964 3429 5036 Μωῦσῆς
3471 4967 3681 5034 αὐτὸς,
3718 4969 3782 5021 ὃν

2175 5050 2416 5120 πολλαχῆ
2451 5050 2760 5123 περισύρων
2805 5052 2946 5105 κατὰ.
2990 5054 3146 5107 τοῦτο
3182 5055 3242 5107 τὸ
3288 5055 3448 5127 μέρος
3497 5058 3777 5129 ἠγνόησε.

2174 5142 2270 5205 Τίς
2301 5141 2409 5212 γάρ
2432 5143 2533 5195 ούκ
2573 5136 2680 5195 οἶδε
2701 5143 2810 5196 τῶν
2837 5145 3082 5199 ὁπωσοῦν
3108 5147 3558 5218 καθομιληκότων
3589 5155 3657 5222 τῇ
3692 5152 3782 5222 βί-

2177 5233 2307 5303 ϐλῳ,
2333 5234 2414 5287 ὃτι
2443 5235 2863 5306 κατεπλάγησαν
2896 5237 2994 5307 μὲν
3025 5237 3235 5308 ἀθρόως
3258 5240 3316 5292 ὲν
3343 5242 3408 5311 τῇ
3431 5240 3628 5311 ἐρήμῳ
3657 5243 3781 5294 τῶν

2177 5324 2488 5392 Αἰγυπτίων
2519 5325 2616 5396 τὴν
2650 5326 2834 5395 ἔφοδον
2865 5329 2894 5381 ὁ
2947 5329 3285 5402 Ἰσραηλίτης
3317 5330 3471 5398 λαὸς,
3503 5332 3633 5403 ἄρτι
3667 5334 3778 5404 τὴν

2178 5415 2452 5482 Αἴγυπτον
2486 5417 2854 5487 ἁποδράντες;
2901 5420 3242 5490 Πανταχόθεν
3283 5421 3340 5474 δὲ
3381 5426 3783 5493 προσφερομέ-

2178 5525 2283 5562 νων
2316 5507 2501 5570 αύτοῖς
2530 5509 2640 5562 τῶν
2691 5511 2913 5575 δεινῶν,
2947 5511 3154 5565 ἐκεῖθεν
3197 5515 3296 5583 τῆς
3321 5513 3598 5584 θαλάσσης
3621 5516 3777 5567 am-

2178 5595 2520 5669 τειχιζούσης
2541 5598 2638 5670 τὴν
2668 5601 2920 5672 πάροδον,
2956 5603 3187 5657 κατόπιν
3224 5605 3334 5658 τῶν
3366 5605 3639 5674 πολεμίων
3664 5607 3777 5674 τὴν

2181 5689 2358 5763 φυγὴν
2385 5691 2721 5760 κωλυόντων,
2751 5694 3042 5760 συστάντες
3071 5695 3204 5767 πρὲς
3229 5696 3318 5752 τὸν
3349 5700 3628 5769 προφήτην
3661 5699 3774 5768 τῆς
