4010 6212
253 235 385 286 root
1283 232 1566 290 CONTRA
1605 235 2016 320 summust,
2057 240 2187 296 LIB.
2230 239 2379 321 χιι..
2444 283 2448 287 .
3364 234 3502 292 tooe

240 348 556 422 ἀμηχανίας
602 348 803 419 ταύτης
834 350 1035 403 ἐκεῖνον
1069 352 1387 422 ἐπῃτιῶντο.
1421 353 1526 406 Τοῦ
1553 354 1608 406 δὲ
1638 372 1816 423 παρα-

1943 357 2338 411 :ircnmstautes
2372 360 2591 424 propter
2621 353 2764 408 illam
2805 351 3174 409 diﬂicultatem
3206 360 3259 407 et
3284 355 3503 409 consilii

244 440 588 513 μυθουμένου
611 440 734 503 τοὺς
762 440 1166 511 κατεπτηχότας
1191 439 1268 513 τῷ
1288 442 1455 513 φόϐῳ,
1475 444 1569 497 καὶ
1596 446 1674 507 εἰς
1691 461 1821 515 προ-

1948 446 2185 515 nopiam,
2242 444 2395 497 illum
2434 442 2779 498 incusabant.
2821 442 2941 513 ipse
2973 456 3101 496 vero
3130 456 3255 496 cum
3300 443 3506 495 attoni-

243 533 447 604 θυμίαν
480 530 1020 603 παραθρασὼοντος,
1056 532 1263 601 γίνεται
1300 533 1481 587 θεόθεν
1514 537 1664 605 φωνὴ
1708 535 1821 589 ὀνο-

249 625 416 693 μαστϊ
442 623 534 676 τὸν
565 624 851 695 προφήτην
883 625 1355 695 προσκαλουμένη⁸
1398 625 1459 678 Τί
1490 624 1643 693 ,ϐοᾷς
1676 626 1824 694 πρὸς

242 717 361 787 gulf;
387 712 579 770 Καίτοι
609 732 672 782 γε
715 703 952 787 πρὸτῶν
983 715 1288 786 εἰρημένων
1321 716 1573 787 οὐδεμιᾶς
1610 718 1639 769 6
1667 717 1825 785 λόγος

250 808 620 877 ὲπιμέμνηι-ιι
650 806 926 869 Μωῦσέως
959 807 1163 876 φωνῆς,
1196 806 1309 860 ἀλλ’
1338 809 1370 877 ἡ
1402 807 1535 877 πρὸς
1575 807 1666 861 τὸν
1692 808 1824 861 Θεὸν

247 897 345 952 τοῦ
396 896 677 971 προσήτου
714 896 941 960 διάνοια,
973 900 1120 967 φωνή
1154 915 1237 961 τις
1278 898 1565 969 ὠνομάσθη
1596 898 1735 952 κατὰ
1765 900 1826 953 τὸ

252 990 606 1060 σιωπώμενον
646 991 703 1042 ἐν
759 988 837 1058 τῷ
882 988 1111 1059 κρυπτῷ
1160 992 1258 1059 τῆς
1304 988 1528 1060 καρδίας
1596 991 1826 1061 νοήματι

252 1078 525 1151 βοωμένη.
568 1079 632 1132 Εἰ
678 1078 742 1148 δὴ
772 1078 1011 1148 Μωῦσῆς
1042 1078 1143 1150 βοᾷ
1188 1078 1262 1150 μὴ
1310 1080 1675 1149 φθεγγόμενος
1723 1079 1827 1133 ὑπὸ

256 1168 495 1241 μάρτυρι
524 1167 599 1237 τῷ
632 1166 738 1235 τῶν
782 1166 1061 1234 ἀλαλήτων
1104 1165 1420 1236 στεναγμῶν
1467 1166 1740 1227 ὲπαῒοντι,
1773 1165 1826 1217 τί

252 1259 470 1323 καινὸν,
521 1261 569 1312 εἰ
611 1259 705 1312 καὶ
739 1258 801 1311 τὸ
826 1259 977 1312 Θείον
1004 1257 1249 1328 βούλημα
1275 1255 1436 1326 γνοὺς
1472 1257 1501 1308 ὁ
1546 1257 1827 1329 προφήτης

253 1352 332 1414 ei»;
360 1348 581 1404 δυνατὸν
622 1344 689 1420 ἦν
726 1349 897 1401 εἰπεῖν
920 1365 977 1402 τε
1010 1348 1156 1419 αὐτῷ
1195 1348 1286 1401 καὶ
1307 1349 1437 1419 ἡμῖν
1459 1346 1709 1411 ἀκοῦσαι,
1740 1347 1829 1402 διὰ

254 1440 366 1493 τῶν
407 1439 699 1510 γνωρίμων
737 1440 868 1509 ἡμῖν
896 1439 989 1492 καὶ
1018 1438 1264 1509 συνήθων
1296 1436 1605 1508 ὲςρανέρωσε
1631 1437 1824 1505 λόγων,

253 1533 504 1601 διάλογον
530 1530 663 1584 Θεοῦ
688 1531 1039 1602 σωματικώτε
1049 1547 1140 1601 ρον
1164 1528 1497 1602 διαγράφων,
1522 1529 1581 1581 οὐ
1618 1529 1828 1600 ῥήμασι

255 1600 546 1693 γινόμενον
568 1660 584 1686 ,
624 1600 885 1676 ἁλλὰήδιᾶ
913 1621 1022 1674 τῶν
1053 1600 1236 1692 ἔργων
1274 1619 1453 1673 αὐτῶν
1471 1600 1829 1690 ῖκφωνούμε-

258 1728 381 1780 ’.ους
427 1713 531 1769 Ἔν
548 1712 704 1785 ἀρχῇ
724 1713 973 1781 ἐποίησε
990 1754 1004 1779 ,
1041 1714 1223 1785 φησιν,
1256 1715 1289 1765 ό
1319 1711 1463 1777 Θεὸς
1487 1712 1548 1764 οὐ
1570 1711 1630 1765 τὸ
1655 1711 1825 1782 δνομα

256 1802 356 1857 τοῦ
406 1805 633 1877 οὐρανοῦ
673 1808 765 1861 καὶ
801 1807 898 1877 τῆς
928 1808 1052 1875 γῆς,
1092 1805 1223 1860 ἀλλὰ
1301 1807 1408 1857 τὸν
1446 1805 1703 1872 οἰφανὸν
1728 1803 1826 1856 καὶ

259 1894 379 1961 τὴν
400 1894 533 1965 γῆν.
560 1899 662 1950 Ka‘
687 1893 1157 1967 ἑῖπε,Γενηθὴτω
1184 1891 1329 1969 φῶς,
1352 1895 1470 1965 οὐχὶ
1493 1894 1830 1965 προσηγορία

261 1985 472 2054 φωτός.
517 1987 625 2041 Kal
672 1984 951 2054 διακρίνας
1004 1984 1063 2039 τὸ
1118 1985 1233 2053 φῶς
1276 1986 1384 2039 ἀπὸ
1439 1986 1532 2039 τοῦ
1586 1987 1828 2059 σκότους,

257 2076 551 2139 ἐκάλεσε,
586 2078 769 2146 φησιν,
813 2080 845 2131 ό
875 2078 1018 2144 Θεὸς
1053 2076 1119 2131 τὸ
1156 2075 1279 2147 φῶς
1314 2076 1571 2146 ἡμέραν,
1624 2078 1717 2130 κ(ιί
1766 2077 1833 2130 τὸ

258 2168 486 2233 σκότος
515 2168 770 2223 ἐκάλεσε
793 2171 1003 2225 νύκτα.

335 2258 557 2321 Τούτοις
591 2260 733 2324 είκός
762 2261 876 2313 ἐστι
918 2262 1032 2323 τοὺς
1087 2260 1526 2330 ἐναντιουμένους
1560 2261 1688 2331 ἡμῖν
1716 2261 1836 2311 ἐπι⁴

264 2350 640 2421 στηρίζεσθαι.
672 2352 1014 2423 Συστῆσομαι
1040 2351 1149 2421 γὰρ
1187 2352 1327 2423 ὑπὲρ
1357 2352 1534 2405 αὐτῶν
1558 2350 1636 2421 τῷ
1658 2350 1833 2419 λόγῳ,

260 2444 364 2496 καὶ
392 2442 463 2496 τὰ
505 2442 807 2513 παρεθέντα
838 2444 965 2515 παρ’
998 2443 1220 2496 ἐκείνων
1248 2442 1562 2497 ’ἁνθυποίσω
1601 2445 1668 2513 τῇ
1704 2442 1836 2495 ἁκο-

258 2532 453 2604 λουθία
497 2534 592 2605 τῆς
625 2535 948 2601 ἐξετάσεως,
984 2533 1058 2598 ὼς
1101 2534 1166 2588 ἂν
1204 2534 1546 2607 ἰσχυρότερον
1586 2534 1716 2605 ἡμῖν
1747 2534 1838 2604 βε-

259 2623 523 2695 σαιωθείη
549 2625 609 2677 τὸ
627 2624 821 2696 δόγμα,
851 2625 1119 2695 μηδεμιᾶς
1141 2625 1461 2689 ἀντιθέσεως
1482 2623 1837 2689 ἁνεξετάστου
1878 2663 1886 2672 .

260 2714 749 2786 παραλειφθείσης.
793 2716 1075 2770 Ἐκάλεσε
1096 2756 1109 2780 ,
1141 2715 1326 2786 φησιν,
1365 2718 1397 2769 ό
1438 2715 1581 2780 Θεὸς
1610 2716 1841 2789 τὸὶστε-

252 2805 461 2875 ρέωμα
482 2807 758 2875 οὐρανὸν,
790 2807 885 2859 καί
917 2807 1030 2875 τὴν
1050 2806 1241 2875 ξηρὰν
1265 2805 1522 2861 ἐκάλεσε
1549 2805 1665 2876 γῆν
1686 2824 1700 2839 ’
1736 2808 1836 2860 καὶ

260 2895 336 2950 τὸ
381 2898 509 2966 φῶς
548 2900 794 2967 ἡμέραν,
839 2898 936 2954 καὶ
986 2899 1051 2953 τὸ
1069 2901 1289 2967 σκότος
1331 2900 1586 2955 ἐκάλεσε
1630 2903 1840 2956 νύκτα.

1925 544 2011 591 tos
2049 544 2102 591 et
2140 543 2285 589 metu
2318 533 2602 604 perculsos
2629 534 3031 598 consolaretur,
3066 540 3120 588 et
3155 532 3222 587 ad
3249 533 3509 587 alacrita-

1926 635 2034 680 tem
2069 625 2232 679 animi
2262 632 2314 679 et
2348 622 2601 679 fiduciam
2633 625 3035 689 exhortaretur,
3073 639 3104 679 a
3138 624 3249 678 Deo
3301 622 3359 676 ﬁt
3402 636 3504 676 vox

1928 716 2250 771 nominatim
2300 716 2617 787 prophetam
2664 716 2983 786 appellans:
3022 712 3162 781 Quid
3206 715 3406 767 clamas
3438 710 3507 764 ad

1927 826 2006 862 me
2030 808 2071 839 ”
2091 810 2112 861 ?
2134 809 2297 879 Atqui
2329 817 2487 862 antea
2518 808 2721 862 nullius
2744 806 2893 860 vocis
2918 820 3079 875 quam
3118 804 3296 859 Moses
3324 814 3511 873 protu-

1929 900 2102 963 lisset,
2136 898 2432 970 Scriptura:
2466 914 2647 955 sermo
2676 898 3009 952 mentionem
3060 896 3188 950 fecit
3216 914 3230 949 :
3288 896 3383 949 sed
3418 910 3511 949 co-

1927 991 2115 1060 gitatio
2180 1004 2342 1060 quam
2406 989 2666 1060 propheta
2717 988 2781 1041 ad
2845 985 3014 1042 Deum
3070 995 3346 1051 erexerat,
3407 1002 3509 1040 vox

1927 1079 2173 1151 qumdam
2208 1081 2484 1135 nominata
2515 1089 2620 1144 est,
2647 1094 2742 1148 per
2775 1077 3046 1132 silentium
3085 1077 3139 1131 in
3192 1076 3513 1132 abscondito

1932 1169 2113 1226 cordis
2146 1186 2319 1226 sensu
2338 1172 2601 1225 clamans.
2645 1171 2798 1236 Quod
2847 1171 2893 1226 si
2928 1169 3105 1226 Moses
3149 1172 3351 1223 clamat
3402 1186 3511 1223 ιιι-ιι

1929 1261 2177 1329 loquens,
2203 1276 2268 1316 eo
2300 1268 2434 1315 teste
2463 1260 2554 1330 qui
2590 1261 2825 1330 gemitus
2847 1261 2994 1314 audit
3014 1259 3408 1314 inenarrabiles
3430 1259 3473 1291 ’⁸⁸⁵
3497 1279 3510 1324 ;

1934 1349 2066 1421 quid
2099 1352 2247 1414 novi,
2288 1353 2333 1407 si
2376 1351 2538 1406 etiam
2565 1351 2825 1421 propheta
2869 1367 2992 1406 cum
3028 1351 3268 1407 divinam
3311 1353 3506 1407 volun-

1929 1450 2095 1497 tatem
2139 1443 2405 1508 novisset,
2446 1452 2711 1514 quantum
2743 1442 2822 1499 fas
2848 1444 2897 1499 ei
2936 1443 3036 1498 fuit
3074 1452 3128 1499 et
3150 1437 3197 1499 ei
3231 1445 3414 1498 dicere
3458 1453 3516 1497 rt

1928 1534 2088 1588 nobis
2121 1535 2329 1600 audire,
2372 1535 2721 1591 sermonibus
2756 1535 2914 1589 nobis
2964 1535 3109 1590 nolis
3136 1543 3191 1590 et
3235 1543 3465 1590 consuet
3492 1550 3518 1589 ε

1934 1624 2207 1694 patefecit,
2242 1626 2513 1698 dialogum
2535 1627 2628 1681 Dei
2663 1627 3003 1697 corporalius
3029 1606 3373 1692 describens:
3406 1644 3512 1680 non

1930 1718 2108 1771 verbis
2139 1716 2361 1781 factum,
2404 1717 2498 1771 sed
2540 1733 2822 1787 perapera
2868 1718 2981 1788 ipsa
3025 1719 3422 1773 enuntiatum?
3454 1717 3516 1771 In

1929 1807 2208 1876 principio,
2239 1808 2413 1877 inquit
2445 1808 2512 1874 ⁸⁷,
2545 1807 2667 1874 fecit
2703 1806 2862 1867 Deus.
2897 1822 3004 1861 non
3045 1823 3246 1863 nomen
3290 1808 3414 1863 cadi
3466 1819 3521 1860 ct

1933 1907 2109 1961 term,
2134 1898 2229 1953 sed
2250 1898 2431 1951 cazlum
2462 1907 2753 1959 etterram.
2806 1895 2871 1949 Et
2904 1896 3076 1950 dixit:
3105 1895 3231 1950 Fiat
3267 1899 3378 1961 lux,
3410 1913 3519 1951 non

1933 1990 2223 2062 appellatio
2256 1990 2415 2044 lucis.
2484 1988 2575 2057 Et,
2618 1989 2936 2045 discernens
2974 1990 3147 2044 lucem
3179 2005 3209 2044 a
3259 1991 3520 2053 tenebris,

1934 2085 2153 2147 vocavit,
2193 2082 2389 2153 inquit,
2434 2081 2572 2137 Dens
2619 2082 2787 2137 lucem
2832 2081 2989 2149 diem,
3039 2093 3088 2137 et
3143 2082 3379 2137 tenebras
3420 2100 3517 2137 no-

1935 2183 2084 2226 rtem.

2008 2261 2105 2318 llis
2143 2263 2439 2319 verisimile
2494 2271 2577 2319 est
2636 2263 2981 2322 adversarios
3047 2275 3269 2321 nostros
3341 2266 3513 2319 inniti.

1940 2356 2229 2411 Assentiar
2254 2356 2399 2412 enim
2429 2370 2529 2427 pro
2561 2356 2694 2425 ipsis
2728 2359 2992 2425 sermoni,
3032 2367 3085 2413 et
3117 2359 3185 2413 ab
3214 2360 3323 2414 illis
3350 2359 3524 2429 posita

1942 2452 2231 2517 postquam
2270 2449 2576 2503 examinata
2618 2448 2841 2514 fuerint,
2871 2448 3234 2513 subinleram,
3279 2456 3336 2502 ut
3388 2449 3525 2501 vali-

1941 2534 2066 2594 dius
2116 2539 2273 2594 nobis
2308 2540 2689 2595 conﬁrmatum
2747 2541 2819 2596 sit
2854 2541 3088 2612 dogma,
3152 2541 3297 2594 nulla
3353 2555 3527 2611 oppo-

1944 2630 2141 2685 sitione
2171 2630 2479 2687 indiscussa
2509 2632 2721 2688 relicta.
2759 2631 2994 2697 Vocavit,
3020 2633 3213 2702 inquit.
3249 2631 3387 2685 Deus
3427 2632 3525 2698 ﬁr-

1944 2727 2264 2772 mamentum
2323 2719 2531 2784 malum,
2576 2730 2626 2775 et
2670 2720 2883 2775 aridam
2937 2722 3136 2776 vocavit
3201 2731 3419 2783 terram,
3471 2730 3519 2775 et

1946 2811 2112 2864 lucem
2139 2810 2298 2877 diem,
2345 2820 2394 2866 et
2439 2812 2674 2867 tenebras
2733 2814 2935 2867 vacavit
2979 2822 3203 2867 noctem.
3239 2810 3525 2878 Quomodo

1949 2902 2134 2970 igitur,
2161 2901 2365 2967 dicent,
2398 2901 2681 2972 Scriptura
2708 2905 3001 2960 conﬁtente
3033 2919 3064 2958 a
3104 2903 3214 2958 Deo
3247 2903 3332 2959 his
3363 2904 3525 2958 rebus

261 2988 394 3051 Πῶς
430 2983 523 3041 οὖν
549 2988 756 3057 ἐροῦσι,
785 2987 885 3058 τῆς
921 2989 1139 3061 Γραφῆς
1175 2989 1542 3062 ὁμολογούσης
1576 2992 1724 3063 παρὰ
1748 2990 1839 3045 τοῦ

1949 2992 2147 3048 inditas
2180 3009 2303 3049 esse
2331 2994 2721 3064 appellationes
2741 3035 2756 3059 ,
2812 3011 2907 3051 vos
2935 2996 3185 3050 humana:
3244 3010 3525 3050 commen-

257 3078 406 3133 Θεοῦ
442 3079 714 3134 τεθεῖσθαι
762 3079 970 3144 τούτοις
1003 3079 1100 3144 τὰς
1132 3080 1351 3152 κλήσεις
1380 3078 1589 3151 ,ὑμεῖς
1628 3082 1838 3153 ἀνθρω-

236 3173 432 3245 .πίνης
460 3172 695 3235 ἐπινοίας
727 3168 861 3224 εἶναί
899 3189 1034 3242 φατε
1067 3173 1134 3225 τι
1167 3172 1440 3243 όνόματα;
1479 3173 1544 3225 Τί
1583 3168 1675 3227 οὗν
1707 3175 1842 3246 πρὸς

259 3262 442 3317 ταῦτα
468 3265 661 3334 ἡμείς;
696 3262 861 3316 Πάλιν
906 3246 999 3315 ὲπλ
1034 3262 1123 3315 τὸν
1168 3261 1382 3333 ἰδιώτην
1426 3264 1842 3337 καταφεύγομεν

259 3354 449 3422 λόγον,
492 3353 583 3407 καί
626 3370 803 3423 φαμεν
836 3353 918 3406 ὅτι
942 3353 972 3406 6
998 3355 1178 3408 πᾶσαν
1208 3354 1305 3426 τὴν
1341 3354 1519 3407 κτίσιν
1556 3357 1619 3408 ὲκ
1644 3353 1737 3407 τοῦ
1768 3354 1842 3425 μὴ

260 3445 424 3509 ὄντος
455 3438 680 3514 ἀγαγὼν
712 3447 790 3510 είς
819 3445 1023 3512 οὐσίαν,
1068 3445 1407 3518 πραγμάτων
1445 3444 1563 3499 ἐστὶ
1590 3446 1846 3517 δημιουρο

260 3540 388 3608 γδς,
424 3539 481 3590 ἐν
513 3538 803 3592 ὑποστάσει
833 3539 1235 3611 θεωρουμένων,
1270 3539 1370 3593 οὐκ
1400 3538 1679 3610 ὀνομάτων
1712 3540 1841 3592 ἀνυ-

262 3629 580 3692 ποστὰτων,
613 3631 669 3683 ὲν
695 3630 877 3701 φωνῆς
898 3630 1014 3701 ἤχῳ
1035 3631 1127 3683 καὶ
1150 3629 1307 3700 ψόφῳ
1329 3627 1570 3698 γλώττης
1595 3643 1845 3680 συνιστα-

267 3723 455 3794 μένων
477 3737 492 3751 ·
519 3722 589 3776 τα
604 3722 659 3775 δὲ
681 3721 980 3794 πράγματα
1002 3720 1142 3775 κατὰ
1158 3721 1256 3791 τὴν
1275 3719 1597 3791 ὲγκειμένην
1629 3717 1845 3786 ἑκάστῳ

264 3814 437 3883 φύσιν
459 3814 553 3867 καὶ
586 3813 813 3880 δύναμιν
840 3813 928 3868 δια
965 3829 1111 3876 τινος
1152 3811 1492 3882 σημαντικῆς
1522 3809 1703 3879 φωνῆς
1731 3807 1847 3861 ὀνο-

266 3906 530 3979 μάζεται,
567 3903 709 3959 κατὰ
734 3906 833 3976 τὴν
864 3904 1327 3976 ἐπιχωριάζουσαν
1361 3903 1419 3955 ὲν
1458 3901 1670 3967 ἑκάστῳ
1703 3897 1846 3952 ἔθνει

266 3996 567 4069 συνήθειαν
600 3998 698 4068 τῆς
731 3997 1097 4070 προσηγορίας
1118 3999 1229 4060 τοῖς
1259 3993 1641 4064 ὑποκειμένοις
1673 3993 1847 4061 ἁρμο-

265 4090 530 4162 ζομένης.
584 4090 721 4143 Ἀλλ’
752 4090 936 4160 ἐπειδὴ
975 4090 1043 4144 τὰ
1086 4087 1264 4142 ’πολλὰ
1311 4085 1420 4140 τῶν
1459 4089 1516 4139 ὲν
1554 4087 1621 4157 τῇ
1672 4083 1848 4137 κτίσει

267 4181 687 4253 θεωρουμένων,
719 4182 816 4252 οὐχ
847 4181 1019 4252 ἁπλῆν
1046 4179 1157 4250 ἔχει
1194 4179 1294 4250 τὴν
1329 4177 1512 4248 φύσιν,
1535 4175 1611 4240 ὡς
1642 4176 1849 4247 ῥήματι

266 4273 520 4337 δυνατῶς
549 4273 690 4343 ἔχειν
718 4271 1189 4343 ἐμπεριληφθῆναι
1221 4271 1283 4323 τὸ
1321 4268 1699 4339 ὑποκείμενον,
1727 4260 1848 4320 οἷον

1950 3082 2173 3138 talionis
2205 3099 2328 3140 esse
2371 3083 2552 3140 dicitis
2583 3085 2848 3140 nomina?
2898 3084 3039 3152 Quid
3095 3085 3258 3157 igitur
3297 3101 3398 3140 nos
3454 3085 3523 3140 ad

1949 3174 2103 3229 haec?
2135 3174 2349 3232 Rursus
2388 3174 2456 3229 ad
2508 3182 2757 3231 nostrum
2817 3177 3117 3247 simplicem
3176 3176 3524 3249 confugimus

1952 3280 2285 3332 sermonem,
2325 3277 2378 3322 et
2409 3265 2646 3323 dicimus
2677 3267 2825 3338 quod
2855 3268 2902 3323 is
2925 3268 3020 3339 qui
3053 3282 3269 3323 omnem
3310 3277 3528 3323 creatu-

1953 3379 2070 3418 ram
2104 3380 2169 3419 ex
2202 3363 2375 3418 nihilo
2403 3363 2683 3432 produxit,
2713 3379 2897 3419 rerum
2931 3373 3017 3419 est
3074 3364 3254 3435 cpite:
3303 3372 3358 3421 et
3390 3378 3526 3418 eon-

1952 3454 2098 3509 ditor
2128 3470 2250 3525 quae
2290 3455 2347 3509 in
2393 3455 2702 3511 substantia
2730 3464 3051 3520 cernuntur,
3096 3472 3203 3512 non
3245 3457 3525 3511 nominum

1950 3563 2073 3618 quae
2110 3547 2409 3602 subsistere
2450 3559 2759 3617 nequeunt,
2790 3564 3022 3620 quaeque
3052 3550 3104 3604 in
3135 3550 3285 3604 vocis
3314 3564 3449 3603 sono
3476 3555 3532 3604 et

1953 3636 2150 3707 linguae
2181 3634 2408 3705 strepitu
2435 3635 2611 3690 solum
2659 3636 3013 3701 consistunt;
3056 3650 3143 3691 res
3200 3642 3381 3688 autem
3442 3647 3527 3689 se-

1954 3725 2195 3783 cundum
2227 3732 2482 3780 naturam
2516 3732 2572 3781 et
2611 3725 2718 3778 vim
2752 3725 2950 3796 cuique
2995 3724 3222 3779 inditam
3256 3725 3530 3794 signiﬁca-

1953 3818 2063 3872 tiva
2097 3830 2230 3872 voce
2260 3815 2444 3885 aliqua
2498 3814 2872 3880 nominantur,
2927 3814 3227 3872 secundum
3269 3816 3526 3870 usitatam

1957 3909 2012 3964 in
2038 3923 2254 3980 quaque
2281 3914 2440 3979 gente
2463 3906 2914 3963 consuetudinem
2968 3907 3335 3978 appellatione
3389 3907 3528 3962 sub-

1949 4000 2112 4072 jectis
2140 4007 2496 4073 congruente.
2531 3997 2638 4054 Sed
2700 3998 2956 4069 quoniam
3017 3999 3187 4052 multa
3250 4007 3378 4055 sunt
3410 4014 3532 4069 quae

1954 4102 2136 4149 creata
2169 4099 2489 4155 cernuntur,
2516 4105 2638 4161 qua:
2666 4078 2970 4160 simplicem
3004 4106 3111 4145 non
3146 4091 3344 4146 habent
3374 4103 3530 4145 natu-

1956 4186 2096 4246 ram,
2131 4182 2206 4235 ita
2244 4189 2304 4235 ut
2344 4194 2456 4235 uno
2482 4180 2652 4234 verbo
2702 4177 3010 4248 subjectum
3049 4180 3222 4248 possit
3278 4195 3529 4250 compre-

1955 4270 2158 4328 hendi:
2193 4268 2336 4325 velut
2364 4271 2418 4325 in
2458 4270 2602 4341 igne,
2633 4268 2783 4324 aliud
2808 4269 3028 4341 quidem
3061 4280 3147 4326 est
3191 4281 3390 4326 natura
3444 4288 3531 4329 res

267 4367 367 4420 ἐπὶ
396 4366 494 4420 τοῦ
530 4366 699 4437 πυρὸς
726 4364 853 4420 ἄλλο
878 4365 975 4437 μὲν
1003 4364 1119 4418 ἔστι
1146 4367 1211 4435 τῇ
1232 4362 1389 4433 φύσει
1410 4361 1469 4416 τὸ
1488 4359 1839 4430 ὑποκείμενον

1952 4363 2220 4433 subjecta,
2251 4360 2399 4415 aliud
2436 4377 2567 4417 vero
2597 4377 2799 4418 nomen
2826 4361 2905 4417 rei
2938 4360 3395 4433 signiticativum:
3426 4364 3531 4418 hoc

269 4452 549 4529 πρᾶγμα,
593 4458 779 4528 ἕτερον
810 4458 866 4511 δὲ
916 4457 978 4511 τὺ
1026 4455 1354 4528 σημαντικὸν
1396 4454 1487 4508 τοῦ
1522 4454 1845 4524 πράγματος

266 4549 475 4619 δνομα·
502 4548 564 4601 τὸ
587 4548 685 4618 μὲν
710 4550 818 4621 γάρ
838 4538 981 4603 ἐστίν
1005 4547 1392 4619 ὲκλαμπτικδν,
1418 4548 1507 4601 καὶ
1536 4544 1843 4611 καυστικὸν,

270 4640 444 4710 ξηρόν
479 4655 541 4692 τε
574 4640 666 4692 καὶ
707 4638 1085 4711 θερμαντικὸν,
1112 4642 1204 4693 καὶ
1234 4638 1562 4693 ἀναλωτικὸν
1590 4637 1689 4707 τῆς
1716 4635 1849 4708 ὕλης

277 4728 345 4804 ἧς
373 4729 444 4783 ἂν
471 4730 859 4801 περιδράξηται
879 4748 893 4763 ο
938 4733 1001 4784 τὸ
1028 4731 1084 4784 δὲ
1116 4731 1284 4802 ὄνομα
1322 4733 1471 4803 φωνή
1502 4747 1585 4793 τις
1621 4728 1848 4799 βραχεῖα

269 4823 362 4875 διὰ
413 4824 545 4892 μιᾶς
590 4822 855 4892 συλλαϐῆς
898 4823 1307 4893 ὲκφωνουμὲνη·
1362 4820 1553 4875 τούτου
1588 4820 1774 4874 ἕνεκεν
1817 4818 1847 4871 6

274 4912 503 4983 διαιρῶν
536 4913 692 4982 λόγος
711 4914 810 4978 τὰς
837 4916 895 4967 ὲν
915 4913 993 4984 τῷ
1025 4913 1156 4985 πυρὶ
1185 4912 1559 4985 θεωρουμένας
1590 4911 1847 4982 δυνάμεις

279 5020 333 5056 τε
375 5004 472 5056 καὶ
507 5004 793 5075 ποιότητας
822 5004 1059 5075 ἑκάστην
1089 5003 1233 5067 ἰδίως
1262 5001 1643 5074 κατονομάζει,
1668 5001 1852 5066 καθὼς

272 5095 586 5164 φθάσαντες
616 5096 842 5167 εἴπομεν
881 5097 974 5151 καί¹
1003 5097 1102 5149 οὐκ
1131 5095 1196 5149 ἄν
1226 5112 1311 5160 τις
1340 5093 1510 5165 ὄνομα
1539 5094 1699 5165 μόνον
1731 5096 1853 5149 ἑπι-

271 5186 577 5259 σισλῆσθαι
625 5188 703 5259 τῷ
767 5189 900 5261 πυρὶ
947 5188 1136 5251 εἴποι,
1190 5188 1319 5241 ὅταν
1367 5203 1453 5250 τις
1500 5185 1533 5256 ἢ
1583 5184 1771 5254 φανόν,
1816 5185 1849 5256 ἤ

271 5277 637 5342 ἀναλωτικὸν,
670 5279 705 5349 ἢ
738 5279 866 5334 ἄλλο
918 5296 971 5332 τι
1000 5278 1110 5331 τῶν
1138 5276 1265 5348 περὶ
1300 5274 1430 5330 αὐτὸ
1461 5275 1850 5346 θεωρουμένων

273 5368 637 5442 armanda-9
657 5387 668 5401 ·
694 5368 802 5423 τῶν
834 5370 943 5441 γὰρ
984 5371 1041 5423 ἐν
1072 5367 1219 5438 αὐτῷ
1254 5366 1496 5438 φυσικῶς
1523 5368 1855 5438 ἐγκειμένων

273 5457 590 5526 δυνάμεων,
620 5461 945 5532 σημαντικαί
968 5463 1104 5515 εἰσιν
1130 5463 1184 5515 αἱ
1209 5459 1452 5515 τοιαῦται
1477 5459 1669 5530 φωναί.
1699 5458 1856 5514 Κατὰ

1946 4454 2092 4511 enim
2134 4460 2218 4508 est
2244 4452 2375 4522 quid
2405 4450 2644 4508 lucidum
2690 4460 2745 4510 et
2786 4454 2930 4524 quod
2953 4454 3145 4509 urendi
3190 4455 3299 4510 vim
3346 4456 3530 4525 habet,

1948 4545 2159 4600 siccum
2182 4549 2237 4598 et
2273 4541 2618 4610 calefaciens,
2646 4554 2700 4600 et
2726 4544 2874 4614 quod
2916 4546 3197 4601 materiam
3239 4561 3401 4617 quam
3439 4562 3531 4616 ap-

1901 4691 1908 4698 ,
1948 4634 2298 4706 prehenderit
2345 4634 2660 4691 consumit:
2713 4650 2911 4691 nomen
2959 4653 3089 4693 vero
3133 4652 3238 4692 vox
3284 4639 3529 4709 quamam

1950 4727 2133 4784 brevis
2172 4734 2278 4791 est,
2326 4742 2448 4798 quae
2508 4742 2616 4782 una
2669 4727 2875 4798 syllaba
2934 4728 3251 4783 enuntiatur
3299 4746 3312 4782 :
3368 4727 3531 4796 lmjus

1952 4833 2120 4875 causa
2154 4833 2336 4875 sermo
2371 4818 2467 4889 qui
2509 4817 2699 4873 dividit
2737 4832 2900 4874 voces
2930 4825 2985 4874 et
3024 4821 3364 4890 mqualitates
3407 4835 3528 4889 qme

1951 4907 2008 4964 in
2043 4909 2164 4980 igne
2191 4916 2512 4973 cernuntur,
2538 4913 2977 4981 unamquamque
2996 4911 3214 4981 proprie
3249 4911 3518 4971 nominat,

1951 4999 2094 5053 sicut
2125 4998 2494 5069 praediximus,
2533 5013 2633 5055 nec
2659 4999 2948 5072 quisquam
2984 5015 3180 5055 nomen
3215 5001 3389 5056 solum
3417 5000 3526 5071 igni

1953 5089 2264 5160 impositum
2296 5105 2421 5146 esse
2446 5088 2663 5157 dixerit,
2693 5106 2816 5145 cum
2851 5090 2977 5161 quis
3022 5091 3105 5146 vel
3152 5089 3412 5157 lucidum,
3443 5093 3526 5147 vel

1957 5181 2448 5251 consumptorium,
2481 5182 2564 5238 vel
2594 5181 2742 5237 aliud
2770 5181 2902 5253 quid
2940 5196 3127 5237 eorum
3155 5197 3276 5253 quas
3318 5181 3373 5237 in
3410 5182 3528 5253 ipso

1954 5283 2290 5346 spectantur,
2330 5276 2728 5330 nominaverit:
2765 5274 3080 5329 facultatum
3112 5276 3253 5329 enim
3301 5291 3423 5345 quae
3472 5277 3526 5331 in

1955 5367 2077 5438 ipso
2132 5367 2454 5422 naturaliter
2518 5368 2707 5422 insunt
2764 5366 3137 5437 signiticativas
3209 5377 3339 5423 sunt
3395 5368 3527 5424 tales

1957 5472 2136 5515 voces.
2173 5456 2372 5514 Eodem
2399 5457 2560 5513 modo
2588 5467 2639 5513 et
2665 5459 2719 5512 in
2748 5458 2911 5525 coelo,
2939 5468 2994 5514 et
3052 5458 3107 5515 in
3166 5459 3527 5527 ﬁrmamento,

359 5635 405 5666 “
438 5631 611 5689 Exod.
647 5649 756 5699 xlv,
790 5633 874 5688 15.
949 5633 994 5665 “
1022 5634 1178 5690 Itoni.
1214 5651 1331 5690 vtu.
1366 5635 1455 5692 2t}.
1534 5635 1581 5667 η
1609 5633 1746 5691 Gen.
1780 5648 1819 5701 ι,
1850 5631 1901 5699 i,
1929 5647 2049 5703 sqq.

618 5725 893 5789 Parnm"
919 5726 1036 5789 Gn.
1074 5726 1262 5789 XLV.

3120 5724 3200 5784 3'2
