4010 6212
475 270 612 325 ιοοδ

1788 278 2111 335 οιιιῖοοῐιιι
2141 280 2431 338 NYSSE-Nl

3572 293 3592 345 1
3603 292 3708 350 004

471 384 844 453 quamvisuna
871 396 1066 442 natura
1093 385 1149 442 in
1178 397 1408 460 utroque
1433 392 1647 446 nomine
1679 396 2036 468 signillcetur,

2146 399 2228 453 τὸν
2257 400 2417 453 αὑτὸν
2450 399 2649 471 τρόπον
2683 400 2775 453 καὶ
2803 400 2895 452 ἐπὶ
2926 398 3017 454 τοῦ
3047 400 3276 471 ούρανοῦ
3306 441 3320 465 ,
3352 404 3444 455 καὶ
3476 405 3567 457 τοῦ
3596 423 3707 461 στι-

471 485 650 533 tamen
678 480 957 549 proprium
1003 480 1257 549 quiddam
1294 497 1482 537 eorum
1512 501 1630 555 qua:
1670 488 1721 541 in
1756 489 1855 544 hac
1892 504 2046 544 crea-

470 583 591 626 tura
629 571 781 634 (lunt,
835 573 1115 627 nominum
1175 572 1479 629 diﬂ‘erentia
1524 579 1797 648 exprimit.
1866 578 2046 646 Quare

472 676 572 718 nos
597 662 663 717 ad
693 664 795 719 hoc
828 664 1121 729 intuentes,
1155 668 1302 721 aliud
1333 669 1460 736 quid
1496 670 1758 727 discimus
1793 672 1917 727 (ια)ιί
1947 687 2041 743 ap-

472 754 782 823 pellatione,
820 756 967 811 aliud
1011 772 1139 812 vero
1194 757 1693 815 ﬁrmamenti.Cum
1732 763 1877 818 enim
1922 782 2040 822 sen-

471 847 650 902 sibilis
704 856 967 903 creatura:
997 851 1286 905 terminum
1337 851 1601 907 describit
1658 868 1858 920 sermo,
1921 866 2044 928 post

471 953 632 1007 quam
665 938 1533 1010 intelligibilisettransmuudana
1561 953 1812 1000 creatura
1845 960 2041 1003 succe-

471 1028 607 1085 dens
668 1031 892 1095 desinit,
941 1035 1347 1103 comparatione
1390 1036 1511 1105 eius
1554 1037 1699 1108 quod
1741 1041 1888 1110 tangi
1933 1057 2043 1096 non

474 1132 649 1191 potest
679 1126 1130 1196 etincorporcum
1152 1137 1236 1182 est
1257 1135 1310 1183 et
1337 1126 1509 1185 forma
1540 1140 1711 1194 caret,
1743 1131 2047 1187 firmamen-

474 1224 586 1268 tum
615 1206 837 1283 dicitur,
899 1218 1224 1287 principium
1247 1229 1302 1273 et
1363 1219 1485 1275 ﬁnis
1515 1221 1695 1278 omnis
1746 1223 2044 1277 materialis

472 1307 809 1362 substantias.
842 1307 977 1363 Cum
1003 1315 1182 1365 autem
1236 1309 1554 1366 inferiorum
1600 1329 1890 1384 corporum
1927 1330 2043 1368 am-

472 1397 638 1452 bitum
666 1399 1025 1467 exquirimus.
1059 1416 1167 1470 quo
1196 1402 1373 1457 omnis
1408 1404 1704 1459 materialis
1733 1408 2046 1461 continetur

472 1497 685 1552 natura,
720 1488 822 1543 huc
851 1492 1047 1543 malum
1075 1492 1411 1562 appellamus
1439 1495 1580 1563 quod
1602 1496 1895 1551 visibilium
1926 1515 2046 1553 om—

473 1581 622 1633 nium
687 1582 953 1637 terminus
980 1581 1232 1638 efficitur.
1276 1583 1477 1639 Eodem
1526 1586 1688 1640 modo
1717 1595 1770 1643 et
1806 1588 1858 1642 in
1900 1598 2042 1643 terra

472 1672 643 1742 arida,
674 1676 930 1745 quoniam
971 1677 1024 1730 in
1059 1677 1171 1731 haec
1195 1678 1305 1731 duo
1330 1678 1592 1733 elementa
1630 1680 1883 1736 deorsum
1915 1698 2041 1737 ver-

471 1768 569 1835 git,
605 1773 659 1820 et
695 1767 876 1837 gravis
910 1777 1100 1824 natura
1130 1770 1422 1825 distributa
1460 1781 1565 1838 est,
1600 1782 1798 1828 terram
1831 1774 1955 1830 dico
1987 1785 2040 1830 et

470 1874 661 1928 aquas,
693 1858 807 1914 htre
832 1861 1049 1930 quidem
1088 1861 1253 1917 aridae
1276 1863 1564 1933 appellatio
1595 1864 1884 1935 distinguit
1917 1883 2047 1937 quu-

469 1947 759 2003 dammodo
798 1949 867 2003 ab
905 1965 966 2003 ea
1002 1950 1263 2019 qualitate
1307 1967 1427 2021 qua:
1471 1968 1534 2008 ex
1566 1953 1796 2008 adverso
1825 1953 1927 2023 ipsi
1963 1970 2049 2007 re-

470 2039 727 2109 spondet;
751 2041 1094 2110 Oppositione
1127 2042 1269 2095 cnim
1300 2042 1365 2095 ad
1398 2041 1449 2095 id
1475 2043 1616 2112 quod
1648 2055 1731 2098 est
1763 2042 2043 2097 humidum

469 2132 621 2185 arida
647 2133 1026 2201 cognominata
1058 2143 1162 2197 est,
1184 2147 1307 2186 cum
1362 2133 1547 2187 divino
1574 2134 1827 2188 mandato
1850 2150 2043 2206 aquam

469 2220 859 2277 circumfusam
887 2238 1095 2277 exuens
1127 2224 1181 2277 in
1214 2224 1428 2294 propria
1456 2223 1718 2293 qualitate
1771 2226 2040 2297 apparuit.

469 2309 673 2365 Nomen
724 2321 903 2367 autem
955 2321 1112 2368 terra:
1162 2330 1270 2368 non
1318 2314 1552 2384 amplius
1602 2315 1761 2369 unius
1813 2316 2045 2386 alicujus

466 2417 655 2456 earum
680 2403 998 2473 qualitatum
1030 2420 1152 2474 quae
1192 2404 1246 2459 in
1282 2406 1396 2474 ipsa
1429 2412 1579 2470 sunt,
1620 2404 2037 2475 signiﬁcantiam

468 2487 840 2554 demonstrat,
889 2490 983 2546 sed
1032 2506 1128 2562 per
1170 2492 1278 2546 vim
1314 2492 1725 2563 signiﬁcativam
1763 2510 1883 2565 qute
1916 2495 2045 2551 huic

468 2578 695 2634 dictioni
731 2581 892 2645 inest,
928 2596 1088 2635 omne
1115 2583 1516 2652 complectitur,
1549 2580 1690 2653 quod
1720 2582 1774 2636 in
1814 2581 1916 2639 boc
1936 2584 2046 2639 cle-

470 2677 653 2725 mento
694 2670 1033 2743 intelligitur,
1074 2681 1134 2727 ut
1161 2674 1305 2742 quod
1335 2674 1554 2738 durum,
1591 2676 1734 2747 quod
1786 2675 2041 2737 densum,

468 2760 611 2830 quod
648 2777 831 2831 grave,
866 2764 1008 2832 quod
1050 2765 1278 2829 resistit,
1337 2767 1480 2836 quod
1533 2766 1601 2821 ad
1647 2782 1865 2823 omnem
1925 2767 2045 2821 fru-

467 2860 653 2907 ctuum
689 2862 743 2908 ct
764 2854 1079 2909 animalium
1110 2858 1466 2912 nutritionem
1516 2867 1701 2929 aptum
1735 2869 1840 2915 est.
1879 2859 2046 2930 Igitur

469 2960 576 3000 non
608 2960 638 2999 a
667 2961 916 3003 sermone
964 2950 1343 3019 cognominata
1390 2960 1474 3007 est
1529 2952 1703 3016 arida,
1737 2960 1795 3007 ut
1828 2954 1899 3007 sit
1928 2953 2030 3007 hoc

2147 489 2460 561 ρεὼματος,
2498 492 2626 562 μιᾶς
2671 490 2885 560 φύσεως
2924 493 2983 545 ὲν
3012 492 3255 563 ἑκατέρῳ
3298 492 3408 545 τῶν
3436 495 3718 565 ὀνομάτων

2147 582 2568 653 σημαινομένης,
2599 582 2728 635 ἴδιόν
2748 600 2799 635 τι
2822 580 2932 635 τῶν
2960 584 3016 637 ὲν
3034 585 3100 653 τῇ
3117 582 3286 636 κτίσει
3314 582 3487 657 ταύτῃ
3504 586 3720 657 γινομέ-

2144 675 2302 743 νωνή
2331 674 2560 746 διαφορά
2587 674 2694 727 τῶν
2720 674 2997 745 ὀνομάτων
3028 674 3549 746 παρίστησιν.”οστε
3578 678 3720 749 πρὶς

2142 763 2300 818 τοῦτο
2342 764 2632 834 βλέποντας
2664 766 2811 837 ἡμᾶς
2834 807 2849 828 ,
2884 765 3011 818 ἄλλο
3046 783 3099 819 τι
3139 765 3328 836 μαθεῖν
3364 766 3451 821 διά
3485 770 3582 839 τῆς
3620 768 3718 822 τοῦ

2144 855 2371 928 οὐρανοῦ
2396 857 2784 929 προσηγορίας,
2806 857 2991 928 ἕτερον
3015 856 3072 909 δὲ
3094 856 3180 910 διά
3199 856 3293 910 τοῦ
3317 857 3716 929 περεὼματος.

2147 948 2317 1000 Ὅταν
2345 946 2444 1018 μὲν
2464 947 2571 1020 γὰρ
2601 949 2661 1001 τὸ
2690 948 2861 1019 πέρας
2893 948 2996 1019 τῆς
3023 947 3289 1018 αἰσθητῆς
3318 948 3549 1012 κτίσεως
3580 952 3720 1003 ὑπο·

2144 1040 2332 1114 γράφῃ
2357 1043 2385 1094 ὁ
2420 1040 2576 1110 λόγος
2596 1081 2610 1105 ,
2645 1040 2764 1113 μεθ’
2790 1041 2855 1111 ἥν
2887 1042 2921 1112 ἡ
2954 1040 3117 1112 νοητή
3145 1052 3203 1092 τε
3227 1040 3322 1093 καὶ
3347 1040 3722 1112 ὑπερκόσμιος

2144 1132 2444 1203 διαδέχεται
2486 1131 2636 1203 λῆξις
2663 1174 2675 1196 ,
2711 1130 2993 1203 συγκρίσει
3026 1132 3092 1202 τῇ
3134 1130 3268 1202 πρὸς
3309 1131 3370 1183 τὸ
3393 1131 3600 1200 ἀναφὲς
3626 1134 3725 1185 καὶ

2144 1223 2431 1294 ἀσώματον
2458 1223 2550 1278 καὶ
2577 1223 2831 1286 ἀνείδεον,
2859 1222 3143 1293 στερέωμα
3166 1221 3399 1291 λέγεται,
3429 1222 3464 1294 ἡ
3485 1223 3633 1293 ἀρχή
3665 1240 3723 1275 τε

2144 1315 2239 1370 καὶ
2269 1316 2331 1368 τὸ
2363 1314 2533 1387 πέρας
2562 1314 2741 1386 πάσης
2772 1314 2869 1384 τῆς
2906 1314 3095 1383 ὑλικῆς
3133 1313 3495 1376 ὑποστάσεως.
3543 1315 3725 1367 Ὅταν

2143 1406 2199 1460 δὲ
2237 1406 2333 1476 τὴν
2371 1406 2479 1459 τῶν
2530 1403 2903 1476 ὑποκειμένων
2946 1401 3204 1474 περιοχὴν
3248 1402 3622 1473 ἐξετάζωμεν,
3678 1397 3723 1471 ᾧ

2146 1501 2294 1552 πᾶσα
2327 1499 2360 1569 ἡ
2395 1496 2555 1568 ὑλικὴ
2603 1498 3013 1568 περικρατεῖται
3045 1493 3236 1563 φύσις,
3267 1493 3489 1564 οὐρανόν
3521 1493 3726 1547 τοῦτον

2144 1588 2619 1661 προσαγορεύομεν
2652 1588 2743 1641 τὸν
2771 1586 2877 1641 τῶν
2915 1585 3123 1656 ὁρατῶν
3154 1585 3373 1639 πάντων
3408 1586 3530 1656 ὅρον
3568 1586 3727 1653 γινό-

2149 1699 2325 1752 μενον.
2365 1681 2468 1733 Τὸν
2513 1678 2677 1732 αὑτὸν
2723 1677 2921 1748 τρόπον
2967 1676 3060 1729 καὶ
3089 1677 3185 1730 ἐπὶ
3233 1676 3331 1747 τῆς
3359 1676 3459 1746 γῆς
3492 1676 3595 1728 καὶ
3624 1676 3731 1746 τῆς

2149 1776 2337 1848 ξηρᾶς,
2371 1772 2555 1843 ἐπειδὴ
2586 1771 2721 1843 πρὸς
2742 1770 2835 1824 δύο
2861 1769 3034 1823 ταῦτα
3065 1770 3305 1838 στοιχεῖα
3331 1768 3363 1837 ἡ
3390 1767 3728 1838 κατωφερὴς

2149 1870 2240 1922 καὶ
2270 1866 2459 1937 βαρεῖα
2495 1864 2655 1934 φύσις
2685 1861 2997 1933 διεμερίσθη
3017 1903 3031 1924 ,
3062 1860 3199 1931 πρός
3224 1877 3297 1915 τε,
3322 1859 3415 1930 τὴν
3442 1859 3544 1929 γῆν
3576 1875 3729 1929 φημι

2148 1960 2238 2013 καὶ
2258 1958 2327 2011 τὰ
2357 1957 2543 2021 ὕδατα,
2569 1958 2601 2026 ἡ
2638 1955 2737 2026 μὲν
2758 1954 2857 2025 τῆς
2879 1954 3047 2024 ξηρᾶς
3075 1951 3432 2022 προσηγορία,
3461 1951 3733 2004 διασταλο

2146 2050 2268 2121 τικὴ
2303 2067 2419 2112 πως
2439 2049 2536 2118 τῆς
2554 2045 2992 2116 ἁντιστοιχούσης
3021 2043 3329 2113 ποιότητος,
3357 2044 3421 2113 τῇ
3443 2042 3558 2113 γὰρ
3585 2043 3733 2113 πρὸς

2146 2142 2207 2195 τὸ
2248 2141 2413 2211 ὑγρὸν
2460 2137 2915 2209 ἁντιπαραθέσει,
2950 2135 3092 2208 ξηρὰ
3135 2134 3551 2205 κατωνόμασται
3580 2175 3597 2198 ,
3636 2134 3730 2186 ὅτε

2146 2231 2527 2303 άποδυσαμένη
2579 2228 2707 2300 θείῳ
2756 2228 3134 2300 προστάγματι
3184 2226 3244 2280 τὸ
3284 2226 3734 2296 περικεχυμένον

2148 2326 2290 2397 ὕδωρ
2314 2365 2327 2387 ,
2351 2325 2443 2376 ἐπὶ
2467 2323 2565 2392 τῆς
2590 2322 2726 2384 ιδίας
2768 2320 3049 2391 ποιότητος
3085 2318 3279 2390 ἐφάνη.
3304 2318 3375 2371 Τὸ
3397 2318 3452 2371 δὲ
3474 2320 3587 2387 τῆς
3622 2317 3737 2388 γῆς

2146 2416 2336 2488 ὄνομα,
2380 2412 2561 2467 οὑκέτι
2596 2413 2725 2483 μιᾶς
2750 2428 2892 2474 τινος
2914 2411 3019 2464 τῶν
3059 2410 3187 2481 περὶ
3216 2408 3380 2476 αὑτὴν
3412 2411 3738 2478 ποιοτήτων

2144 2508 2244 2580 τὴν
2272 2505 2545 2578 σημασίαν
2571 2504 2921 2565 ἐνδείκνυται,
2947 2502 3082 2556 ἀλλὰ
3109 2503 3216 2555 πᾶν
3244 2500 3742 2571 ἐμπεριλαμϐάνει

2145 2598 2232 2652 διὰ
2280 2598 2378 2669 τῆς
2424 2595 2745 2666 ἐγκειμένης
2792 2593 3081 2665 ἐμφάσεως
3122 2592 3183 2646 τὸ
3230 2594 3286 2645 ὲν
3336 2591 3411 2662 τῷ
3459 2592 3744 2662 στοιχείῳ

2146 2687 2453 2757 νοούμενον,
2476 2680 2586 2739 οἷον
2614 2684 2675 2737 τὸ
2695 2682 2908 2746 ναστὸν,
2937 2682 2998 2736 τὸ
3022 2682 3241 2746 πυκνὸν,
3272 2681 3332 2733 τὸ
3355 2679 3654 2750 ἐμϐριθὲς,
3681 2680 3751 2734 τὺ

2146 2777 2456 2840 ἀντίτυπον,
2479 2777 2541 2829 τὸ
2573 2777 2708 2848 πρὸς
2740 2777 2919 2829 πᾶσαν
2948 2772 3175 2844 καρπῶν
3199 2789 3258 2825 τε
3288 2772 3377 2825 καί⁵
3407 2770 3573 2835 ζώων
3598 2774 3748 2826 ἁνα-

2144 2871 2347 2941 τροςρὴν
2403 2869 2734 2939 ἐπιτήδειον.
2790 2865 2998 2921 Οὐκοῦν
3035 2866 3094 2917 οὑ
3134 2860 3521 2935 μετωνομάσθη
3579 2866 3750 2935 παρὰ

2143 2957 2237 3010 τοῦ
2266 2957 2425 3025 λόγου
2453 2958 2485 3027 ή
2511 2955 2667 3026 ξηρὰ,
2690 2956 2827 3025 πρὸς
2844 2955 2905 3008 τὸ
2931 2953 3235 3008 τελευταῖον
3264 2950 3563 3021 ἐπικληθὲν
3597 2955 3749 3023 αὐτῇ

468 3046 803 3109 postremmn
854 3040 902 3095 ei
935 3056 1131 3098 nomen
1165 3043 1417 3098 inditum.
1452 3043 1569 3099 Non
1621 3046 1766 3101 enim
1793 3045 2042 3116 deposuit

2147 3047 2337 3119 δνομα.
2374 3047 2448 3100 Οὑ
2472 3046 2579 3119 γὰρ
2606 3045 2838 3101 ἀπέθετο
2867 3045 2954 3099 διὰ
2981 3043 3073 3098 τοῦ
3102 3042 3350 3112 δευτέρου
3376 3041 3663 3112 ὀνόματος
3687 3043 3753 3095 τὸ

470 3146 565 3201 per
588 3130 891 3187 secundum
953 3148 1149 3189 nomen
1180 3142 1237 3188 ut
1262 3134 1414 3190 arida
1465 3139 1535 3193 sit
1568 3145 1621 3193 et
1645 3137 1882 3205 dicatur,
1916 3138 2036 3202 sed,

470 3233 718 3282 manente
744 3226 1104 3298 appellatione
1130 3233 1183 3282 ct
1211 3227 1309 3281 hac
1338 3235 1392 3281 et
1422 3228 1532 3295 illa,
1556 3230 1742 3301 utique
1770 3230 2046 3285 nominum

469 3318 686 3388 propria
718 3318 962 3388 quaedam
1006 3318 1196 3373 subest
1243 3319 1569 3388 signiﬁcatio
1632 3339 1645 3375 :
1678 3322 1792 3376 haec
1830 3322 2046 3391 quidem

468 3423 588 3478 qua:
614 3407 804 3463 dividit
850 3423 913 3462 ac
941 3408 1227 3479 distinguit
1247 3424 1276 3462 a
1306 3409 1507 3466 diversi
1536 3412 1750 3482 generis
1770 3421 1966 3468 natura
1995 3422 2049 3470 et

472 3498 847 3569 proprietate;
884 3498 974 3552 illa
1033 3512 1163 3553 vero
1214 3513 1336 3568 qua:
1372 3512 1588 3555 omnem
1639 3515 1759 3571 quae
1829 3504 1884 3558 in
1930 3505 2048 3574 ipsa

469 3596 747 3661 spectatur
789 3589 1085 3660 potentiam
1143 3590 1567 3661 complectitur:
1609 3593 1688 3648 sic
1728 3602 1782 3649 et
1838 3595 1892 3649 in
1929 3596 2048 3652 luce

470 3688 524 3737 ct
557 3681 671 3748 die,
699 3681 780 3739 sic
812 3696 1011 3739 rursus
1061 3683 1117 3738 in
1152 3691 1314 3739 nocte
1350 3692 1404 3739 et
1432 3685 1677 3741 tenebris
1715 3686 2045 3750 invenimus.

469 3790 576 3831 non
611 3773 830 3847 syllaba:
864 3788 1060 3830 sonum
1096 3775 1164 3829 ab
1196 3776 1436 3831 universi
1495 3775 1779 3833 conditore
1816 3776 2042 3847 factum,

470 3866 565 3927 sed
602 3882 783 3923 rerum
816 3867 1179 3925 substantiam
1212 3884 1349 3938 quas
1386 3884 1481 3940 per
1523 3870 1622 3926 has
1651 3873 2045 3943 appellationes

469 3958 873 4028 cognoscimus.
902 3955 1201 4011 Solvuntur
1217 3955 1317 4013 Dei.
1334 3958 1609 4014 voluntate
1628 3959 1765 4015 lucis
1792 3959 2045 4032 ingressu

426 4050 432 4061 '
469 4050 705 4106 tenebrae
737 4050 1094 4121 praevalentes
1119 4065 1216 4120 per
1268 4050 1497 4121 primam
1553 4058 1898 4120 creaturam;
1942 4052 2044 4121 sed

469 4143 725 4213 quoriiam
761 4148 905 4198 terra
940 4141 994 4196 in
1030 4140 1210 4197 medio
1261 4141 1762 4215 comprehenditur,
1790 4154 1853 4198 ac
1879 4122 2044 4199 undi-

470 4243 575 4297 que
596 4243 715 4282 eam
739 4227 1081 4283 diversorum
1100 4228 1491 4285 elementorum
1524 4230 1761 4286 ambitus
1782 4233 2037 4300 sustinet,

468 4319 613 4374 sicut
643 4319 719 4372 ait
746 4316 848 4373 Job
889 4316 1026 4383 ιριιὲ
1057 4318 1303 4388 appendit
1324 4328 1520 4375 terram
1541 4338 1697 4392 super
1721 4323 1947 4379 nihilum
1967 4324 2037 4391 ⁸³,

2154 3138 2293 3210 ξηρά
2326 3140 2420 3194 καὶ
2467 3135 2725 3193 εἶναικαὶ
2772 3134 3265 3215 λέγεσθαιηάλλά.
3305 3133 3589 3205 μενούσης
3643 3135 3753 3202 τῆς

2152 3230 2397 3301 κλήσεως
2417 3229 2509 3284 καὶ
2529 3228 2731 3301 ταύτης
2751 3227 3034 3296 κάκείνης,
3055 3225 3297 3296 ἐκατέρῳ
3321 3224 3425 3277 τῶν
3439 3225 3754 3294 ὀνομάτων

2154 3322 2256 3378 ίδία
2275 3320 2596 3393 τις¹ὑπέστη
2631 3319 2909 3392 σημασία⁶
2951 3321 2985 3390 ἠ
3014 3318 3135 3389 μὲν,
3168 3315 3607 3387 ἀντιδιαιρετικὴ
3641 3317 3751 3385 τῆς

2150 3411 2493 3486 ἐτερογενοῦς
2518 3410 2730 3480 φύσεώς
2753 3428 2812 3464 τε
2842 3410 2935 3463 καὶ
2966 3409 3245 3480 ἰδιότητος,
3269 3407 3374 3479 ἡδὲ
3399 3424 3459 3460 πε
3469 3408 3755 3478 ριεκτικὴ

2150 3503 2332 3575 πάσης
2377 3502 2478 3573 τῆς
2512 3504 2571 3555 ἐν
2610 3502 2743 3572 αὐτῇ
2791 3499 3169 3571 θεωρουμένης
3201 3498 3474 3569 δυνάμεως
3497 3512 3515 3527 ’
3552 3496 3755 3561 οὔτως

2149 3594 2243 3650 καὶ
2271 3594 2364 3647 ἐπὶ
2401 3593 2493 3647 τοῦ
2527 3591 2703 3663 φωτὸς
2746 3593 2841 3646 καὶ
2888 3591 2989 3662 τῆς
3022 3591 3254 3673 ἡμέρας,
3294 3591 3387 3643 καὶ
3434 3588 3607 3642 πάλιν
3650 3589 3755 3642 ἐπὶ

2146 3688 2245 3758 τῆς
2271 3686 2465 3750 νυκτὸς
2503 3685 2597 3739 καὶ
2626 3683 2719 3738 τοῦ
2764 3684 2989 3747 σκότους
3020 3683 3362 3754 εὑρίσκομεν,
3408 3681 3466 3733 οὑ
3524 3680 3751 3734 συλλα-

2147 3775 2259 3830 ϐῶν
2297 3772 2429 3848 ἦχον
2480 3774 2630 3847 παρὰ
2672 3772 2766 3827 τοῦ
2807 3773 3031 3846 ποιητοῦ
3064 3773 3174 3826 τῶν
3219 3772 3352 3825 ὅλων
3384 3769 3472 3824 ἐπὶ
3514 3770 3752 3825 τούτων

2146 3867 2674 3940 δημιουργούμενον,
2714 3866 2849 3921 ἀλλὰ
2896 3866 3236 3938 πραγμάτων
3282 3863 3585 3918 ὑπόστασιν
3652 3864 3749 3917 διά

2145 3960 2253 4014 τῶν
2286 3957 2669 4031 προσηγοριῶν
2698 3958 2903 4012 τούτων
2939 3956 3298 4028 γινώσκομεν.
3345 3953 3554 4009 Λύεται
3590 3956 3751 4008 κατὰ

2143 4050 2205 4105 τὸ
2241 4050 2451 4122 θέλημα
2478 4050 2571 4103 τοῦ
2594 4049 2727 4104 Θεοῦ
2756 4052 2823 4121 τῇ
2853 4049 3042 4120 εἰσόδῳ
3068 4047 3163 4102 τοῦ
3196 4047 3366 4117 φωτὸς
3389 4045 3447 4098 τὸ
3486 4049 3750 4119 ἐπικρα-

2144 4143 2272 4199 τοῦν
2303 4143 2496 4206 σκότος
2527 4142 2680 4214 παρὰ
2708 4142 2807 4213 τὴν
2833 4141 3056 4213 πρώτην
3086 4141 3281 4205 κτίσιν,
3311 4139 3406 4209 τῆς
3430 4139 3492 4191 δὲ
3532 4141 3651 4209 γῆς
3688 4144 3751 4193 ὲν

2143 4236 2221 4308 τῷ
2246 4235 2397 4308 μέσῳ
2428 4233 2840 4307 περισχεθείσης
2857 4274 2873 4300 ,
2900 4232 2997 4286 καὶ
3021 4234 3087 4303 τῇ
3114 4230 3438 4301 πανταχόθεν
3471 4229 3594 4286 τῶν
3615 4233 3757 4286 ἐτε-

2148 4327 2360 4399 ροφυῶν
2390 4327 2666 4398 στοιχείων
2688 4324 2943 4397 περιϐολῇ
2973 4324 3168 4396 ἑαυτὴν
3189 4323 3502 4393 ἀνεχούσης,
3541 4324 3753 4387 καθὼς

468 4428 693 4474 necesse
715 4421 853 4480 erat,
889 4428 1011 4468 cum
1043 4428 1137 4482 per
1162 4429 1322 4469 unam
1375 4423 1584 4487 partem
1646 4417 1737 4473 lux
1783 4419 1959 4477 obiret
1987 4424 2042 4474 et

2146 4435 2309 4489 φησιν
2364 4419 2393 4469 ὁ
2443 4401 2593 4471 Ἰὦ6’
2641 4417 2722 4470 ὅτι
2767 4414 3073 4485 Κρεμὰζων
3117 4415 3235 4487 γῆν
3281 4416 3377 4469 ἐπὶ
3421 4416 3753 4485 μηδενὸς,

468 4506 769 4575 oppositam
825 4513 1031 4576 partem
1092 4505 1236 4559 mole
1273 4519 1372 4560 sua
1400 4514 1546 4561 terra
1602 4507 1933 4577 Obstrueret,
1983 4517 2042 4565 ut

468 4598 869 4673 relinqueretur
897 4598 1078 4669 aliqua
1104 4611 1231 4668 pars
1260 4597 1605 4652 tenebrarum
1639 4615 1737 4670 per
1756 4600 2043 4657 obumbra-

468 4690 694 4745 tionem.
725 4689 991 4756 Quoniam
1015 4704 1144 4745 vero
1166 4698 1421 4762 perpetuo
1452 4698 1601 4745 motu
1632 4692 1778 4748 circa
1801 4708 1860 4748 se
1882 4694 2042 4763 polus

468 4782 792 4852 circumagit
823 4782 983 4837 istam
1014 4798 1133 4854 quae
1163 4797 1228 4838 ex
1256 4782 1670 4839 obumbratione
1695 4784 1914 4840 advenit
1948 4800 2042 4841 ca-

471 4872 713 4942 liginem,
768 4887 991 4928 necesse
1054 4872 1155 4935 fuit
1185 4872 1351 4931 Deum
1392 4874 1539 4931 hunc
1567 4875 1893 4933 circularem
1934 4896 2045 4935 am-

470 4964 639 5018 bitum
673 4962 980 5029 ordinasse,
1015 4975 1073 5021 ut
1094 4978 1343 5021 mensura
1371 4966 1684 5037 temporalis
1706 4969 2043 5027 extensionis

475 5055 644 5113 tieret.
677 5052 801 5109 llrec
816 5061 995 5109 autem
1027 5070 1280 5110 mensura
1297 5064 1381 5112 est
1397 5072 1506 5112 nox
1520 5068 1573 5113 et
1592 5056 1729 5115 dies.
1750 5056 2042 5130 Propterea

474 5160 569 5213 pru
596 5160 694 5200 sua
728 5143 994 5215 sapientia
1027 5145 1285 5203 historice
1310 5148 1438 5203 talia
1458 5149 1710 5221 dogmata
1736 5150 1912 5209 llioses
1941 5168 2041 5209 no-

471 5235 554 5290 bis
581 5235 886 5302 declarans,
906 5236 1047 5293 hanc
1069 5253 1136 5293 ex
1169 5237 1547 5296 ebstructione
1567 5242 1887 5299 subeuntem
1914 5245 2045 5301 cali-

470 5324 648 5394 ginem
684 5326 889 5398 absque
925 5327 1046 5385 luce
1092 5330 1310 5401 quidem
1343 5339 1398 5387 et
1456 5333 1693 5390 tenebris
1718 5336 2040 5404 nominavit,

470 5424 525 5470 et
552 5432 669 5473 eam
701 5436 824 5491 qua:
854 5420 914 5476 ﬁt
942 5423 1203 5480 continuo
1232 5424 1444 5481 circum
1486 5426 1666 5482 locum
1698 5434 2037 5494 terrestrem,

470 5504 611 5561 lucis
640 5507 706 5561 ait
729 5510 986 5568 tenebras
1029 5523 1400 5572 mensuratam
1441 5517 1869 5586 successionem,
1898 5517 2040 5575 diem

543 5686 588 5718 ⁴¹¹
610 5685 880 5752 Job‘xxvi,
915 5693 964 5746 7.

2149 4512 2457 4581 ἐπάναγκες
2482 4506 2569 4581 ἦν,
2605 4509 2725 4564 καθ’
2766 4508 2824 4562 έν
2859 4508 3023 4581 μέρος
3051 4507 3147 4561 τοῦ
3174 4508 3346 4577 φωτὸς
3370 4506 3752 4572 διοδεύοντος,

2149 4599 2613 4674 ἀντιφραττούσης
2666 4599 2806 4652 κατά
2844 4597 2906 4650 τὸ
2949 4598 3320 4668 ἀντικείμενον
3372 4598 3427 4648 ὲν
3471 4595 3556 4666 τῷ
3611 4597 3757 4670 ἰδίῳ

2148 4691 2296 4763 ὄγκῳ
2328 4692 2425 4761 τῆς
2462 4689 2584 4761 γῆς,
2621 4686 3008 4757 ὑπολειφθῆναί
3036 4704 3157 4740 τινα
3201 4687 3285 4740 διὰ
3324 4685 3412 4739 τοῦ
3440 4685 3753 4741 ἀποσκιά-

2154 4800 2357 4856 σματος
2386 4783 2579 4854 μοῖραν
2602 4779 2697 4833 τοῦ
2721 4779 2959 4841 σκότους.
2997 4778 3108 4848 Τῆς
3140 4779 3195 4831 δὲ
3224 4778 3527 4846 άεικινήτου
3564 4793 3759 4850 περι-

2154 4874 2324 4947 φορᾶς
2355 4871 2448 4926 τοῦ
2472 4871 2633 4925 πόλου
2665 4868 3145 4942 συμπεριαγούσης
3182 4870 3345 4939 ἑαυτῇ
3390 4867 3513 4920 κατ’
3544 4870 3755 4938 ἀνάγ-

2148 4983 2251 5037 κην
2283 4966 2378 5018 καὶ
2417 4962 2506 5018 τὸν
2548 4964 2611 5016 έκ
2648 4961 2743 5016 τοῦ
2775 4960 3221 5032 ἀποσκιάσματος
3252 4957 3754 5028 ὲπισυμὸαίνονιτα

2148 5054 2329 5126 ζόφον,
2360 5054 2456 5125 τὴν
2483 5051 2766 5123 ἐγκύκλιον
2792 5051 2995 5123 ταύτην
3026 5051 3269 5122 περίοδον
3296 5048 3444 5115 τάξαι
3468 5050 3563 5105 τόν
3582 5051 3754 5107 Θεὸν

2147 5151 2227 5211 είς
2278 5148 2342 5201 τὺ
2382 5145 2632 5215 γενέσθαι
2665 5145 2860 5216 μέτρον
2903 5146 3002 5214 τῆς
3035 5144 3289 5215 χρονικῆς
3332 5142 3747 5214 παρατάσεως.

2149 5240 2223 5295 Τὸ
2248 5240 2304 5294 δὲ
2346 5238 2540 5311 μέτρον
2575 5236 2732 5290 τοῦτό
2769 5237 2918 5290 ἐστιν
2947 5236 3130 5308 ἡμέρα
3159 5236 3253 5289 καὶ
3285 5234 3397 5301 νύξ.
3428 5234 3529 5290 Διὰ
3555 5237 3755 5290 τοῦτο

2150 5330 2292 5385 κατὰ
2307 5329 2405 5400 τὴν
2423 5326 2614 5382 ἑαυτοῦ
2639 5328 2828 5397 σοφίαν
2854 5326 3165 5398 ίστορικώτε
3174 5344 3265 5398 ρον
3283 5327 3350 5381 τά
3368 5327 3589 5380 τοιαῦτα
3612 5329 3753 5383 τῶν

2147 5421 2432 5493 δογμάτων
2471 5422 2499 5473 ό
2528 5420 2769 5490 Μωῦσῆς
2812 5421 2942 5491 ἡμῖν
2981 5416 3293 5490 σαφηνίζων
3331 5414 3419 5468 τὸν
3452 5412 3511 5478 ἐξ
3553 5419 3757 5474 ἀντι-

2148 5510 2396 5583 φράξεως
2425 5508 2734 5564 ἐπεισιόντα
2764 5507 2927 5579 ζόφον
2945 5509 3112 5582 χωρὶς
3137 5508 3237 5581 μὲν
3268 5506 3439 5579 φωτὸς
3466 5506 3551 5560 καὶ
3588 5511 3757 5563 σκό-
