4010 6212
276 306 419 358 1005

1338 315 1614 372 CONTRA
1655 318 2057 390 EUNOMIUM,
2114 325 2241 385 LIB.
2284 327 2398 382 Xll.

3375 337 3514 390 10236

273 436 400 484 τους
422 419 674 520 ὠνόμασε
697 424 837 521 ..καὶ
867 427 965 521 τὴν
996 427 1083 481 ἀεὶ⁵
1114 433 1402 506 γινομένην
1446 437 1572 509 περὶ
1603 439 1664 491 τὸ
1691 441 1830 512 περί-

1950 451 2003 499 et
2036 455 2247 503 noctem
2288 447 2599 517 appellavit.
2644 448 2822 514 Quare
2880 463 2984 503 non
3034 465 3153 520 qua:
3179 451 3292 521 jam
3326 463 3515 508 vocata

272 521 426 599 γειον
451 508 626 599 χῶρον
656 509 751 563 τοῦ
774 512 949 599 φωτὸς
983 514 1117 587 πρὸς
1141 518 1201 571 τὸ
1229 521 1414 586 σκότος
1437 508 1709 599 ἔμμετρον
1734 508 1846 583 δια-

269 592 457 666 δοχὴν,
482 594 691 667 ἡμέραν
720 598 812 650 καὶ
834 597 1003 654 νύκτα
1036 607 1347 674 προσεῖπεν.
1379 592 1542 665 Ὥστε
1576 592 1696 686 ούχὶ
1722 617 1839 670 ὲπί-

273 683 473 779 κλητον
515 686 727 779 τὺῌφῶς
772 690 953 762 ήμέρα
1003 698 1451 773 προσηγορεύθη,
1495 703 1610 757 ἀλλ’
1641 683 1844 779 *ῶσπερ

272 775 492 843 ἐγένετο
521 777 658 846 φῶς,
678 780 772 834 καὶ
799 782 919 854 ούχὶ
941 782 1070 857 ψιλὴ
1091 790 1429 863 προσηγορία
1451 796 1648 863 φωτὸς,
1672 775 1844 862 οὕτως

271 866 366 959 καὶ
396 867 613 959 ἐγένετο
641 870 734 924 τοῦ
765 873 957 944 χρόνου
987 876 1048 929 τὸ
1094 878 1321 952 μέτρον⁹
1357 886 1762 959 ἐπηκολούθησε
1783 891 1839 943 δὲ

272 955 347 1027 τῷ
378 958 561 1031 μέτρῳ
584 960 642 1014 τὸ
662 961 830 1034 ὄνομα
848 1005 862 1028 ,
886 965 986 1020 ούκ
1015 967 1075 1020 ὲν
1104 970 1362 1041 ῥημάτων
1382 974 1539 1048 ψόφῳ
1565 955 1715 1049 παρά
1746 981 1839 1035 τοῦ

274 1051 635 1142 πεποιηκότος
670 1054 961 1125 γενόμενον
987 1097 1001 1121 ,
1033 1059 1147 1112 ἀλλ’
1178 1063 1347 1135 αὐτῆς
1376 1066 1475 1119 τοῦ
1518 1070 1839 1142 πράγματος

273 1138 490 1234 ιρύσεως
520 1142 974 1220 ἐπισπασαμένης
992 1151 1090 1220 τὴν
1107 1151 1193 1205 διά
1219 1154 1318 1224 τῆς
1340 1159 1523 1229 φωνῆς
1545 1138 1835 1234 σημασίαν.

271 1230 384 1284 Καὶ
417 1230 606 1305 ὥσπερ
630 1237 678 1289 εί
707 1236 866 1291 τοῦτο
897 1242 1086 1310 σαφῶς
1113 1245 1297 1317 εἴρητο
1320 1249 1472 1322 παρὰ
1500 1230 1839 1328 τοῦ-*νομοθέ-

269 1337 395 1389 του,
433 1324 517 1377 ὅτι
562 1328 671 1381 πᾶν
702 1327 763 1381 τὸ
805 1332 1126 1404 φαινόμενον
1159 1338 1253 1391 καὶ
1285 1339 1697 1421 ὀνομαζόμενρν,
1739 1351 1837 1404 οὐκ

270 1409 543 1481 αύτοφυές
590 1416 737 1469 ἐστιν
781 1419 901 1472 οὐδὲ
956 1422 1238 1495 ἀποίητον,
1291 1428 1407 1482 ἀλλ’
1449 1434 1516 1485 ἐκ
1562 1409 1695 1489 Θεοῦ
1737 1440 1837 1511 τὴν

269 1502 569 1595 ὑπόστασιν
624 1506 754 1595 ἔχει,
796 1510 891 1580 ἀφ’
945 1512 1155 1568 ἑαυτῶν
1214 1517 1280 1571 ἂν
1334 1521 1727 1595 συνεθήκαμεν,
1779 1502 1838 1583 τὸ

270 1589 449 1644 πάντα
479 1591 569 1645 τὸν
596 1594 795 1664 κόσμον
824 1598 916 1652 καὶ
958 1596 1026 1654 τὰ
1050 1603 1108 1655 ἐν
1139 1605 1286 1677 αὐτῷ
1311 1607 1471 1681 μέρη,
1502 1589 1724 1685 καὶ-τὴν
1753 1618 1837 1671 ἐν-

1948 534 2122 590 fherat
2179 537 2292 602 litx,
2323 537 2440 594 dies
2481 539 2745 608 appellata
2781 547 2887 602 est,
2928 541 3021 596 sed
3049 542 3191 597 sicut
3239 542 3377 599 facta
3426 555 3512 601 est

1948 625 2061 687 lux,
2085 642 2257 697 neque
2289 627 2433 682 nuda
2468 629 2606 684 lucis
2630 630 2943 701 appellatio,
2975 631 3056 686 sic
3074 631 3237 687 etiam
3266 634 3407 690 facta
3427 647 3515 691 est

1949 717 2206 785 temporis
2252 732 2507 774 mensura
2543 734 2894 775 :tnensuram
2930 728 3111 775 autem
3147 731 3394 778 secutum
3427 734 3514 781 εει

1945 817 2162 868 nomen,
2192 820 2301 859 non
2332 820 2397 861 ex
2429 808 2715 862 verborum
2749 823 2883 863 sono
2913 822 2943 862 a
2973 810 3255 866 conditore
3282 820 3509 874 tactum,

1944 893 2039 947 sed
2062 894 2178 965 ipsa
2214 896 2289 952 rei
2312 905 2505 953 natura
2532 899 2782 954 trahente
2801 899 2902 953 sibi
2934 915 3052 955 eam
3078 898 3201 972 qua:
3223 903 3367 959 inest
3392 908 3512 960 voci

1944 982 2411 1055 signiﬁcationem.
2443 988 2521 1045 Ac
2551 990 2698 1045 velut
2721 988 2818 1045 sia
2841 989 3152 1061 legislatore
3181 993 3285 1050 hoc
3329 1003 3514 1065 aperte

1941 1075 2145 1131 dictum
2158 1086 2324 1145 esset,
2349 1081 2493 1151 quod
2523 1097 2681 1137 omne
2694 1080 2838 1152 quod
2861 1092 3083 1153 apparet
3106 1094 3155 1138 et
3176 1086 3511 1149 nominatur.

1940 1182 2047 1221 non
2077 1178 2272 1240 sponte
2316 1183 2500 1228 natum
2529 1189 2706 1245 neque
2744 1189 2852 1230 non
2882 1175 3084 1230 factum
3138 1184 3243 1240 est,
3305 1179 3401 1234 sed
3443 1197 3511 1234 ex

1941 1258 2050 1314 Deo
2079 1261 2485 1318 subsistentiam
2524 1265 2705 1323 habet.
2736 1281 2801 1320 ex
2839 1266 2995 1321 nobis
3017 1267 3152 1336 ipsis
3172 1284 3500 1339 componere

1940 1349 2100 1407 facile
2124 1355 2516 1422 potuissemus,
2551 1371 2742 1426 nempe
2789 1358 3103 1415 universum
3160 1361 3422 1416 mundum
3458 1373 3512 1417 et.

1938 1457 2129 1507 omnes
2161 1460 2283 1514 qua;
2308 1445 2361 1499 in
2393 1461 2461 1501 eo
2490 1454 2618 1502 sunt
2646 1455 2848 1516 partes,
2888 1457 2942 1505 et
2969 1449 3059 1519 qui
3093 1452 3148 1507 in
3180 1451 3298 1521 ipso
3330 1457 3513 1509 cerni-

1937 1537 2027 1581 tur
2059 1530 2306 1585 ordinem
2355 1540 2409 1586 ct
2449 1534 2577 1600 vim,
2614 1551 2734 1605 qua:
2786 1537 3027 1591 notiﬁcat
3084 1555 3145 1594 ea
3206 1558 3327 1610 qua:
3362 1551 3510 1612 sunt,

1938 1618 2104 1675 Deum
2128 1620 2321 1678 fecisse
2351 1642 2364 1679 :
2404 1624 2484 1679 sic
2510 1641 2726 1695 quoque
2752 1642 2847 1697 per
2869 1642 2930 1682 ca
2958 1644 3079 1698 quae
3110 1629 3247 1685 dixit
3275 1632 3341 1687 ad
3370 1633 3510 1689 hanc

268 1678 651 1753 θεωρουμένην
691 1684 843 1752 τάξιν
879 1690 971 1749 καὶ
999 1692 1097 1763 τὴν
1136 1700 1497 1771 γνωριστικὴν
1529 1702 1635 1756 τῶν
1670 1706 1830 1762 ὄντων

271 1765 341 1786 ιινον
378 1785 381 1786 ν
551 1771 566 1786 ι
640 1773 676 1786 Α
711 1773 726 1786 ι
1052 1781 1062 1786 -
1264 1785 1269 1786 ⁷

2356 1678 2361 1679 ,
2416 1678 2453 1679 η
2518 1678 2542 1695 τ
2598 1678 2721 1695 γρ-
2752 1678 2837 1697 τη
2963 1678 3077 1698 ,νη
3275 1678 3341 1687 ω.

1940 1726 2038 1765 nos
2073 1711 2279 1768 inducit
2308 1715 2738 1786 intelligentiam,
2767 1717 3126 1776 utcrcdamus
3161 1722 3295 1777 nihil
3321 1739 3507 1779 eorum

266 1765 501 1839 δύναμιν
516 1771 607 1826 τὸν
637 1773 768 1829 Θεὸν
798 1781 1182 1845 πεποιηκέναι·
1216 1785 1387 1853 οὕτως
1410 1791 1502 1844 καὶ
1527 1791 1594 1845 δι’
1617 1790 1691 1849 ὧν
1717 1792 1830 1851 εἷπε

269 1860 371 1882 --ι
390 1878 409 1882 Α
443 1878 503 1882 -μ
523 1862 538 1878 ο
553 1881 558 1882 ,
596 1881 599 1882 ν
684 1866 697 1882 ο
753 1867 766 1882 1
906 1870 919 1882 ο
984 1872 1012 1882 ι.
1090 1880 1095 1882 .
1120 1874 1133 1882 ι
1228 1875 1248 1882 Α
1291 1877 1302 1882 -

2309 1765 2738 1786 ---ν,---σ-----η---,
2771 1765 2817 1771 _.
2842 1765 3126 1776 ---π-η.-
3321 1765 3507 1779 νων...

1940 1816 2059 1870 quae
2119 1812 2245 1857 sunt
2292 1804 2564 1874 principio
2617 1820 2826 1863 carere.
2874 1807 2937 1860 Et
2972 1810 3037 1863 ad
3071 1811 3175 1865 hoc
3202 1814 3510 1882 respiciens

267 1860 409 1929 πρὸς
438 1862 642 1936 ταύτην
680 1866 861 1936 ἐνάγει
896 1870 1043 1941 ἡμᾶς
1081 1874 1179 1944 τὴν
1222 1875 1462 1932 διάνοιαν
1493 1882 1575 1945 είς
1604 1884 1672 1937 τὸ
1716 1903 1839 1939 πισ-

265 1951 447 2005 τεύειν
472 1954 532 2007 τὸ
563 1955 729 2026 μηδὲν
760 1958 869 2011 τῶν
900 1960 1068 2015 ὄντων
1107 1964 1343 2039 ἄναρχον
1372 1965 1529 2027 εἶναι.
1560 1974 1670 2027 Καὶ
1704 1978 1839 2048 πρὸς

264 2040 428 2137 τοῦτο
461 2042 693 2113 βλέπων,
716 2047 819 2120 ὀδῷ
844 2051 937 2104 καὶ
956 2052 1106 2119 τάξει
1133 2056 1201 2109 τά
1220 2057 1456 2130 καθεξῆς
1480 2040 1834 2137 διεξέρχεται,

162 2156 171 2161 -
264 2131 382 2227 ei}:
433 2135 542 2191 τῶν
594 2140 893 2227 γεγονότων
950 2143 1269 2202 ἀκολουθίαν
1333 2131 1833 2227 άπαριθμούμενος.

262 2222 453 2278 Ταῦτα
478 2226 537 2280 δὲ
568 2229 668 2283 οὐκ
700 2225 769 2302 ἦν
790 2231 963 2297 ἄλλως
992 2239 1444 2310 παραστήσασθαι
1470 2222 1732 2319 τῷλόγῳ,
1761 2249 1836 2321 μὴ

260 2313 352 2368 διὰ
375 2314 484 2369 τῶν
504 2321 877 2391 γνωριστικῶν
904 2318 1183 2397 ὀνομάτων
1210 2329 1310 2400 τὴν
1344 2313 1620 2404 σημασίαν
1644 2313 1836 2392 eme-5."

264 2422 445 2476 μενον.
489 2409 640 2464 Ἐπεὶ
675 2408 770 2465 οὖν
804 2414 1109 2488 γέγραπται
1149 2418 1230 2473 ὅτι
1268 2420 1527 2478 ἐκάλεσεν
1556 2428 1585 2480 ὀ
1612 2426 1744 2493 Θεὸς
1774 2429 1835 2482 τὸ

262 2499 381 2567 φῶς
429 2501 663 2574 ἡμέραν,
706 2506 945 2576 νοητέον,
987 2508 1067 2563 ὃτι
1106 2510 1360 2583 ἐποίησεν
1400 2516 1428 2567 ὀ
1466 2515 1598 2581 Θεδς
1636 2521 1700 2572 ὲκ
1738 2520 1831 2573 τοῦ

258 2590 442 2657 φωτὸς
474 2593 707 2665 ἡμέραν,
736 2596 920 2669 ἕτερόν
943 2616 995 2653 τι
1015 2595 1179 2656 οὖσαν
1204 2604 1345 2657 κατὰ
1367 2605 1457 2660 τὸν
1487 2608 1616 2663 ίδιον
1644 2609 1828 2679 λόγον·

351 2682 461 2754 γὰρ
504 2684 569 2737 ἂν
612 2685 705 2739 τὸν
749 2689 910 2743 αὐτὸν
942 2692 1201 2765 ἀποδοίης
1247 2696 1424 2765 φωτὸς
1468 2699 1563 2752 καὶ
1610 2700 1824 2773 ἡμέρας

258 2771 439 2842 λόγον,
472 2775 605 2830 ἀλλὰ
630 2777 745 2847 φῶς
773 2779 873 2850 μὲν
894 2781 954 2835 τι
979 2784 1043 2836 ἐκ
1073 2784 1165 2853 τοῦ
1196 2787 1435 2842 ἐναντίου
1464 2790 1599 2861 πρὸς
1618 2771 1832 2848 tam-

258 2878 355 2928 τος
386 2866 672 2936 νοούμενον
695 2885 709 2898 ⁸
740 2871 921 2945 ἡμέρα
943 2873 1028 2939 δὲ,
1058 2875 1117 2928 τὸ
1145 2876 1358 2932 τοσόνδε
1381 2878 1475 2932 τοῦ
1504 2881 1563 2932 ὲν
1588 2880 1666 2952 τῷ
1693 2883 1830 2954 φωτὶ

255 2956 624 3029 διαστήματος
656 2961 871 3034 μέτρον.
910 2965 1181 3033 Ὡσαύτως
1205 2970 1299 3024 καὶ
1325 2970 1495 3025 νύκτα
1518 2974 1613 3026 καί⁵
1641 2973 1831 3038 σκότος

255 3046 406 3101 κατὰ
455 3049 554 3120 τὴν
587 3050 757 3123 αὐτὴν
797 3054 890 3107 τοῦ
928 3055 1088 3126 λόγου
1133 3058 1400 3131 διαίρεσιν
1438 3065 1825 3136 κατανοήσεις,

258 3137 456 3203 σκότος
491 3141 588 3211 μὲν
631 3141 692 3196 τὸ
737 3142 795 3210 ἐξ
828 3144 1071 3201 ἐναντίου
1116 3149 1252 3221 πρὸς
1288 3152 1350 3205 τὸ
1385 3153 1499 3222 φῶς
1542 3154 1829 3227 νοούμενον

252 3227 608 3299 ὁριζόμενος·
641 3230 811 3288 νύκτα
839 3233 895 3288 δὲ
926 3236 1025 3307 τὴν
1048 3239 1268 3310 τοσήνδε
1297 3240 1389 3295 τοῦ
1424 3243 1647 3309 σκότους
1672 3263 1828 3317 περι-

254 3318 481 3409 γραφὴν
504 3320 802 3392 ὀνομάζων.
843 3326 1050 3381 Οὐκοῦν
1073 3327 1306 3402 ἔρρωται
1339 3332 1426 3388 διὰ
1455 3335 1671 3390 πάντων
1698 3338 1828 3409 ἡμῖν

253 3409 289 3462 ὀ
320 3406 516 3501 λόγος,
549 3415 598 3467 εί
628 3414 721 3468 καὶ
759 3416 834 3489 μὴ
863 3420 1126 3490 τεχνικῶς
1159 3422 1299 3476 κατὰ
1338 3424 1406 3478 τὰ
1438 3429 1696 3499 σχήματα
1720 3406 1829 3501 *τῆς

254 3498 609 3575 διαλεκτικῆς
640 3509 1035 3579 συγκροτῆται·
1062 3510 1275 3578 δεικνὺς
1302 3515 1383 3569 ὅτι
1415 3498 1829 3592 Θεὸςπραγμά-

253 3609 369 3655 των
414 3593 532 3648 ἐστὶ
569 3595 933 3668 δημιουργὸς,
977 3601 1038 3654 ού
1086 3604 1344 3673 ῥημάτων
1376 3606 1579 3676 ψιλῶνο
1622 3610 1684 3664 ού
1721 3612 1827 3683 γάρ

253 3683 472 3737 ἐκείνου
495 3685 674 3757 χάριν,
697 3688 810 3742 ἀλλ’
837 3689 993 3760 ἡμῶν
1008 3690 1192 3745 ἕνεκεν
1220 3693 1489 3748 ἐπίκειται
1515 3698 1627 3760 τοῖς
1649 3699 1827 3770 πράγ-

255 3792 398 3846 μασι
426 3775 495 3830 τά
521 3776 780 3849 ὀνόματα.

327 3868 430 3921 Διά
457 3869 563 3942 γάρ
598 3869 659 3924 τὸ
689 3871 765 3943 μὴ
806 3871 1031 3928 πάντοτε
1058 3873 1279 3928 δυνατὸν
1311 3877 1443 3947 ⁴ἡμῖν
1475 3872 1614 3932 εἶναι
1652 3881 1851 3937 πάντα..

248 3958 317 4011 δν
352 3957 650 4031 ὀφθαλμοῖς
681 3961 825 4032 ἔχειν
853 3962 1074 4041 τὰ-ὅντα
1098 4005 1111 4024 .
1155 3967 1216 4019 τὸ
1255 3965 1355 4037 μέν
1382 3983 1434 4019 τι
1464 3967 1572 4020 τῶν
1608 3970 1693 4022 ἀεὶ
1731 3989 1829 4024 πα·

247 4049 461 4122 ρόντων
488 4051 844 4125 γινώσκομεν,
867 4055 935 4110 τὰ
957 4056 1015 4109 δὲ
1043 4058 1109 4127 τῇ
1134 4057 1322 4129 μνήμῃ
1353 4058 1824 4132 ὲναπογράφομεν.

254 4140 473 4206 ’Λλλως
496 4141 551 4195 δὲ
577 4143 676 4197 ούκ
696 4144 841 4199 ἐστιν
867 4146 1170 4219 ἁσύγχυτον
1192 4147 1530 4220 φυλαχθῆναι
1562 4151 1694 4221 ἡμῖν
1727 4152 1827 4222 τὴν

251 4231 506 4303 μνήμην.
536 4233 611 4304 μὴ
637 4234 735 4305 τῆς
759 4234 868 4290 τῶν
897 4236 1176 4307 ὀνομάτων
1201 4239 1473 4310 σημασίας
1495 4238 1830 4295 διαστελλού-

246 4339 356 4394 σης
373 4324 472 4377 ἀπ’
483 4322 724 4395 ἀλλήλων
734 4325 802 4379 τὰ
812 4328 1204 4398 ὲναποκείμενα
1214 4332 1279 4399 τῇ
1292 4329 1498 4402 διανοίᾳ
1509 4330 1826 4403 πράγματα.

1944 1892 2023 1946 via
2047 1900 2101 1948 et
2128 1893 2317 1948 ordine
2341 1909 2403 1949 ea
2436 1910 2556 1964 quae
2609 1896 2864 1967 deinceps
2909 1909 3213 1968 sequuntur
3263 1916 3507 1966 enarrat,

1938 1981 2330 2050 productorum
2393 1985 2588 2040 seriem
2628 2001 2976 2042 enumerans.
3034 1988 3158 2044 Haec
3192 1999 3372 2047 autem
3399 2011 3503 2048 non

1937 2068 2095 2124 aliter
2135 2069 2258 2140 quis
2292 2085 2544 2127 sermone
2603 2074 2906 2143 exprimere
2966 2084 3196 2145 poterat,
3251 2082 3355 2136 nisi
3393 2084 3507 2138 haec

1937 2174 2032 2228 per
2058 2161 2277 2217 nomina
2295 2176 2414 2232 quae
2438 2177 2551 2217 rem
2584 2162 2828 2218 indicant
2861 2164 3214 2236 signiﬁcaret.
3234 2166 3504 2234 Quoniam

1937 2250 2102 2320 igitur
2136 2252 2397 2324 scriptum
2428 2263 2511 2310 est
2540 2254 2686 2325 quod
2736 2253 2880 2312 Deus
2900 2260 3112 2312 vocavit
3143 2259 3316 2315 lucem
3340 2261 3504 2326 diem,

1936 2338 2343 2412 intelligendum
2377 2353 2461 2400 est
2490 2342 2658 2399 Deum
2693 2359 2757 2399 ex
2791 2344 2912 2402 luce
2941 2346 3084 2404 diem
3141 2349 3357 2414 fecisse,
3386 2367 3509 2422 quae

1933 2430 2178 2500 estquid
2207 2432 2435 2491 alterum
2493 2434 2795 2491 secundum
2855 2438 3133 2509 propriam
3180 2443 3507 2502 rationem:

1936 2535 2042 2574 non
2071 2521 2214 2576 enim
2247 2523 2488 2579 eamdem
2524 2524 2826 2581 reddideris
2849 2526 2986 2584 lucis
3013 2537 3068 2584 et
3096 2530 3201 2586 diei
3236 2532 3506 2587 deﬁnitio-

1933 2625 2077 2677 nem.
2103 2613 2199 2669 sed
2220 2613 2311 2667 lux
2343 2615 2559 2685 quidem
2585 2624 2667 2671 est
2690 2617 2834 2687 quod
2867 2634 2935 2674 ex
2963 2622 3234 2675 contrario
3273 2623 3508 2680 tenebris

1932 2702 2241 2773 oppositum
2290 2704 2657 2775 intelligitur;
2712 2708 2831 2764 dies
2869 2724 3000 2764 vero
3052 2726 3308 2767 mensura
3354 2721 3506 2768 tanta

1933 2791 2201 2847 intervalli
2228 2794 2371 2864 quod
2400 2803 2483 2850 est
2507 2795 2561 2849 in
2597 2796 2737 2851 lure.
2772 2798 3034 2854 Similiter
3060 2809 3274 2856 noctem
3326 2811 3380 2857 et
3421 2813 3505 2857 te-

1932 2880 2126 2937 nebras
2160 2897 2255 2952 per
2308 2884 2553 2939 eamdem
2616 2886 2946 2944 deﬁnitionis
3026 2891 3344 2948 divisionem
3414 2910 3503 2949 co-

1931 2987 2179 3041 gnosces,
2211 2973 2258 3029 si
2280 2974 2534 3031 tenebras
2561 2959 3080 3046 quidem‘deiinieris
3098 2984 3242 3054 quod
3264 3001 3328 3041 ex
3366 3000 3499 3040 con-

1931 3064 2101 3120 trario
2130 3065 2234 3120 luci
2268 3067 2575 3138 oppositum
2610 3069 2951 3140 intelligitur,
2981 3083 3195 3131 noctem
3222 3093 3350 3132 vero
3386 3086 3506 3132 tau-

1931 3165 2039 3207 tam
2097 3157 2442 3213 tenebrarum
2499 3160 3059 3233 circumscriptionem
3113 3168 3501 3224 nominaveris.

1931 3243 2112 3310 Quare
2139 3262 2237 3317 per
2276 3249 2460 3305 omnia
2494 3251 2655 3307 nobis
2687 3252 3007 3310 confirmata
3046 3265 3131 3312 est
3154 3260 3350 3323 oratio,
3378 3261 3504 3315 licet

1930 3350 2037 3390 non
2073 3337 2368 3395 artificiose
2441 3357 2536 3411 per
2565 3343 2765 3412 ﬁguras
2822 3346 2958 3401 artis
3007 3346 3311 3403 disserendi
3365 3364 3500 3403 con~

1930 3434 2139 3482 structa
2157 3435 2263 3488 est,
2295 3429 2681 3489 demonstrans
2719 3435 2865 3505 quod
2914 3436 3059 3492 Deus
3088 3452 3268 3492 rerum
3304 3445 3359 3493 et
3379 3439 3500 3509 upi-

1931 3519 2017 3576 fex
2050 3530 2103 3576 et
2129 3523 2398 3589 conditor,
2441 3541 2551 3581 non
2580 3528 2865 3584 verborum
2890 3531 3189 3594 nudorum;
3216 3546 3325 3585 non
3356 3532 3498 3586 enim

1931 3610 2080 3667 illius
2108 3614 2302 3683 gratia,
2336 3616 2430 3670 sed
2481 3620 2653 3673 nostri
2688 3634 2852 3677 causa
2889 3621 3052 3678 rebus
3094 3633 3216 3676 sunt
3249 3622 3500 3691 imposita

1929 3716 2168 3755 nomina.

1999 3871 2266 3940 Quoniam
2292 3876 2436 3931 enim
2473 3893 2583 3933 non
2615 3894 2828 3950 semper
2856 3893 3144 3948 possumus
3162 3880 3341 3933 omnia
3377 3895 3496 3949 qum

1929 3970 2056 4018 sunt
2106 3980 2218 4035 pra:
2265 3967 2441 4022 oculis
2501 3968 2723 4034 habere,
2779 3984 2993 4038 semper
3052 3968 3268 4039 quidem
3307 3983 3494 4023 eorum

1928 4068 2050 4124 qua:
2107 4054 2307 4111 adsunt
2362 4057 2566 4128 aliquid
2624 4059 3024 4129 cognoscimus,
3080 4059 3186 4113 alia
3239 4073 3365 4114 vero
3439 4060 3493 4114 iu

1928 4146 2191 4201 memoria
2244 4147 2617 4203 inscribimus.
2675 4149 2928 4219 Alioquin
2985 4150 3246 4204 memoria
3307 4150 3496 4206 incon.

1930 4231 2051 4290 fusa
2104 4235 2262 4291 aliter
2327 4238 2641 4292 conservari
2707 4253 2816 4293 non
2887 4247 3090 4308 posset,
3157 4239 3265 4295 nisi
3323 4241 3495 4296 nomi-

1928 4337 2058 4376 num
2084 4322 2409 4392 signiﬁcatio
2437 4339 2526 4379 res
2548 4340 2670 4395 qua:
2702 4326 2756 4380 in
2788 4334 2968 4383 mente
2992 4328 3327 4399 consignata:
3345 4337 3491 4393 sunt,

243 4412 374 4483 Θεῷ
397 4412 452 4466 δὲ
479 4413 653 4469 πάντα
676 4414 923 4487 πάρεστι,
942 4419 1032 4471 καὶ
1045 4418 1194 4473 οὐδὲν
1207 4419 1288 4474 δεῖ
1304 4421 1523 4492 μνήμης
1541 4421 1688 4493 αύτῷ
1702 4422 1830 4478 πάν⁴

1934 4424 1965 4463 a
1998 4411 2301 4467 seinvicem
2322 4412 2697 4485 distingueret.
2736 4413 2850 4472 Deo
2870 4428 3047 4472 autem
3071 4418 3269 4473 adsunt
3291 4421 3491 4485 omnia,

241 4521 362 4558 ων
401 4507 467 4575 τῇ
495 4504 772 4578 διορατικῇ
811 4507 1036 4579 δυνάμει
1078 4512 1592 4583 περικρατουμὲνων
1631 4529 1692 4566 τε
1729 4513 1825 4567 καὶ

1932 4515 2107 4571 neque
2145 4500 2196 4556 ei
2243 4516 2380 4571 opus
2408 4511 2494 4560 est
2523 4498 2806 4569 me‘moria,
2840 4522 2962 4563 cum
3009 4507 3130 4578 ejus
3181 4511 3495 4581 perspicace

240 4594 762 4665 θεωρουμένων.Τίς
775 4592 867 4652 οὖν
882 4598 966 4652 ἐπ’
982 4599 1144 4655 αὐτοῦ
1159 4600 1316 4672 χρεία
1330 4602 1616 4675 ῥήματοςῆ
1630 4603 1827 4683 ὀνόματ

236 4702 361 4749 στος.
379 4685 551 4750 αὐτῆς
569 4686 671 4757 τῆς
696 4688 754 4742 ὲν
767 4688 915 4767 αὖῗῷ
942 4690 1130 4761 σοφίας
1155 4708 1212 4746 τε
1230 4692 1635 4765 καὶδυνάμεως,
1655 4694 1826 4764 ἀσύγ-

236 4777 415 4849 χυτόν
439 4794 501 4831 τε
525 4778 619 4833 καὶ
641 4778 1059 4853 διακεκριμένην
1075 4782 1173 4854 τὴν
1200 4781 1307 4835 τῶν
1330 4782 1499 4837 ὄντων
1528 4781 1692 4852 φύσιν
1721 4800 1817 4835 πε-

239 4867 562 4942 ριεχούσηςς
576 4870 782 4927 Ούκοῦν
798 4870 946 4940 παρὰ
956 4871 1089 4927 Θεοῦ
1108 4874 1204 4942 μὲν
1220 4873 1286 4926 τά
1298 4873 1425 4926 ὄντα
1437 4873 1529 4926 καὶ
1542 4872 1825 4941 ὑφεστῶτα

235 4958 463 5023 πάντα,
498 4958 599 5030 τῆς
624 4958 682 5013 δὲ
715 4959 993 5030 ἡμετέρας
1014 4959 1199 5013 ἕνεκεν
1224 4960 1466 5031 ὁδηγίας,
1503 4960 1692 5014 ἔπεστι
1712 4964 1824 5025 τοῖς

230 5043 372 5104 οὖσι
391 5048 460 5103 τὰ
490 5049 829 5120 σημειωτικά
861 5050 968 5105 τῶν
991 5050 1328 5123 πραγμάτων
1346 5050 1602 5122 ὀνόματα.
1631 5049 1818 5104 Ταῦτα

228 5140 327 5207 δὲ,
357 5141 505 5205 κατὰ
533 5141 595 5194 τὸ
624 5142 857 5214 ἀρέσκον
885 5144 1005 5206 ταῖς
1030 5141 1137 5196 τῶν
1168 5141 1469 5214 ἀνθρώπων
1510 5140 1819 5214 συνηθείαις

228 5231 505 5304 γίνεσθαί
538 5249 621 5296 τις
642 5231 832 5295 εἰπὼν,
866 5232 1017 5286 οὐδὲν
1046 5232 1125 5295 είς
1142 5232 1232 5286 τὸν
1255 5232 1351 5304 τῆς
1378 5232 1630 5305 προνοίας
1652 5232 1755 5304 πλη
1764 5250 1825 5303 μη

230 5322 482 5395 μελήσει
504 5321 681 5391 λόγον.
707 5323 780 5377 υύ
814 5323 922 5395 γὰρ
946 5322 1044 5394 τὴν
1066 5321 1225 5392 φύσιν
1253 5323 1362 5376 τῶν
1385 5322 1554 5376 ὄντων
1576 5321 1821 5393 γίνεσθαι

234 5408 390 5479 παρ’
415 5408 597 5479 ἡμῶν,
625 5408 760 5463 ἀλλὰ
784 5410 852 5464 τὰ
880 5410 1113 5481 ὀνόματα
1134 5408 1597 5480 λέγομεν.Ἀλλως
1625 5410 1820 5483 ὀνομά-

228 5501 334 5565 ζει
365 5497 457 5552 τὸν
480 5497 707 5567 οὐρανὸν
731 5501 758 5553 ό
785 5498 1053 5571 Ἐδραῖος,
1079 5499 1172 5553 καὶ
1200 5500 1400 5571 ἑτέρως
1425 5502 1453 5554 ὀ
1482 5500 1782 5565 Χαναναῖος
1800 5518 1816 5532 ·

214 5588 356 5641 νοεῖ
375 5585 433 5640 ὀὲ
447 5585 708 5653 ὡσαύτως
725 5587 999 5661 ἑκάτερος,
1020 5588 1171 5644 οὐδὲν
1196 5591 1260 5661 τῇ
1275 5589 1508 5660 διαφορᾷ
1528 5588 1635 5641 τῶν
1655 5589 1819 5659 φθόγ-

217 5694 361 5748 γων
380 5677 508 5751 περὶ
533 5678 630 5752 τὴν
658 5679 983 5749 κατανόησιν
1001 5679 1092 5734 τοῦ
1119 5680 1475 5751 ὑποκειμένου
1492 5680 1814 5751 διασταλλό-

1514 5794 1525 5823 ί

1925 4590 2165 4660 potentia
2186 4593 2368 4646 omnia
2383 4594 2768 4651 contineantur
2778 4608 2832 4653 et
2847 4607 3165 4654 cernantur.
3180 4599 3314 4665 Quis
3331 4600 3494 4670 igitur

1922 4682 1979 4737 in
2005 4697 2069 4738 eo
2092 4682 2243 4738 verbi
2273 4685 2617 4755 vel-nominis
2653 4704 2810 4752 usus,
2839 4703 2965 4743 cum
2996 4689 3111 4760 ipsa
3154 4705 3276 4761 qua:
3324 4690 3377 4745 in
3426 4706 3492 4744 eo

1922 4779 2007 4827 est
2061 4771 2328 4842 sapientia
2379 4782 2433 4829 et
2492 4777 2733 4846 potentia
2784 4776 3127 4833 inconfusam
3190 4786 3245 4833 et
3297 4780 3491 4835 distin-

1922 4870 2066 4918 ctam
2099 4866 2289 4920 eorum
2318 4880 2442 4937 quae
2484 4875 2612 4921 sunt
2640 4874 2895 4922 naturam
2930 4870 3250 4925 contineat?
3284 4870 3488 4937 Quam-

1920 4954 2107 5010 obrem
2157 4969 2189 5009 a
2227 4954 2336 5012 Deo
2385 4956 2602 5027 quidem
2660 4966 2787 5013 sunt
2842 4974 2906 5015 ea
2955 4975 3077 5030 quae
3152 4970 3280 5017 sunt
3339 4977 3487 5032 quae-

1920 5061 2027 5116 que
2080 5046 2392 5102 subsistunt
2440 5049 2660 5114 omnia,
2717 5049 2811 5105 sed
2874 5058 3076 5107 nostrae
3146 5052 3487 5107 deductionis

1919 5149 2085 5192 causa
2104 5136 2191 5192 his
2219 5152 2340 5207 qua:
2361 5148 2490 5194 sunt
2526 5138 2888 5211 signiﬁcativa
2919 5156 3102 5196 rerum
3132 5130 3487 5213 imponuntur

1919 5228 2158 5283 nomina.
2192 5227 2315 5285 Haec
2341 5240 2542 5293 autem,
2590 5238 2646 5284 ut
2677 5232 2953 5286 hominum
2996 5234 3117 5287 usui
3148 5240 3203 5287 et
3254 5247 3485 5288 consue-

1918 5315 2097 5369 tudini
2149 5317 2349 5389 placet,
2380 5320 2425 5371 si
2458 5319 2585 5388 quis
2615 5319 2815 5375 dixerit
2857 5322 2993 5384 fieri,
3049 5322 3185 5377 nihil
3218 5322 3272 5377 in
3308 5325 3486 5393 provi-

1919 5405 2112 5461 dentia:
2153 5409 2413 5465 rationem
2439 5411 2768 5479 peccaverit.
2821 5411 2939 5467 Non
2981 5412 3123 5468 enim
3152 5428 3341 5470 eorum
3364 5431 3484 5486 qua:

1918 5504 2047 5553 sunt
2082 5507 2351 5563 naturam,
2378 5500 2472 5555 sed
2496 5502 2715 5555 nomina
2746 5502 2864 5558 ﬁeri
2898 5518 2928 5557 a
2965 5505 3125 5561 nobis
3154 5506 3477 5563 asscrimus.

1917 5589 2090 5645 Aliter
2115 5589 2371 5645 Hebraeus
2408 5590 2605 5645 coelum
2634 5593 2899 5657 nominat,
2924 5594 3083 5650 aliter
3110 5593 3479 5664 Chananeus;

1921 5680 2016 5738 sed
2070 5681 2255 5739 codem
2310 5681 2471 5738 modo
2518 5679 2766 5754 intelligit
2797 5693 3044 5756 uterque,
3079 5686 3214 5742 nihil
3264 5697 3479 5758 propter
