4010 6212
495 298 516 349 ἰ
525 295 629 351 (ἲθῚ

1716 301 1777 354 s.
1822 271 2151 355 miscenti
2198 298 2481 357 Ni’SSENi

3565 268 3720 359 1603*

485 410 1124 469 sunorumdiﬂerentiam
1162 412 1215 467 in
1255 412 1485 485 subjecti
1528 417 1837 486 cognitione
1890 419 2044 472 aber-

2164 435 2329 488 μενος.
2370 394 2431 473 Ἦ
2462 419 2516 472 δὲ
2543 419 2659 473 λίαν
2694 402 2923 490 εὐλαϐὴς
2950 382 3053 471 τῶν
3087 415 3261 486 σοφῶν
3285 398 3487 473 τούτων
3525 419 3707 473 ἔθελο-

486 521 631 562 rans.
675 504 777 559 Sed
811 506 1001 560 horum
1030 506 1333 576 sapientum
1368 509 1595 561 nimium
1636 516 1795 563 cauta
1818 516 1873 563 et
1904 510 2046 561 timi-

482 592 552 647 da
600 592 939 662 superstitio,
980 608 1078 663 per
1133 610 1255 665 qua:
1305 597 1522 661 asserit,
1569 598 1802 667 quod'si
1856 597 2045 651 datum

486 683 650 739 fuerit
689 683 758 739 ab
791 684 1103 740 hominibus
1135 686 1337 743 inditas
1362 701 1484 742 esse
1521 687 1685 743 rebus
1721 702 1904 752 voces,
1951 688 2048 740 ho-

486 776 660 830 mines
707 774 817 832 Deo
852 776 1272 848 principaliores
1316 793 1461 843 esse,
1500 792 1640 832 vana
1682 793 1805 833 esse
1858 776 2048 832 redar-

485 869 687 939 guitur,
719 876 771 923 et
793 884 913 940 quae
929 869 1228 925 subsistere
1249 869 1452 939 nequit,
1473 884 1534 923 ac
1550 885 1644 940 per
1666 870 1843 940 ipsum
1880 867 2048 923 Mosis

485 962 793 1031 exemplum
839 961 984 1031 quod
1048 962 1208 1017 nobis
1264 962 1318 1016 in
1367 961 1648 1032 Scriptura
1715 976 2045 1015 commemo-

487 1061 639 1106 ratur
668 1051 731 1107 δ’.
794 1051 928 1118 Quis
995 1053 1140 1107 enim
1202 1054 1302 1121 ipsi
1363 1053 1497 1108 Mosi
1560 1053 1756 1108 indidit
1812 1052 2051 1107 nomen?

488 1141 675 1197 Nonne
702 1142 807 1197 lilia
835 1142 1154 1209 Pharaonis,
1184 1160 1303 1214 quae
1328 1160 1451 1199 eum
1474 1160 1535 1198 ex
1566 1154 1762 1199 eventu
1804 1144 2067 1215 nomina:

491 1233 604 1287 vit?
633 1233 808 1291 Moses
842 1235 984 1290 enim
1018 1234 1395 1308 Egyptiorum
1431 1237 1611 1307 lingua
1645 1235 1845 1292 dicitur
1887 1253 2045 1306 aqua.

487 1323 753 1391 Quoniam
786 1325 953 1396 igitur
989 1325 1285 1381 secundum
1306 1328 1521 1398 tyranni
1540 1327 1774 1382 edictum
1802 1327 1856 1381 in
1884 1341 2049 1395 capsa

489 1421 604 1472 sive
633 1419 769 1473 cista
805 1418 1114 1488 impositum
1146 1418 1403 1473 infantem
1438 1425 1685 1488 parentes
1714 1418 1932 1473 ﬂuentis
1955 1418 2051 1472 de-

490 1507 683 1561 derant
716 1507 817 1577 (sic
849 1507 992 1561 enim
1024 1507 1243 1576 quidam
1280 1507 1665 1563 historicorum
1693 1506 1760 1561 de
1788 1507 1905 1577 ipso
1931 1523 2052 1561 nar-

491 1600 787 1665 raverunt),
828 1597 941 1653 haec
990 1614 1117 1653 vero
1167 1599 1305 1653 cista
1339 1598 1520 1653 divina
1553 1600 1828 1653 voluntate
1874 1597 2048 1652 unda-

492 1704 611 1743 rum
640 1688 845 1742 vortice
872 1687 1160 1751 ﬂuctuans,
1215 1689 1346 1758 ripae
1378 1688 1593 1742 admota
1620 1697 1721 1752 est,
1752 1695 1805 1742 et
1854 1703 1883 1741 a
1941 1687 2050 1740 filia

436 1774 445 1779 ”
491 1778 638 1849 regis
674 1777 909 1842 inventa,
941 1794 1062 1848 qua:
1100 1784 1229 1832 tunc
1252 1780 1306 1832 in
1336 1778 1429 1831 illo
1456 1776 1678 1831 ﬂumine
1707 1792 1905 1847 corpus
1951 1777 2051 1832 ab-
2086 1765 2128 1821 Β

492 1867 698 1933 hiabat,
727 1879 781 1925 et
806 1870 950 1939 quod
978 1885 1044 1924 ex
1076 1884 1214 1940 aqua
1250 1884 1383 1939 puer
1416 1869 1518 1940 ipsi
1550 1869 1851 1940 acquisitus
1887 1879 2050 1935 esset,

494 1968 904 2015 monumentum
935 1960 1139 2016 fortuiti
1170 1969 1399 2016 eventus
1428 1976 1597 2031 puero
1645 1960 1845 2017 dicitur
1877 1963 2055 2030 impo-

498 2054 674 2107 suisse
711 2067 925 2107 nomen.
978 2052 1097 2118 Quo
1121 2052 1284 2106 etiam
1314 2052 1454 2106 Deus
1481 2053 1595 2122 ipse
1622 2052 1674 2105 in
1712 2066 1813 2107 suo
1853 2050 2055 2107 famulo

495 2144 572 2196 uti
610 2159 716 2198 non
747 2144 1072 2214 dedignatus
1097 2152 1200 2209 est,
1258 2158 1433 2213 neque
1481 2142 1761 2213 indignum
1794 2140 2058 2212 judicavit

494 2233 741 2289 barbara:
767 2235 1105 2289 vocationem
1135 2235 1188 2289 in
1226 2234 1483 2304 proyheta
1509 2233 1779 2303 propriam
1833 2232 2052 2287 sinere:

496 2325 577 2379 sic
606 2332 731 2381 ante
761 2326 905 2380 hunc
936 2324 1103 2381 Jacob
1134 2325 1320 2381 fratris
1356 2324 1539 2395 planta
1567 2339 1730 2378 manu
1765 2323 2059 2393 apprehen-

496 2431 577 2481 sa,
608 2415 986 2486 supplantator
1012 2432 1077 2471 ex
1106 2415 1277 2488 figura
1313 2430 1422 2486 qua
1450 2415 1629 2471 editus
1664 2425 1749 2471 est
1775 2414 1827 2468 in
1858 2415 2055 2482 lucem,

496 2508 796 2579 appellatus
826 2516 910 2563 est
938 2507 1009 2562 ⁸⁹.
1042 2507 1125 2562 Ad
1148 2508 1249 2563 hoc
1281 2508 1426 2561 enim
1453 2506 1595 2562 ferre
1624 2506 1860 2561 nominis
1886 2505 2056 2561 Jacob

494 2599 997 2669 interpretationem
1036 2600 1089 2654 in
1124 2598 1366 2653 Graecam
1398 2614 1586 2654 vocem
1629 2605 2055 2667 transsumptam

497 2691 575 2746 illi
605 2693 697 2763 qui
735 2692 861 2747 talia
891 2700 1160 2747 noverunt
1190 2692 1421 2758 docent;
1462 2700 1517 2746 et
1560 2691 1762 2746 Phares
1794 2690 2057 2745 obstetrix

497 2799 689 2839 rursus
718 2799 783 2839 ex
816 2791 1010 2839 eventu
1048 2783 1141 2853 qui
1176 2783 1373 2837 accidit
1402 2784 1456 2836 in
1486 2790 1641 2853 partu
1665 2781 1964 2836 nominavit
1987 2781 2055 2833 “.

498 2876 563 2931 Et
590 2876 776 2931 nullus
816 2876 961 2939 ideo,
988 2874 1285 2930 secundum
1311 2873 1659 2935 Eunomium,
1690 2874 1792 2928 sibi
1854 2871 2059 2949 princi-

498 2978 684 3038 patum
715 2965 810 3021 Dei
843 2973 1110 3037 potestate
1144 2966 1507 3036 antiquiorem
1554 2966 1840 3021 ambitiose
1893 2964 2062 3019 voluit

496 3076 775 3133 arrogare.
810 3059 915 3115 Sed
945 3067 998 3115 et
1032 3060 1360 3131 patriarchis
1403 3065 1606 3114 matres
1640 3058 1857 3113 nomina
1887 3058 2060 3127 impo-
2085 3096 2130 3155 ο

496 3159 668 3219 nunt;
699 3151 911 3219 liuben,
956 3151 1200 3217 Simeon,
1249 3149 1376 3207 Levi
1404 3150 1472 3218 ",
1516 3158 1571 3206 et
1624 3150 1849 3219 reliquis
1883 3148 2058 3201 omni-

498 3245 599 3300 bus
626 3245 883 3317 deinceps
923 3232 1194 3302 similiter.
1241 3242 1307 3296 Et
1350 3243 1533 3297 nullus
1576 3240 1873 3296 secundum
1914 3240 2063 3294 hunc

500 3344 819 3409 nugatorem
849 3339 903 3392 in
945 3338 1056 3392 illis
1085 3335 1422 3405 temporibus
1467 3334 1666 3389 divinae
1713 3331 2065 3402 providentire

500 3427 769 3483 sollicitus
816 3434 1038 3481 curator
1084 3424 1315 3489 exstitit,
1364 3422 1459 3493 qui
1516 3422 1826 3492 prohiberet
1859 3434 1927 3475 ne
1971 3436 2067 3489 per

500 3519 641 3574 hanc
668 3516 947 3571 nominum
980 3513 1381 3585 impositionem
1412 3512 1749 3567 mulierculae
1784 3510 1894 3565 Deo
1917 3509 2066 3580 prin-

500 3611 791 3681 cipaliores
821 3610 1027 3664 fierent.
1062 3607 1195 3674 Quis
1216 3615 1395 3661 autem
1426 3604 1641 3674 singula
1666 3618 1788 3673 qua:
1819 3617 1883 3657 ex
1909 3615 2067 3657 sacra

503 3703 783 3774 Scriptura
808 3701 1050 3773 depromi
1079 3707 1327 3771 possunt,
1346 3698 1521 3753 valeat
1551 3711 1853 3752 recensere:
1872 3708 2067 3765 aquam

502 3793 974 3858 contradictionis,
1023 3798 1077 3847 et
1107 3792 1284 3846 locum
1320 3791 1522 3853 luctus,
1550 3795 1604 3843 et
1632 3786 1821 3842 collem
1855 3800 2068 3855 praepu-

505 3889 726 3951 tiorum,
761 3892 817 3942 et
847 3884 1043 3940 vallem
1072 3882 1297 3947 racemi,
1322 3888 1377 3936 et
1424 3893 1614 3950 agrum
1654 3874 1958 3947 sanguinis,
2016 3882 2073 3929 et

503 3981 687 4037 omnia
721 3974 1036 4047 bujusmodi
1072 3973 1314 4036 nomina,
1339 3987 1460 4041 qua:
1490 3968 1706 4040 quidem
1731 3968 1802 4021 ab
1830 3965 2070 4021 homini-

505 4073 609 4127 bas
632 4070 905 4140 imposita,
939 4080 1082 4136 saepe
1106 4065 1268 4119 etiam
1319 4078 1379 4118 ex
1418 4075 1650 4133 persona
1691 4057 1784 4114 Dei
1828 4072 2071 4113 comme-

506 4166 831 4219 morantur?
870 4160 973 4214 Per
1023 4173 1142 4228 qua:
1182 4157 1307 4212 licet
1333 4155 1541 4210 discere
1573 4151 1716 4223 quod
1749 4164 1927 4220 neque
1976 4164 2071 4204 su-

510 4264 606 4320 pra
656 4249 948 4304 humanam
980 4245 1301 4316 dignitatem
1335 4252 1419 4300 est
1449 4259 1511 4298 ea
1542 4257 1661 4312 qua:
1704 4239 1762 4294 fit
1808 4239 1874 4294 de
1907 4239 2072 4294 rebus

508 4356 607 4413 per
636 4340 800 4396 verba
829 4339 1148 4403 declaratio,
1180 4352 1355 4405 neque
1388 4350 1483 4401 per
1516 4334 1630 4389 brec
1678 4330 1878 4387 divina:
1915 4341 2074 4385 natu-

508 4448 581 4487 ra:
606 4430 845 4502 potentia
875 4430 995 4499 plus
1022 4425 1362 4482 auctoritatis
1395 4424 1578 4479 habet.

583 4520 863 4595 Sedalias
890 4519 1106 4591 quidem
1157 4532 1331 4588 nugas
1386 4531 1523 4587 quas
1552 4523 1743 4571 contra
1789 4512 2073 4569 veritatem

507 4622 743 4684 nugatus
769 4621 854 4668 est
884 4612 1109 4679 delirus,
1143 4618 1202 4665 ut
1231 4608 1440 4664 nullum
1465 4615 1653 4662 contra
1693 4606 1945 4675 dogmata
1986 4617 2077 4658 ro-

508 4706 611 4761 bur
645 4705 903 4759 habentes
931 4701 1152 4758 silentio
1172 4699 1487 4771 praeteribo,
1519 4712 1918 4767 supervacuum
1952 4712 2077 4753 esse

505 4797 759 4866 judicans
795 4796 849 4849 in
883 4794 1038 4850 vanis
1068 4794 1271 4849 diutius
1294 4791 1590 4847 immorari.
1642 4788 1775 4856 Quis
1806 4790 1952 4845 enim
2000 4793 2075 4844 ita

507 4887 733 4943 demens
765 4895 819 4940 et
850 4884 1166 4940 melioribus
1210 4884 1358 4940 curis
1387 4897 1610 4943 vacuus,
1640 4889 1700 4934 ut
1751 4895 1972 4949 operam
2023 4888 2077 4936 et

508 4979 752 5037 studium
785 4977 843 5032 in
880 4975 1224 5032 sermonibus
1256 4974 1562 5029 amentibus
1590 4980 1645 5029 et
1685 4972 1895 5027 insanis
1949 4987 2076 5041 per-

509 5072 639 5127 dere
669 5068 822 5133 velit,
866 5076 922 5123 et
954 5066 1206 5121 altercari
1252 5064 1513 5121 adversus
1546 5080 1641 5121 eos
1681 5064 1775 5135 qui
1820 5068 2077 5117 asserunt

510 5180 611 5220 nos
670 5161 944 5218 aﬂirmare
1008 5158 1154 5229 quod
1209 5157 1488 5212 hominum
1554 5171 1687 5211 cura
1742 5153 1841 5210 Dei
1924 5151 2078 5209 solli.

512 5251 751 5305 citudine
834 5256 889 5305 et
966 5260 1098 5302 cura
1162 5244 1513 5317 principalior
1584 5252 1689 5307 est,
1774 5250 1829 5299 et
1894 5241 2075 5313 potio-

513 5355 626 5397 rem
702 5342 1085 5396 auctoritatem
1148 5337 1356 5406 habet,
1438 5343 1493 5392 et
1568 5336 1712 5406 quod
1795 5335 2075 5406 negligen-

513 5431 644 5486 tiam
686 5448 808 5503 qua:
853 5433 1147 5490 solutiores
1200 5430 1413 5486 animos
1464 5427 1758 5494 disturbat,
1814 5426 1883 5482 ad
1928 5426 2077 5482 illius

514 5520 902 5578 tr'ansferimus
948 5520 1381 5594 providentiam?
1432 5516 1560 5572 Haec
1608 5516 1676 5571 ad
1712 5515 1935 5572 verbum
1973 5532 2079 5571 vox

513 5612 905 5670 calumniantis
932 5627 1032 5668 nos
1054 5611 1299 5682 protulit.
1336 5607 1449 5687 Ego
1471 5615 1651 5679 autem
1677 5605 1885 5677 :equale
1933 5606 2080 5661 arbi-
2126 5599 2131 5604 ’

2104 4450 2148 4507 D

2153 510 2415 583 θρησκεία
2452 511 2518 563 δι’
2550 506 2625 565 ὧν
2654 512 2701 563 εί
2725 509 2899 580 δοθείη
2927 508 3075 579 παρά
3101 508 3397 579 ἀνθρώπων
3430 505 3568 563 εἶναι
3599 511 3708 573 τοῖς

2154 601 2439 671 πράγμασι
2482 599 2582 663 τάς
2617 600 2819 670 φωνάς,
2846 599 2906 653 τὸ
2943 598 3420 670 άρχηγικωτέρους
3450 594 3590 653 εἶναι
3614 600 3708 653 τοῦ

2151 690 2286 745 Θεοῦ
2317 693 2441 755 τοὺς
2483 691 2800 764 ἀνθρώπους
2838 691 3268 757 κατασκευάζει,
3297 690 3574 761 ἐλέγχεται
3609 710 3710 761 μα-

2152 782 2280 836 ταία
2318 799 2401 845 τις
2439 776 2571 835 οῦσα
2613 782 2706 836 καὶ
2749 782 3143 846 ἀνυπόστατος,
3176 781 3270 834 καὶ
3302 781 3369 834 δι’
3409 782 3575 835 αὐτοῦ
3616 780 3708 835 τοῦ

2156 874 2295 929 κατά
2322 874 2412 928 τὸν
2445 873 2688 929 Μωῦσέα
2721 872 3181 945 μνημονευθέντος
3210 874 3341 944 ἡμῖν
3370 860 3712 945 ὑπδέίγμαξ-

2154 983 2264 1029 τος.
2286 964 2441 1035 Αὐτῷ
2462 964 2568 1036 γὰρ
2588 963 2665 1036 τῷ
2685 963 2887 1035 Μωῦσῇ
2915 964 2999 1028 τίς
3021 962 3172 1033 ἔθετο
3196 962 3291 1035 τὴν
3311 964 3711 1035 προσηγορίανς

2155 1057 2266 1127 Οὐχ
2296 1060 2329 1128 ή
2364 1056 2605 1128 θυγάτηρ
2641 1056 2733 1109 τοῦ
2770 1054 2967 1127 Φαραὼ
2992 1057 3057 1108 ὲκ
3083 1053 3175 1108 τοῦ
3206 1055 3507 1125 συμϐάντος
3527 1058 3715 1108 ἐστονο-

2158 1149 2407 1218 μάσασα;
2439 1148 2674 1216 Μωῦσῆς
2717 1146 2824 1217 γάρ
2854 1146 2916 1199 τὸ
2954 1144 3109 1219 ὕδωρ
3145 1145 3358 1213 λέγεται
3385 1149 3451 1216 τῇ
3481 1145 3591 1198 τῶ.
3625 1148 3718 1198 Αί-

2154 1238 2395 1307 γυπτίων
2441 1240 2609 1308 φωνῇ.
2648 1238 2801 1290 Ἐπεὶ
2843 1233 2935 1291 οὖν
2973 1235 3112 1290 κατά
3151 1232 3213 1288 τὸ
3262 1236 3587 1309 πρόσταγμα
3626 1233 3717 1288 τοῦ

2099 1386 2103 1391 ,
2152 1328 2432 1400 τυράννου,
2458 1326 2671 1397 κιὸωτῷ
2687 1326 2747 1379 τὸ
2775 1326 2969 1396 βρέφος
2991 1324 3232 1399 ἐνθέντες
3256 1326 3718 1397 οίλγεννησάμενοι

2152 1423 2262 1484 τοῖς
2284 1418 2517 1491 ῥείθροις
2530 1417 2752 1471 ἔδωκαν·
2771 1416 2911 1469 οὕτω
2933 1415 3198 1486 γάρτινες
3217 1414 3323 1468 τῶν
3346 1415 3633 1487 ἱστορικῶν
3656 1414 3719 1469 τά

2154 1512 2269 1565 κατ’
2300 1509 2458 1564 αὑτὸν
2486 1509 2837 1580 διηγήσαντο’
2865 1508 2899 1578 η
2926 1508 2981 1560 δὲ
3004 1508 3143 1561 κατά
3171 1505 3311 1559 θετον
3339 1505 3590 1577 βούλημα
3613 1506 3717 1559 ὑπο

2152 1601 2252 1670 τῆς
2276 1600 2423 1671 δίνης
2448 1598 2555 1651 τῶν
2580 1598 2835 1668 κυμάτων
2860 1596 3256 1668 ὲκκυμανθείσα
3279 1594 3632 1666 προσηνέχθη
3658 1597 3722 1666 τῇ

2154 1691 2306 1762 όχθῃ,
2335 1692 2428 1744 καὶ
2451 1691 2667 1761 εὖρημα
2692 1687 2788 1757 τῆς
2828 1686 3093 1757 βασιλίδος
3115 1686 3234 1740 κατ’
3260 1686 3449 1756 ἐκείνῳ
3482 1682 3566 1755 τῷ
3597 1684 3722 1738 λου⁹

2154 1781 2266 1855 τρῷ
2292 1782 2352 1834 τὸ
2382 1781 2539 1852 σῶμα
2580 1778 3007 1851 φαιδρυνομένης
3048 1777 3290 1845 ἐγένετο,
3319 1776 3393 1839 ὡς
3421 1776 3477 1842 ἐξ
3519 1774 3723 1839 ὓδατος

2153 1873 2288 1943 αὐτῇ
2325 1871 2417 1925 τοῦ
2460 1870 2643 1934 παιδὸς
2668 1869 2975 1937 κτηθέντος,
3013 1867 3352 1937 μνημόσυνον
3388 1865 3485 1935 τῆς
3520 1881 3724 1917 συν-ευρ

2154 1965 2275 2037 χίας
2301 1963 2517 2032 λέγεται
2545 1961 2621 2033 τῷ
2646 1961 2792 2014 παιδὶ
2818 1960 3000 2014 θέσθαι
3029 1958 3092 2011 τὸ
3113 1958 3304 2027 ὄνομα.
3333 1949 3402 2026 ᾯ
3431 1955 3526 2009 καὶ
3553 1954 3719 2014 αὐτὸς

2152 2062 2181 2112 ὀ
2208 2058 2335 2122 Θεὸς
2364 2057 2457 2111 ἐπὶ
2474 2056 2566 2110 τοῦ
2584 2055 2912 2126 θεράποντος
2932 2049 3233 2122 κεχρῆσθαι
3256 2050 3353 2102 οὐκ
3380 2046 3727 2118 ἀπηξίωσεν,

2154 2149 2273 2203 οὐδὲ
2302 2147 2516 2214 ἀνάξιον
2544 2147 2726 2218 ἔκρινε
2748 2143 2845 2216 τὴν
2866 2145 2962 2214 τῆς
2993 2141 3265 2213 βαρϐάρου
3293 2140 3473 2208 κλῆσιν
3495 2139 3606 2191 ἐπὶ
3635 2136 3728 2191 τοῦ

2157 2241 2435 2313 προφήτου
2458 2237 2647 2309 κυρίαν
2676 2236 2832 2289 ὲάσαι
2853 2254 2868 2269 ο
2895 2232 3067 2296 οὕτως
3092 2233 3229 2304 πρὸς
3271 2230 3453 2284 τούτου
3490 2226 3729 2286 Ἰακὼϐ,

2154 2332 2254 2401 τῆς
2283 2329 2376 2382 τοῦ
2399 2328 2658 2397 συγγόνου
2689 2325 2925 2397 πτέρνης
2954 2322 3369 2394 ἐπειλημμένος,
3392 2319 3733 2390 πτερνιστὴς

2156 2425 2221 2476 ἐκ
2262 2419 2356 2474 τοῦ
2407 2419 2682 2491 σχήματος
2719 2410 2764 2485 ᾧ
2814 2414 3224 2484 συναπεκυήθη,
3281 2409 3733 2483 προσηγορεύθη.

2157 2513 2253 2575 Εἰς
2281 2508 2438 2563 τοῦτο
2470 2508 2575 2579 γὰρ
2606 2506 2791 2577 φέρειν
2824 2504 2917 2558 τοῦ
2964 2501 3157 2558 Ἰακὼὸ
3188 2501 3287 2573 τήν
3316 2499 3631 2571 ἑρμηνείαν
3661 2500 3740 2560 είς

2169 2600 2392 2655 Ἐλλάδα
2424 2598 2606 2669 φωνὴν
2651 2595 3080 2667 μεταληφθεῖσαν
3114 2594 3163 2645 oi
3198 2590 3265 2644 τά
3286 2589 3509 2644 τοιαῦτα
3538 2604 3738 2658 νενοη-

2160 2693 2311 2756 κότες
2343 2691 2679 2745 διδάσκουσιν
2701 2704 2714 2719 ’
2752 2688 2845 2741 καὶ¹
2875 2686 2964 2739 τὸν
3000 2684 3173 2757 Φαρὲς
3206 2686 3240 2754 ή
3276 2683 3408 2753 μαία
3444 2681 3629 2734 πάλιν
3675 2682 3741 2731 ὲκ

2159 2783 2251 2838 τοῦ
2281 2784 2406 2852 περὶ
2445 2781 2533 2835 τὸν
2565 2781 2720 2834 τόκον
2752 2777 3051 2848 συμϐάντος
3079 2775 3349 2845 ὠνόμασε.
3386 2773 3498 2825 Καὶ⁵
3531 2771 3745 2832 οὐδεὶς,

2161 2874 2303 2929 κατά
2347 2873 2622 2943 Εὐνόμιον,
2665 2870 2741 2934 ὡς
2782 2865 3228 2940 ἀρχηγικωτέραν
3278 2864 3445 2932 αὐτὴν
3492 2862 3611 2943 τῆς
3652 2860 3750 2914 τοῦ

2160 2967 2296 3021 Θεοῦ
2321 2965 2562 3031 ἐξουσίας
2586 2961 2998 3031 ὲζηλοτύπησεν.
3017 2956 3176 3010 Ἀλλά
3205 2957 3297 3009 καὶ
3321 2957 3428 3017 τοῖς
3450 2954 3750 3025 πατριάρ-

2167 3078 2287 3132 χαις
2337 3061 2391 3113 αἱ
2445 3056 2676 3129 μητέρες
2718 3052 2787 3107 τά
2837 3053 3076 3122 ὀνόματα
3129 3047 3395 3102 τίθενται·
3440 3045 3750 3114 Ῥουϐεὶμ,

2166 3147 2417 3220 Συμεὼν,
2450 3145 2543 3199 καὶ
2567 3143 2716 3207 Λευὶ,
2756 3141 2848 3195 καὶ
2884 3142 2997 3202 τοῖς
3028 3137 3260 3206 καθεξῆς
3291 3136 3450 3189 πᾶσιν
3499 3134 3746 3203 ὁμοίως.

2166 3239 2272 3291 Καὶ
2308 3236 2482 3298 οὐδεὶς
2532 3233 2672 3287 κατά
2715 3230 2805 3283 τὸν
2851 3227 2947 3282 νῦν
2990 3226 3327 3297 λογογράφον
3365 3224 3421 3275 ὲν
3453 3224 3578 3285 τοῖς
3622 3222 3758 3275 τότε

2164 3329 2372 3401 χρόνοις
2400 3326 2494 3396 τῆς
2523 3322 2671 3386 θείας
2700 3319 2953 3392 προνοίας
2993 3315 3243 3388 κηδεμὼν
3283 3315 3551 3384 ἀνεφάνη,
3596 3319 3760 3371 ὥστε

2165 3415 2404 3473 κωλῦσαι
2438 3415 2525 3469 διά
2560 3413 2659 3485 τῆς
2688 3411 2795 3465 τῶν
2819 3409 3099 3480 ὀνομάτων
3141 3407 3339 3469 θέσεως
3362 3445 3375 3464 .
3411 3404 3761 3475 ἀρχηγεκὼο

2164 3526 2297 3581 τερα
2330 3505 2425 3562 τοῦ
2465 3504 2598 3560 Θεοῦ
2636 3500 2983 3577 γενέσθαιτά
3023 3498 3240 3568 γύναια.
3270 3496 3336 3549 Τί
3366 3496 3409 3549 δ’
3445 3496 3518 3549 ἄν
3556 3511 3656 3559 τις
3688 3494 3761 3547 τά

2167 3597 2287 3652 καθ’
2316 3597 2543 3650 ἕκαστον
2570 3596 2633 3647 ἐκ
2660 3593 2759 3663 τῆς
2782 3589 3025 3663 ἱστορίας
3044 3587 3211 3656 λέγοι,
3239 3586 3380 3655 ὓδωρ
3403 3583 3763 3652 ἀντιλογίας,

2168 3688 2263 3742 καὶ
2288 3687 2451 3741 τόπον
2480 3684 2726 3755 πένθους,
2753 3683 2845 3735 καί⁵
2874 3678 3059 3752 βουνὸν
3090 3674 3483 3746 ἀκροδυστιῶν,
3520 3675 3628 3727 καὶ
3653 3673 3763 3743 φά-

2172 3795 2347 3852 ραγγα
2379 3777 2599 3849 βότρυος
2619 3817 2634 3843 ,
2669 3775 2764 3829 καὶ
2788 3771 2954 3843 ἀγρὸν
2990 3768 3253 3840 αἵματος,
3285 3767 3378 3820 καὶ
3410 3764 3479 3817 τά
3507 3764 3765 3818 τοιαῦτα

2171 3872 2349 3925 πάντα
2371 3868 2478 3921 τῶν
2509 3866 2808 3938 ὀνομάτων,
2835 3861 3055 3918 τεθέντα
3089 3860 3186 3931 μὲν
3216 3857 3362 3930 παρά
3383 3857 3490 3908 τῶν
3526 3854 3766 3927 ἀνθρά-

2172 3977 2309 4028 πων,
2343 3957 2787 4030 μνημονευόμενα
2812 3953 2871 4007 δὲ
2912 3952 3168 4014 πολλάκις
3204 3951 3297 4003 καὶ
3337 3951 3400 4002 ὲκ
3436 3948 3762 4018 προσώπου

2170 4051 2265 4106 τοῦ
2281 4050 2445 4115 Θεοῦ;
2464 4051 2540 4102 Δι’
2560 4041 2635 4102 ὧν
2658 4046 2773 4100 ἔστι
2798 4044 2988 4115 μαθεῖν
3010 4043 3084 4108 ὡς
3110 4042 3232 4095 οὕτε
3254 4040 3389 4111 ὑπὲρ
3409 4038 3506 4109 τὴν
3522 4039 3771 4110 ἀνθρω-

2136 4166 2151 4171 -
2174 4142 2333 4213 πίνην
2366 4139 2522 4206 ἀξίαν
2549 4136 2695 4190 ἐστὶν
2722 4137 2756 4207 ή
2781 4133 2869 4187 διά
2892 4133 3151 4204 ῥημάτων
3180 4129 3436 4199 γινομένη
3458 4127 3618 4181 κατά
3646 4128 3771 4180 τῶν

2175 4232 2514 4306 πραγμάτων
2559 4228 2893 4300 σημείωσις,
2930 4223 3052 4280 οὔτε
3096 4226 3131 4294 ή
3181 4222 3281 4291 τῆς
3327 4220 3473 4283 θείας
3519 4219 3778 4287 φύσεως

2173 4326 2399 4397 δύναμις
2428 4322 2517 4377 διὰ
2548 4321 2751 4375 τούτων
2775 4318 2871 4390 τὴν
2909 4315 3211 4391 μαρτυρίαν
3252 4312 3384 4383 ἔχει.

2259 4499 2421 4557 Ἀλλά
2451 4500 2575 4561 τοὺς
2612 4497 2711 4568 μὲν
2737 4494 2928 4557 ἄλλους
2959 4489 3271 4562 φληνάφους
3291 4529 3306 4552 ,
3334 4486 3428 4550 οὓς
3462 4485 3617 4538 κατὰ
3664 4488 3783 4555 τῆς

2176 4592 2431 4664 ἀληθείας
2470 4589 2754 4659 ἐλήρησεν,
2802 4583 2879 4647 ὡς
2912 4580 3168 4651 οὐδεμίαν
3205 4577 3424 4648 ἔχοντας
3446 4572 3597 4664 κατὰ
3650 4575 3788 4628 τῶν

2177 4663 2458 4756 δογμάτων
2502 4680 2674 4750 ἰσχὺν,
2717 4673 3128 4746 ὑπερϐήσομαι,
3165 4669 3414 4743 περιττὸν
3443 4663 3587 4720 εἶναι.
3637 4668 3788 4737 κρί-

2179 4796 2285 4833 νων
2340 4758 2737 4847 ὲμφιλοχωρεῖν
2792 4769 2905 4830 τοῖς
2959 4763 3227 4836 ματαίοις.
3270 4761 3365 4824 Τίς
3412 4758 3520 4830 γὰρ
3568 4757 3791 4821 οὕτως

2181 4871 2389 4939 ἄφρων,
2416 4865 2501 4928 τίς
2528 4862 2633 4916 τῶν
2663 4857 3091 4928 σπουδαιοτέρων
3124 4852 3436 4924 φροντίδων,
3463 4848 3617 4902 ὥστε
3650 4853 3791 4913 τοῖς

2180 4962 2425 5032 ἀνοήτοις
2451 4956 2560 5010 τῶν
2579 4954 2751 5022 λόγων
2772 4948 3222 5022 προσαναλίσκειν
3242 4945 3339 5015 τὴν
3371 4942 3644 5013 σπουδὴν,
3674 4942 3795 4997 καὶ

2181 5047 2542 5123 διαμάχεσθαι
2575 5044 2711 5117 πρὸς
2740 5043 2869 5105 τοὺς
2895 5040 3149 5108 λέγοντας
3184 5037 3267 5089 ὅτι
3294 5032 3794 5123 ἀρχηγικωτέραν

2187 5122 2285 5216 μὲν
2324 5143 2416 5196 καὶ
2439 5134 2775 5210 κυριωτέραν
2800 5131 3171 5201 ἀποφαίνομεν
3192 5127 3290 5198 τὴν
3312 5126 3420 5178 τῶν
3445 5122 3793 5193 ἀνθρώπων

2183 5215 2456 5307 φροντίδα,
2480 5230 2579 5300 τῆς
2608 5224 2703 5281 τοῦ
2736 5222 2870 5278 Θεοῦ
2900 5218 3244 5293 κηδεμονίας,
3273 5216 3370 5288 τὴν
3395 5216 3453 5268 δὲ
3477 5215 3590 5307 τοῖς
3623 5216 3800 5285 ἀμε-

2181 5306 2459 5396 λεστέροις
2488 5319 2809 5392 ἐνοχλοῦσαν
2834 5314 3145 5386 ὀλιγωρίαν,
3181 5312 3261 5374 είς
3281 5310 3380 5380 τὴν
3412 5306 3633 5396 ἐκείνου
3682 5324 3797 5377 με-

2182 5395 2494 5490 ταφέρομεν
2534 5414 2816 5486 πρόνοιαν;
2842 5407 3027 5463 Ταῦτα
3058 5405 3149 5458 ἐπὶ
3182 5400 3381 5467 λέξεως
3416 5395 3587 5490 ὴῌτοῦ
3654 5397 3809 5490 etcf

2184 5486 2469 5571 ὁάλλοντος
2487 5506 2633 5577 ἡμᾶς
2658 5501 2769 5572 ἔχει
2798 5497 2969 5569 φωνή.
2995 5492 3136 5564 Ἐγὼ
3154 5493 3210 5546 δὲ
3230 5492 3344 5545 ἴσον
3362 5486 3604 5561 ἠγοῦμαι
3637 5505 3727 5540 πε
3740 5489 3805 5560 pi

2184 5622 2243 5660 τε
2274 5602 2345 5656 τά
2370 5598 2592 5654 τοιαῦτα
2622 5589 2941 5653 σπουδάζειν
2973 5588 3067 5642 καὶ
3095 5583 3332 5658 γραῖδων
3361 5580 3595 5651 ὀνείροις
3639 5580 3809 5655 ἀπιο-

588 5708 633 5742 ι⁹
657 5706 829 5762 Exod.
865 5721 925 5774 ll,
957 5707 1044 5761 10.
1117 5706 1163 5738 ⁸⁸
1195 5703 1330 5760 Gen.
1370 5684 1497 5771 xxv,
1534 5702 1625 5757 25.
1699 5702 1743 5736 ἰ
1772 5700 1907 5758 Gen.
1939 5717 2169 5773 xxxviii,
2205 5700 2295 5757 29.
2374 5698 2420 5729 ⁵³
2454 5692 2589 5750 Gen.
2627 5684 2989 5755 xxxx,r32-3l.
