4010 6212
260 338 453 401 ,ἰοονμ

1313 336 1612 415 meum
1654 331 2027 403 suuoutuu
2055 348 2086 395 .-
2122 320 2275 388 LIB;
2301 331 2419 403 xu,

3380 332 3534 391 ’1010

293 455 596 531 σχολάζειν.
632 457 706 509 Τὸ
738 457 843 528 γὰρ
879 456 934 509 ἐν
969 455 1122 526 τύπῳ
1164 456 1415 531 φθόγγων
1461 457 1621 511 τινῶν
1667 457 1873 510 οἴεσθαι

1977 463 2091 509 tror
2116 455 2170 508 in
2207 454 2409 509 talibus
2438 451 2676 508 studium
2722 454 2776 509 et
2805 462 3026 525 operam
3078 468 3277 523 ponere
3311 444 3375 508 ac
3422 455 3538 510 aui-

292 530 360 619 τῇ
394 545 522 618 θείᾳ
547 546 706 615 φύσει
737 546 799 599 τὸ
834 549 934 617 τῆς
962 547 1136 618 ἀρχῆς
1168 549 1259 601 καὶ⁴
1301 530 1617 620 κυριότητος
1654 548 1871 628 ἀξίωμα

290 637 699 708 διαφυλάσσειν,
734 639 828 692 καὶ
854 638 952 708 τὴν
994 639 1236 708 μεγάλην
1264 638 1358 692 τοῦ
1386 639 1521 693 Θεοῦ
1547 639 1772 710 δύναμιν
1815 642 1881 693 év‘

290 728 471 800 τούτῳ
496 729 785 795 δεικνύειν,
820 729 1042 799 ἀμελεῖν
1075 748 1131 783 τε
1165 731 1324 784 πάλιν
1356 731 1445 783 τὸν
1476 730 1608 783 Θεὸν
1651 731 1745 783 καὶ
1769 729 1871 784 ὀλι-

291 908 636 977 διαϐάλλειν,
664 914 746 966 ὅτι
777 914 879 983 τὴν
916 912 1141 984 λογικὴν
1172 913 1399 984 δύναμιν
1428 912 1581 984 παρὰ
1616 912 1709 965 τοῦ
1733 912 1870 965 Θεοῦ

296 1002 553 1066 λαϐόντες
580 1004 629 1056 οἱ
669 1002 968 1074 ἄνθρωποι,
1004 1004 1194 1057 ἔπειτα
1225 1005 1346 1057 κατ’
1376 1002 1622 1069 ἐξουσίαν
1645 990 1756 1065 τοῖς
1782 1001 1869 1056 λό-

297 1112 414 1162 γοις
451 1094 589 1166 πρὸς
625 1102 723 1165 τὴν
760 1094 867 1148 τῶν
902 1095 1241 1165 πραγμάτων
1269 1094 1499 1167 δήλωσιν
1524 1094 1867 1164 κέχρηνται,

295 1185 347 1235 τί
395 1184 525 1238 ἄλλο
564 1184 597 1255 ἢ
640 1184 760 1255 οὐχὶ
806 1183 1058 1255 γραώδης
1133 1184 1299 1255 μῦθος
1358 1185 1390 1256 ἢ
1440 1183 1870 1261 κραιπαλώντων

293 1279 506 1347 όνειρος
538 1276 597 1329 τὸ
640 1275 877 1338 τοιοῦτόν
905 1277 1052 1329 ἐστιν
1078 1294 1093 1340 ;
1136 1276 1199 1328 Ἦ
1228 1275 1336 1346 γὰρ
1364 1275 1568 1346 ἀληθὴς
1608 1274 1702 1328 τοῦ
1733 1273 1868 1328 Θεοῦ

294 1365 525 1436 δύναμίς
553 1384 613 1420 τε
643 1367 737 1420 καὶ
768 1366 1004 1432 ἐξουσία,
1025 1367 1119 1420 καὶ¹
1156 1368 1298 1438 ἁρχὴ
1332 1368 1425 1420 καὶ
1451 1367 1704 1437 κυριότης
1728 1367 1870 1420 κατά

298 1480 362 1531 γε
390 1464 484 1517 τὸν
504 1464 769 1535 ἡμέτερον
789 1464 947 1532 λόγον
973 1465 1072 1518 οὐκ
1094 1464 1152 1516 ἐν
1177 1461 1462 1528 ωλλαὸἆῖς
1482 1464 1543 1518 τὸ
1572 1460 1711 1517 εἶναι
1735 1463 1866 1533 ἔχει,

296 1556 330 1624 ἢ
362 1554 535 1618 οὕτως
563 1555 629 1609 ἂν
652 1556 731 1619 εἰς
749 1555 1016 1626 ὁμότιμον
1050 1555 1194 1608 ἔλθοι
1233 1555 1312 1625 τῷ
1337 1554 1457 1626 Θεῷ
1481 1557 1590 1619 πᾶς
1619 1552 1868 1609 ὁστισοῦν

295 1646 526 1716 εύρέτης
571 1645 832 1716 ῥημάτων
869 1646 1150 1717 γινόμενος
1178 1685 1192 1708 ,
1227 1646 1341 1700 ἀλλ’
1383 1646 1579 1709 αἰῶνες
1617 1645 1865 1716 ἄπειροι,

297 1740 394 1793 καὶ
425 1739 630 1808 κόσμου
657 1737 829 1808 κάλλη
854 1779 869 1802 ,
900 1739 989 1792 καὶ
1012 1739 1312 1810 φωστήρων
1334 1740 1521 1807 αὐγαὶ,
1562 1739 1657 1791 καὶ
1679 1738 1747 1791 τὰ
1774 1738 1866 1789 ἐπὶ

296 1832 401 1899 τῆς
427 1830 522 1883 καὶ
563 1828 828 1899 θαλάττης
871 1829 1159 1900 θαύματα,
1202 1828 1447 1898 ἀγγέλων
1484 1847 1542 1882 τε
1575 1829 1858 1899 στρατιαὶ,

296 1923 396 1976 καὶ
430 1922 790 1993 ὑπερκόσμιοι
832 1922 1105 1993 δυνάμεις,
1135 1922 1230 1975 καὶ
1262 1923 1313 1975 εἰ
1345 1939 1396 1975 τι
1434 1920 1561 1976 ἄλλο
1595 1920 1734 1974 κατὰ
1764 1921 1863 1991 τὴν

297 2012 414 2068 ἄνω
452 2013 605 2083 λῆξιν
644 2013 795 2085 παρὰ
826 2013 927 2083 τῆς
972 2013 1195 2085 Γραφῆς
1239 2006 1377 2066 εἶναι
1413 2012 1482 2065 δι’
1526 2012 1862 2083 αἰνιγμάτων

298 2102 589 2173 ἀκούομεν,
634 2102 810 2157 ταῦτά
847 2105 963 2157 ἐστι
991 2103 1059 2157 τὸ.
1100 2103 1481 2175 μαρτυροῦντα
1516 2103 1593 2174 τῷ
1620 2102 1739 2174 Θεῴ
1766 2101 1863 2174 τὴν

298 2194 441 2265 ὑπὲρ
481 2195 660 2248 πάντα
702 2194 952 2266 δύναμιν.
985 2196 1174 2265 Φωνῆς
1208 2195 1264 2249 δὲ
1294 2189 1429 2268 ἦχον
1456 2198 1569 2258 τοῖς
1597 2195 1862 2265 πεφυκόσι

299 2284 628 2354 ᾳοέγγεσοαι
659 2287 947 2358 μαρτυρῶν
967 2304 1070 2352 τις,
1091 2287 1243 2341 οὐδὲν
1266 2290 1346 2351 εἰς
1367 2287 1459 2341 τὸν
1481 2287 1746 2341 δεδωκότα
1765 2288 1865 2357 τὴν

298 2375 483 2446 φωνὴν
520 2377 809 2447 ἀσεϐήσειο
846 2378 1112 2449 οὐδὲγὰρ
1153 2379 1296 2449 μέγα
1329 2397 1382 2432 τι
1418 2379 1573 2432 τοῦτο
1604 2378 1862 2450 οἰόμεθα,

298 2468 361 2520 τὸ
394 2468 730 2537 σημαντικὰς
764 2468 873 2522 τῶν
913 2470 1249 2541 πραγμάτων
1296 2469 1631 2542 ἐξευρίσκειν
1659 2470 1862 2539 φωνάς.

299 2551 371 2627 Ὦ
404 2559 511 2629 γὰρ
544 2560 576 2628 ή
617 2559 805 2631 Γραφὴ
832 2560 1108 2631 κατὰητὴν
1136 2561 1413 2633 ἱστορικὴν
1453 2562 1862 2632 κοσμογένειαν,

300 2650 588 2722 ἀνθρώπου
616 2651 784 2723 ὄνομα
814 2652 891 2723 τῷ
912 2653 1033 2707 καθ’
1066 2656 1215 2724 ἡμᾶς
1244 2654 1394 2707 ἔθετο
1422 2654 1723 2725 πλάσματι,
1750 2653 1868 2706 τοῦ·

299 2759 394 2797 τον
427 2744 457 2796 ὁ
506 2741 624 2797 Ἰὼϐ
669 2743 856 2815 βροτὸν
896 2745 1179 2816 ὀνομάζει,
1212 2746 1305 2807 καί
1338 2763 1483 2810 τινες
1527 2745 1634 2799 τῶν
1671 2744 1867 2809 ἔξωθεν

302 2832 479 2901 φῶτα,
512 2834 605 2887 καὶ
636 2834 845 2905 μέροπα
882 2836 1054 2906 ἕτεροι
1077 2876 1092 2897 ,
1126 2836 1214 2890 ἵνα
1247 2838 1392 2893 ἐάσω
1413 2836 1511 2900 τὰς
1544 2825 1695 2891 κατᾶ
1716 2836 1868 2901 ἔθνος

300 2920 495 2975 τούτου
519 2923 800 2994 διαφοράς.
846 2920 970 2997 'Ap‘
1008 2921 1101 2978 οὖν
1144 2928 1224 2990 εἰς
1258 2926 1372 2980 ἴσον
1408 2928 1614 2997 ἄγομεν
1639 2926 1716 2997 τῷ
1749 2926 1869 2996 Θεῷ

301 3013 400 3066 καὶ
434 3012 534 3076 τὰς
563 3013 783 3066 ἐκείνων
819 3014 985 3085 τιμὰς
1007 3056 1022 3079 ,
1048 3017 1131 3069 ὅτι
1164 3014 1279 3070 ἴσον
1303 3017 1645 3087 δυναμούσας
1674 3020 1741 3088 τῇ
1775 3014 1869 3071 τοῦ

1941 548 2219 611 τουιπυηι
2245 545 2472 602 somniis
2499 544 2773 616 occupari.
2806 546 2938 600 Nam
2965 546 3018 600 in
3069 547 3243 601 forma
3278 534 3536 603 sonorum

1941 637 2330 713 .quorumdam
2368 643 2560 715 putare
2589 636 2786 691 divinae
2831 645 3038 692 naturae
3080 630 3441 708 principatus
3484 645 3540 692 et

1938 728 2366 784 -dominationis
2395 728 2734 797 maiestatem
2779 743 3125 794 conservare,
3179 738 3233 785 et
3288 730 3537 801 magnam

294 821 498 891 γωρεῖν
545 820 645 890 τῆς
690 820 1072 891 προσηκούσης
1114 820 1264 891 αὐτῷ
1311 819 1597 891 προνοίας,
1633 822 1778 892 ἡμᾶς
1810 837 1872 874 τε
1938 870 1944 879 ,

1940 958 1945 961 _
1973 923 2276 978 rursusque
2308 924 2408 963 nos
2445 907 2612 963 Deum
2642 909 2914 978 negligere
2934 923 2998 961 ac
3030 923 3127 977 pro
3146 908 3540 963 nihilo-habere

1941 1000 2077 1070 ,ipsi
2114 1000 2521 1055 convenientem
2572 1000 2991 1070 providentiam,
3043 1000 3280 1069 itemque
3332 1000 3533 1053 calum-

1974 815 2066 870 Dei
2099 816 2395 886 potentiam
2445 816 2501 871 in
2547 815 2650 871 hoc
2704 832 2825 872 esse
2860 816 3090 886 positam
3138 816 3535 880 demonstrare,

1942 1094 2131 1157 ,niari,
2167 1092 2315 1163 quod
2348 1092 2704 1147 ratiocinandi
2735 1091 3047 1147 facultatem
3080 1107 3111 1145 a
3144 1091 3251 1146 Deo
3290 1092 3538 1148 homines

1942 1184 2153 1253 adepti
2191 1184 2387 1239 exinde
2424 1190 2522 1254 pro
2552 1182 2817 1238 ‘arbitrio
2842 1184 3187 1239 sermonibus
3234 1185 3299 1239 ad
3357 1200 3538 1239 rerum

1946 1274 2396 1329 declarationem
2446 1274 2531 1329 usi
2579 1282 2728 1340 sunt,
2777 1274 2909 1344 quid
2955 1275 3101 1328 aliud
3142 1276 3244 1329 hoc
3294 1284 3379 1331 est
3433 1276 3542 1331 nisi

1971 1365 2133 1419 anilis
2169 1364 2349 1420 fabula
2385 1365 2467 1419 vel
2498 1365 2836 1420 ebriosorum
2871 1366 3188 1421 somnium?
3220 1364 3360 1421 Vera
3392 1367 3537 1423 enim

1970 1455 2067 1512 Dei
2096 1457 2272 1512 virtus
2304 1465 2358 1512 et
2389 1463 2652 1527 potestas,
2681 1464 2735 1511 et
2762 1458 3104 1527 principatus
3138 1468 3192 1512 et
3240 1458 3542 1511 dominatio

1971 1548 2271 1602 secundum
2308 1556 2556 1604 nostrum
2595 1563 2898 1604 sermonem
2932 1563 3038 1603 non
3075 1550 3127 1603 in
3161 1549 3383 1620 syllabis
3416 1564 3543 1603 esse

1972 1639 2155 1704 habet,
2193 1639 2276 1694 vel
2314 1640 2386 1692 ita
2413 1648 2562 1694 certe
2594 1639 2662 1693 ad
2714 1655 2899 1710 parem
2951 1639 3210 1695 honorem
3258 1654 3386 1694 cum
3432 1639 3544 1694 Deo

1969 1730 2181 1784 venerit
2240 1730 2554 1800 quicunque
2585 1724 2895 1786 verborum-
2918 1728 3083 1785 fuerit
3114 1731 3404 1798 inventor;
3447 1731 3544 1787 sed

1969 1819 2186 1874 inﬁnita
2238 1803 2464 1885 saecula,
2500 1829 2557 1875 et
2595 1820 2783 1874 mundi
2823 1821 3197 1890 pulchritudo,
3234 1818 3289 1879 et
3313 1823 3547 1878 lumina—

1966 1912 2107 1965 rium
2144 1911 2488 1981 splendores,
2533 1918 2587 1966 et
2641 1926 2763 1981 quae
2826 1920 2955 1967 sunt
3009 1913 3061 1967 in
3111 1915 3247 1967 mari
3295 1922 3348 1968 et
3398 1921 3543 1969 terra

1966 2003 2250 2068 miracula,
2275 2004 2702 2073 angelorumque
2737 2003 2962 2079 militiae,
3012 2013 3065 2060 et
3120 2008 3543 2075 supermundia-

1970 2096 2050 2151 les
2080 2095 2330 2161 virtutes,
2361 2104 2417 2152 et
2446 2096 2494 2151 si
2524 2096 2657 2166 quid
2706 2103 2789 2152 est
2823 2096 2972 2151 aliud
3007 2097 3155 2167 quod
3196 2098 3249 2151 in
3306 2114 3542 2168 superna

1971 2188 2099 2244 sede
2126 2203 2158 2242 a
2180 2186 2464 2258 Scriptura
2502 2204 2600 2259 per
2623 2189 2908 2260 arnigmata
2950 2189 3223 2254 audimus,
3253 2190 3367 2245 hac
3418 2200 3545 2246 sunt

1971 2294 2094 2351 qua:
2124 2280 2487 2337 testificantur
2507 2280 2618 2336 Deo
2645 2296 2766 2351 quae
2808 2288 2891 2335 est
2946 2296 3110 2351 supra
3144 2281 3325 2336 omnia
3379 2266 3545 2339 virtu-

1975 2381 2103 2428 tem.
2134 2370 2301 2427 Vocis
2328 2378 2508 2427 autem
2521 2387 2719 2426 sonum
2744 2372 2831 2428 his
2855 2374 2949 2444 qui
2973 2373 3295 2428 naturaliter
3313 2375 3547 2444 loquun-

1976 2472 2066 2518 tur
2115 2462 2207 2533 qui
2252 2461 2522 2525 attribuit,
2579 2460 2712 2516 nihil
2748 2461 2801 2515 in
2858 2477 2981 2517 eum
3021 2462 3112 2532 qui
3158 2477 3344 2517 vocem
3399 2462 3547 2518 dedit

1979 2556 2141 2625 impie
2182 2555 2368 2621 dicet;
2408 2568 2585 2618 neque
2641 2552 2785 2607 enim
2827 2569 3082 2625 magnum
3137 2554 3340 2624 aliquid
3383 2566 3543 2624 puta-

1979 2661 2124 2711 mus,
2167 2659 2361 2714 nempe
2383 2638 2773 2713 signiﬁcativas
2815 2658 2995 2699 rerum
3023 2659 3185 2700 voces
3217 2646 3542 2717 excogitare.

1978 2735 2077 2791 Cui
2123 2735 2266 2789 enim
2325 2733 2607 2803 Scriptura
2655 2734 2955 2790 secundum
3001 2735 3315 2791 liistoricam
3359 2737 3541 2792 mund'

1979 2827 2312 2883 creationem
2338 2826 2580 2881 humano
2614 2826 2741 2882 huic
2774 2827 3031 2898 liguueuto
3052 2827 3338 2900 ἀνθρώπου
3372 2829 3544 2883 homi-

1978 2919 2059 2972 m's
2118 2932 2316 2973 nomen
2350 2917 2546 2972 indidit
2584 2918 2650 2983 ⁸⁸,
2684 2917 2831 2972 hunc
2869 2918 2972 2973 Job
3024 2918 3234 2990 βροτόν,
3271 2920 3544 2975 mortalem

1979 3008 2225 3063 nominat
2258 3008 2328 3073 “,
2369 3017 2423 3063 et
2448 3007 2667 3077 quidam
2715 3010 2927 3064 externi
2971 3009 3146 3077 φῶτα,
3196 3011 3352 3081 quasi
3396 3011 3547 3067 dicas

301 3100 590 3170 ἀνθρώπου
611 3102 951 3175 προσηγορίᾳ
970 3105 1212 3160 κάκεῖνοί
1233 3124 1385 3170 τινας
1413 3106 1635 3178 ἐξεῦρον
1668 3107 1870 3177 φωνὰς,

1982 3101 2243 3155 hominem
2280 3101 2572 3171 loquentem
2607 3110 2661 3155 et
2690 3102 2779 3155 alii
2821 3103 3031 3173 μέροπα
3070 3103 3123 3159 id
3168 3111 3271 3172 est,
3328 3103 3548 3160 diversi-

298 3195 368 3247 Ez’
405 3189 479 3248 ὧν
504 3195 702 3266 ὁμοίως
723 3195 974 3266 δηλοῦται
1001 3195 1064 3250 τὸ
1089 3197 1471 3269 ύποκείμενονς
1508 3197 1644 3252 ἀλλὰ
1667 3197 1873 3270 ταύτην

1979 3194 2226 3265 linguam,
2258 3192 2340 3248 vel
2370 3193 2637 3248 diversam
2667 3199 2722 3247 et
2746 3192 3087 3247 articulatam
3120 3208 3308 3250 vocem
3349 3196 3551 3250 haben-

305 3283 411 3352 μὲν
428 3282 527 3353 τὴν
566 3284 947 3353 ματαιολογίαν
974 3285 1158 3339 ἐατέον
1190 3288 1340 3356 ἡμῖν,
1375 3286 1555 3350 καθὼς
1589 3287 1870 3358 προεῖπον,

1982 3290 2113 3347 tem,
2147 3290 2207 3335 ut
2237 3282 2485 3336 omittam
2516 3282 2816 3338 secundum
2855 3282 3102 3353 singulas
3148 3294 3338 3355 gentes
3389 3286 3552 3354 hujus

302 3377 404 3428 καὶ
428 3372 526 3436 τὰς
546 3372 743 3444 ἐφεξῆς
762 3374 1024 3446 λοιδορίας
1045 3378 1102 3429 ὲν
1129 3376 1341 3439 οὐδενὸς
1364 3379 1518 3451 μέρει
1541 3379 1742 3432 Θετέον.
1788 3379 1874 3432 Ἐν

1985 3374 2225 3429 nominis
2259 3373 2617 3429 dill'erentias.
2661 3372 2799 3429 Num
2851 3375 3017 3445 igitur
3048 3377 3399 3448 adaequamus
3445 3378 3554 3435 Deo

302 3460 398 3528 αἷς
423 3465 850 3535 καταψεύδεσθαι
881 3467 989 3519 τῶν
1020 3465 1179 3520 Θείων
1209 3468 1357 3539 ἡμᾶς
1384 3469 1578 3538 λογίων
1599 3470 1756 3543 φησι,
1782 3470 1874 3525 καὶ

1980 3468 2145 3523 etiam
2180 3467 2399 3521 illorum
2436 3467 2697 3531 honores,
2723 3467 2849 3537 quia
2884 3468 3272 3539 aequivalentes
3320 3472 3554 3530 hominis

304 3555 448 3610 κατὰ
478 3557 656 3610 πᾶσαν
688 3556 868 3611 ἄδειαν
915 3562 1291 3629 συκοφαντεῖν,
1316 3560 1387 3615 τά
1413 3579 1474 3615 τε
1502 3560 1637 3615 ἄλλα
1673 3562 1874 3626 πάντα,

1987 3558 2338 3629 appellationi
2361 3559 2525 3613 etiam
2565 3557 2643 3612 illi
2669 3573 2832 3614 voces
2854 3558 3200 3625 invenerunt,
3228 3562 3430 3632 quibus
3481 3564 3556 3617 si-

305 3650 405 3703 καὶ
429 3650 591 3703 αὐτὸν
610 3649 701 3704 τὸν
727 3650 878 3705 Θεόν.
904 3652 1264 3724 Μετέλθωμεν
1291 3652 1348 3706 δὲ
1372 3652 1449 3723 τῷ
1482 3653 1625 3726 λόγῳ
1655 3655 1790 3726 πρὸς
1811 3656 1874 3709 τὰ

1986 3650 2188 3704 militer
2216 3649 2533 3704 declaratur
2558 3648 2899 3718 subjectum?
2927 3648 3034 3706 Sed
3068 3651 3183 3707 haec
3207 3654 3552 3724 vaniloquen-

304 3734 622 3808 λειπόμενα.
1496 3757 1506 3767 '
1985 3744 2060 3796 tia
2113 3739 2416 3795 omittenda
2453 3749 2540 3796 est
2576 3740 2777 3806 nobis,
2823 3741 2969 3797 sicut
3019 3744 3271 3813 praedixi,
3324 3756 3379 3800 et
3432 3763 3554 3815 qua:

314 3830 581 3901 deinceps
605 3838 913 3901 sequuntur
941 3831 1179 3886 convitia
1208 3847 1308 3902 pro
1365 3834 1536 3888 nihilo
1568 3843 1696 3889 sunt
1770 3835 2102 3907 reputanda,
2144 3832 2346 3903 quibus
2411 3846 2514 3887 nos
2591 3840 2784 3888 contra
2826 3832 3007 3889 divina
3055 3836 3278 3890 oracula
3338 3840 3554 3893 mentiri

306 3932 579 3991 autumat,
613 3931 776 3996 atque
827 3925 974 3979 omni
1043 3933 1191 3980 metu
1255 3927 1473 3983 sublato
1518 3928 1870 3999 calumniari,
1912 3931 2128 4000 aliaque
2160 3926 2345 3983 omnia
2367 3922 2422 3982 et
2455 3926 2634 3997 ipsum
2664 3925 2853 3983 Deum.
2896 3926 3004 3984 Sed
3041 3928 3111 3984 ad
3174 3929 3383 4000 reliqua
3432 3946 3549 4000 per-

305 4032 526 4089 garnus.
600 4054 606 4059 -

381 4110 676 4183 Προτίθησι
721 4110 882 4165 πάλιν
927 4110 1021 4166 τοῦ
1066 4112 1382 4169 διδασκάλου
1441 4118 1598 4190 ῥῆσιν
1649 4123 1879 4195 ἔχουσαν

305 4204 515 4269 οὕτως·
540 4207 978 4274 [παραπλησίως
1020 4206 1089 4260 δὲ
1121 4210 1220 4264 καί
1265 4209 1447 4265 οὐδὲν
1494 4215 1882 4288 ἀλλοιότερον

308 4298 429 4365 τὴν
472 4296 583 4365 τῆς
623 4298 891 4365 ἐπινοίας
940 4297 1161 4368 χρῆσιν
1191 4300 1350 4369 παρὰ
1394 4302 1499 4359 τοῦ
1537 4307 1701 4363 θείου
1730 4310 1884 4366 δεδι-

307 4390 576 4459 δάγμεθα
601 4391 807 4461 λόγου.
824 4392 877 4443 '0
907 4392 1120 4459 Κύριος
1144 4391 1310 4460 ἡμῶν
1347 4394 1578 4463 Ἰησοῦς
1608 4401 1878 4471 Χριστὸς,

2055 4130 2319 4202 Proponit
2373 4141 2567 4184 rursus
2611 4121 2856 4193 magistri
2912 4120 3077 4177 verba
3111 4133 3232 4191 qua:
3263 4118 3338 4174 ita
3364 4133 3424 4175 se
3457 4118 3557 4172 ba-

1985 4222 2247 4292 bent:(a)
2276 4218 2627 4276 Persimiliter
2656 4224 2827 4268 autem
2873 4222 2923 4266 et
2951 4229 3054 4267 non
3092 4211 3367 4266 diversiori
3400 4209 3556 4264 uredo

1987 4311 2441 4367 commentationis
2479 4321 2633 4362 usum
2653 4321 2718 4360 ea:
2768 4304 2921 4359 verba
2953 4303 3128 4358 divino
3177 4303 3319 4357 docti
3349 4316 3552 4356 sumus.

1962 4401 2250 4456 -Dominus
2303 4409 2480 4454 noster
2534 4396 2692 4451 Iesus
2742 4394 2985 4451 Christus
3043 4402 3292 4448 naturam
3343 4391 3559 4446 deitatis

308 4481 430 4551 τὴν
459 4483 649 4551 φύσιν
692 4481 804 4550 τῆς
841 4483 1117 4549 θεότητος
1158 4482 1281 4550 τοῖς
1326 4484 1652 4556 ἀνθρώποις
1697 4509 1874 4561 παρα.

1986 4492 2284 4548 hominibus
2321 4491 2625 4554 declarans,
2654 4489 3062 4560 proprietatibus
3100 4484 3414 4558 quibusdam
3440 4500 3559 4555 quia

306 4573 520 4640 δηλῶν
542 4614 558 4638 ,
615 4572 890 4643 ίδιὼμασί
938 4588 1061 4628 τισι
1110 4573 1237 4640 τοῖς
1287 4579 1713 4650 θεωρουμένοις
1753 4586 1888 4654 περὶ

307 4666 502 4720 αὐτὸν
528 4665 929 4734 ἀποσημαίνει
981 4668 1241 4737 ταύτην·
1292 4672 1482 4740 θύραν
1529 4672 1746 4728 ἑαυτὸν
1787 4675 1888 4730 λέ-

309 4770 436 4824 γων
462 4754 562 4808 καὶ
591 4752 806 4822 ἄρτον,
840 4754 938 4808 καί
976 4754 1151 4823 ὁδὸν,
1180 4757 1278 4810 καί
1301 4757 1599 4828 ἄμπελον,
1631 4761 1729 4817 καί
1759 4776 1887 4816 ποι-

304 4844 486 4916 μένα,
521 4844 621 4900 καί
646 4842 792 4914 φῶς.
828 4845 910 4899 Τὰ
943 4846 1040 4916 μὲν
1063 4843 1157 4900 οὖν
1196 4849 1281 4917 ἐφ’
1316 4848 1473 4921 ὕϐρει
1504 4850 1733 4923 ρηθέντα
1768 4853 1887 4907 καθ’

308 4938 471 5010 ἡμῶν
524 4937 654 5007 παρ’
701 4936 864 4990 αὐτοῦ
895 4937 988 4989 ἐπὶ
1032 4937 1238 5003 τούτοις
1273 4938 1455 5009 (οὕτω
1498 4941 1605 5013 γὰρ
1646 4943 1806 4998 αὐτόν
1851 4946 1885 5017 ἡ

307 5028 623 5098 διαλεκτικὴ
656 5026 921 5098 μάχεσθαι
961 5030 1073 5091 τοῖς
1112 5028 1482 5097 ἀντιλέγουσιν
1532 5031 1805 5099 ἐδιδάξατο
1826 5035 1845 5105 )
1868 5073 1885 5100 ,

309 5121 561 5191 παριδεῖν
592 5115 744 5189 οἶμαι
777 5120 1006 5191 πρέπειν
1030 5159 1044 5182 ,
1080 5121 1175 5173 καὶ
1203 5121 1368 5191 μηδὲν
1399 5122 1535 5192 πρὸς
1560 5124 1658 5187 τὰς
1691 5142 1883 5197 μειρα-

306 5210 529 5275 κιώδεις
580 5210 766 5274 ἀνοίας
818 5210 1311 5280 ὑποταράσσετθαι.
1379 5212 1537 5267 Ἀλλὰ
1600 5215 1662 5268 τὸ
1719 5216 1882 5289 δριμὺ

305 5308 473 5363 τοῦτο
520 5307 614 5361 καὶ
645 5306 883 5375 ἄφυκτον
929 5305 1078 5375 ῥῆμα
1110 5302 1555 5375 κατεξετάσωμεν
1580 5346 1595 5368 ,
1642 5306 1778 5379 ὅπερ
1805 5311 1884 5372 εἰς

306 5397 627 5472 ἀνατροπὴν
672 5397 766 5451 τοῦ
812 5396 935 5451 καθ’
981 5396 1126 5466 ἡμᾶς
1173 5395 1509 5468 προτείνεται
1555 5396 1731 5467 λόγου.
1765 5402 1881 5466 Τίς,

303 5492 467 5566 φησὶ,
493 5489 603 5546 τῶν
637 5490 805 5559 ἁγίων
830 5488 996 5553 ἐστὶν,
1020 5488 1080 5552 ὃς
1112 5489 1229 5542 κατ’
1264 5487 1506 5543 ἐπίνοιαν
1530 5489 1779 5561 λέγεσθαι
1807 5493 1884 5566 τῷ

385 5628 430 5660 ³³
453 5624 590 5682 Gen.
628 5642 667 5691 l,
694 5626 782 5682 26.
892 5625 938 5659 ⁸⁸
964 5624 1064 5681 Job
1098 5641 1208 5691 xlv,
1244 5625 1292 5679 l.

388 5772 465 5840 ta)
496 5767 556 5824 D.
590 5767 820 5826 Basilius
852 5781 1037 5825 contra
1070 5768 1407 5835 Eunomium,
1443 5769 1538 5827 lib.

1984 4585 2037 4638 in
2060 4586 2175 4654 ipso
2189 4584 2528 4652 peculiariter
2550 4590 2876 4651 spectantur,
2901 4581 3035 4634 hanc
3060 4579 3334 4650 designat:
3361 4578 3558 4632 ostium

1984 4675 2213 4744 ccipiam
2245 4673 2445 4736 dicens,
2468 4683 2518 4727 et
2546 4688 2754 4743 partem,
2786 4680 2836 4728 et
2859 4672 3019 4736 viam,
3039 4682 3090 4726 et
3112 4674 3351 4735 vitem,et
3379 4679 3559 4739 pasto-

1985 4783 2116 4832 rem,
2156 4774 2205 4819 ει
2244 4766 2431 4820 lucem.
2466 4763 2599 4830 Qua:
2640 4765 2809 4835 igitur
2844 4779 2944 4837 per
2966 4763 3346 4818 contumeliam
3367 4769 3561 4817 contra

1986 4873 2088 4914 nos
2121 4858 2189 4912 ab
2213 4858 2331 4928 ipso
2362 4857 2432 4912 ob
2458 4855 2572 4912 haec
2604 4857 2751 4911 dicta
2784 4855 3035 4926 sunt(sic
3070 4855 3215 4911 enim
3244 4854 3421 4925 ipsum
3450 4852 3561 4906 dia-

1989 4949 2181 5004 lectica
2212 4947 2713 5005 contradicentibus
2737 4948 3021 5005 decertare
3048 4947 3254 5018 docuit)
3278 4946 3559 5016 despicere

1988 5040 2230 5094 arbitror
2258 5040 2452 5096 decere
2473 5078 2488 5104 ,
2512 5047 2566 5096 et
2586 5039 2721 5093 nihil
2749 5039 2817 5094 ad
2845 5038 3116 5108 iuveniles
3144 5039 3409 5093 amentiae
3432 5034 3561 5090 sub-

1987 5131 2217 5185 turbari.
2253 5129 2359 5186 Sed
2393 5131 2496 5186 hoc
2527 5145 2653 5186 acre
2680 5130 2905 5186 verbum
2934 5138 2989 5185 et
3019 5128 3331 5184 inevitabile
3356 5127 3561 5181 exami-

1987 5236 2200 5285 nemus,
2249 5221 2396 5293 quod
2439 5221 2507 5276 ad
2543 5221 2881 5278 eversionem
2913 5220 3087 5275 nostri
3138 5217 3407 5275 sermonis
3432 5228 3561 5283 pru-

1986 5312 2177 5367 tendit.
2213 5311 2348 5377 Quis
2381 5322 2721 5377 sanctorum,
2758 5312 2955 5382 inquit,
2990 5320 3093 5376 est,
3123 5311 3213 5381 qui
3262 5324 3359 5379 per
3408 5321 3564 5361 com-

1989 5402 2372 5458 mentationem
2401 5403 2512 5458 haec
2534 5404 2753 5458 nomina
2784 5401 3012 5457 Domino
3035 5400 3257 5455 attribui
3293 5397 3563 5455 testetur?

1990 5494 2123 5562 Quis
2153 5504 2332 5551 autem
2380 5495 2660 5567 prohibet,
2714 5495 2781 5553 ad
2839 5495 3018 5567 ipsum
3075 5493 3257 5550 hercle
3301 5490 3564 5554 dixerim,
