4010 6212
495 302 621 355 1011

1720 308 1775 363 S.
1815 305 2140 366 GREGORII
2179 310 2469 366 NYSSENI

3595 306 3731 355 NH":

493 416 863 486 blasphemum
894 434 1016 474 esse
1056 417 1310 488 judicans
1342 420 1397 474 in
1455 426 1913 482 commentatione
1935 441 2062 497 spe-

2179 426 2349 497 ίυρίῳ
2381 424 2553 477 ταῦτα
2592 400 2863 495 μαρτυρεί
2894 423 2962 476 τά
2991 422 3263 491 ὀνόματα;
3301 418 3399 483 Τίς
3434 419 3497 473 δὲ
3524 418 3735 486 ἀπάγου

493 518 644 566 t-tare
678 512 959 565 nominum
1009 512 1203 567 usum?
1232 511 1290 567 Si
1335 515 1482 568 enim
1533 515 1664 585 quia
1701 515 1907 572 dictum
1955 532 2066 573 non

492 609 599 667 est,
637 601 689 655 id
718 592 1095 673 argutiietttum
1120 618 1243 660 esse
1290 606 1509 679 asserit,
1541 607 1689 677 quod
1724 609 1797 665 sit
1821 609 2066 680 prohibi-

494 702 633 757 tum,
669 694 832 748 etiam
868 694 996 763 quia
1027 696 1256 750 vetitum
1307 712 1419 751 non
1440 704 1545 764 est,
1578 697 1633 754 id
1676 699 1893 771 signum
1936 713 2069 757 con-

494 796 709 837 cessum
727 796 852 837 esse
872 784 1061 852 procul
1077 783 1245 840 dubio
1268 785 1617 841 assentietur.
1642 786 1736 844 llis
1757 790 2070 846 nominibus

501 872 761 928 Dominus
805 875 1137 942 nominatur,
1167 892 1235 932 an
1264 878 1427 933 etiam
1471 878 1588 934 hanc
1634 882 1854 952 negabit
1888 881 2072 938 Euno-

499 966 679 1021 mius?
697 963 801 1020 Sed
832 967 877 1022 si
902 976 1059 1038 neget
1090 969 1188 1024 bas
1214 968 1284 1024 de
1309 968 1531 1027 Christo
1543 986 1703 1028 voces
1724 988 1848 1030 esse
1871 974 2069 1036 dictas.

500 1056 619 1111 sine
677 1072 854 1128 pugna
907 1058 1157 1115 vicimus.
1207 1059 1464 1125 Quaenam
1505 1061 1649 1116 enim
1691 1063 1958 1121 illustrior
1982 1065 2074 1120 iiat

502 1148 726 1202 victoria
749 1163 908 1218 quam
938 1165 1058 1219 qum
1082 1150 1419 1207 demonstret
1447 1151 1822 1209 adversarium
1846 1153 1957 1211 Deo
1985 1172 2073 1213 re-

501 1238 723 1302 bellare,
760 1240 883 1310 quia
924 1240 1141 1297 divinas
1166 1241 1452 1313 Evangelii
1503 1259 1668 1300 voces
1710 1247 1894 1303 irritas
1945 1247 2077 1303 facit

500 1337 556 1383 et
584 1331 882 1400 pervertit?
912 1330 1070 1399 Quod
1101 1333 1149 1390 si
1192 1349 1316 1391 vere
1344 1333 1637 1391 conﬁtetur
1662 1334 1942 1393 Christum
1988 1338 2076 1395 his

503 1420 821 1477 nominibus
851 1424 1134 1493 appellari,
1163 1423 1315 1480 dicat
1335 1426 1556 1483 modum
1579 1442 1689 1498 quo
1712 1428 1800 1498 pie
1825 1427 2077 1501 Unigeni-

504 1523 559 1563 to
609 1515 1095 1572 accommodantur
1126 1517 1241 1574 haec
1273 1519 1520 1574 nomina.
1547 1517 1687 1575 Num
1723 1530 1932 1578 natura;
1957 1523 2077 1593 ejus

508 1603 740 1673 lapidem
759 1621 883 1662 esse
905 1608 1136 1663 iudicem
1162 1607 1391 1665 deﬁnit?
1419 1627 1549 1667 num
1580 1612 1877 1668 essentiam
1900 1615 2076 1685 ipsius

508 1710 603 1763 per
635 1697 841 1753 asciam
873 1699 990 1754 sive
1024 1702 1261 1757 securim
1291 1703 1741 1760 intellexitinum
1763 1721 1859 1775 per
1874 1707 2075 1761 ostium

508 1784 781 1858 Unigeniti
812 1791 1030 1848 deitatis
1074 1794 1378 1864 praprietas
1421 1796 1791 1867 signiﬁcatur,
1843 1799 1927 1853 vel
1974 1813 2073 1868 per

509 1881 934 1952 unumquodque
955 1884 1186 1939 aliorum
1217 1887 1309 1955 (ne
1335 1887 1561 1942 multam
1589 1888 1806 1943 turbam
1830 1889 2070 1945 sermoni

510 1970 809 2026 inferamus
838 1976 1019 2029 omnia
1070 1984 1418 2034 recensentes
1466 1979 1710 2049 nomina)
1740 1994 1848 2034 non
1884 1990 2074 2036 natura

509 2060 785 2133 Unigeniti
820 2068 1240 2137 unumquodque
1272 2071 1470 2125 horum
1515 2071 1796 2127 nominum
1821 2080 1928 2137 est,
1966 2087 2073 2127 non

508 2155 705 2222 deitas,
749 2172 859 2213 non
905 2162 1157 2215 essentia:
1199 2162 1956 2231 proprietas?Verumtamen
1989 2166 2076 2224 his

507 2244 823 2300 nominibus
856 2256 1101 2313 vocatur,
1133 2257 1188 2305 et
1223 2251 1513 2321 appellatio
1555 2252 1760 2323 aliquid
1794 2256 2076 2325 proprium

510 2334 562 2388 in
586 2351 645 2390 se
664 2336 931 2393 continet.
956 2336 1101 2394 Nihil
1124 2341 1268 2396 enim
1303 2342 1560 2407 otiosum,
1591 2344 1729 2399 nihil
1776 2346 1921 2416 quod
1966 2362 2077 2403 non

507 2426 791 2495 signiﬁcet.
848 2430 900 2483 in
934 2430 1136 2487 divinis
1166 2434 1388 2491 vocibus
1413 2437 1560 2505 pium
1601 2444 1687 2493 est
1721 2444 1775 2493 et
1824 2448 2077 2495 sanctum

507 2518 846 2574 existimare.
901 2520 1042 2593 Ergo
1114 2524 1378 2580 rationem
1433 2526 1581 2581 dicat
1634 2528 1681 2583 si
1728 2537 2075 2598 aspernatur,

506 2623 701 2679 nempe
732 2613 1031 2667 secundum
1073 2618 1591 2674 commentationem
1628 2620 1759 2685 dici,
1790 2621 1933 2677 unde
1964 2622 2079 2678 btec

504 2699 729 2754 nomina
773 2701 993 2759 Christo
1038 2716 1365 2778 congruunt.
1417 2708 1526 2765 Nos
1571 2709 1789 2781 quidem
1842 2712 2077 2769 dicimus

507 2791 672 2859 quod,
722 2808 845 2848 cum
892 2796 1299 2854 multiformiter
1348 2799 1607 2855 Dominus
1665 2802 1913 2858 humana:
1954 2804 2079 2858 vita:

508 2883 810 2949 provideat,
843 2900 1072 2956 quaeque
1103 2888 1350 2943 beneﬁcii
1378 2890 1590 2959 species
1618 2905 1715 2960 per
1736 2891 2079 2962 unumquod-

508 2989 616 3043 que
646 2976 832 3030 talium
855 2980 1134 3033 nominum
1165 2989 1526 3050 congruenter
1555 2981 1915 3051 dignoscitur,
1955 2996 2079 3052 pro-

510 3065 748 3121 videntia
802 3078 856 3122 et
904 3070 1220 3140 operatione
1274 3086 1395 3142 quae
1452 3072 1508 3127 in
1538 3072 1657 3142 ipso
1695 3080 1995 3142 spectatur,
2021 3073 2076 3128 in
2105 3109 2150 3167 c

510 3159 749 3215 nominis
794 3158 1025 3216 formam
1055 3169 1392 3221 transeunte.
1421 3161 1628 3221 Nomen
1676 3174 1856 3221 autem
1888 3166 2082 3236 hujus-

510 3251 653 3305 modi
682 3251 885 3307 dicitur
933 3256 1133 3321 mentis
1166 3258 1566 3327 excogitatione
1597 3260 1711 3314 sive
1747 3269 2083 3316 commenta-

511 3344 660 3396 tione
715 3342 1006 3398 nominari.
1041 3344 1194 3409 Quod
1227 3347 1273 3400 si
1309 3347 1411 3400 hoc
1456 3347 1789 3403 adversariis
1822 3364 1928 3403 non
1964 3352 2081 3420 pla-

512 3440 617 3497 cet,
650 3433 924 3502 quomodo
975 3436 1176 3506 cuique
1207 3437 1478 3502 videatur,
1509 3439 1590 3495 sic
1627 3454 1687 3494 se
1714 3440 1928 3496 habeat.
1975 3442 2080 3499 Sed

514 3528 598 3580 his
625 3542 747 3596 qua:
787 3528 1046 3584 dicuntur
1073 3530 1415 3599 adversatur,
1439 3535 1530 3603 qui
1575 3534 1855 3589 nominum
1884 3552 2004 3606 qua:
2027 3538 2081 3592 in

515 3618 813 3688 St-ripturis
837 3617 948 3675 Deo
972 3620 1362 3687 attribuuntur,
1395 3623 1549 3683 rudis
1577 3636 1659 3680 est
1681 3633 1736 3681 et
1754 3626 1994 3697 ignarus.
2025 3626 2082 3683 Si

461 3708 465 3712 ’
511 3711 661 3765 enim
702 3712 921 3769 divinas
952 3729 1115 3771 voces
1156 3714 1456 3782 didicisset,
1488 3719 1675 3788 utique
1729 3731 1914 3777 nosset
1937 3722 2080 3792 quod

511 3806 675 3860 etiam
719 3806 1066 3862 maledictum
1106 3816 1163 3863 et
1194 3817 1509 3878 peccatum,
1554 3820 1607 3867 et
1634 3811 1867 3882 iuvenca
1914 3823 2084 3872 oestro

514 3898 742 3966 percito,
770 3907 824 3953 et
848 3897 1068 3955 catulus
1115 3899 1354 3967 leonum,
1383 3909 1438 3956 et
1468 3917 1596 3958 ursa
1651 3904 1837 3971 dubia,
1867 3917 1922 3960 et
1953 3922 2083 3977 par-

512 3990 672 4055 tlalis,
727 3999 777 4044 et
821 4005 942 4060 quae
991 3988 1256 4058 ejusmodi
1292 3992 1591 4048 secundum
1640 3995 1883 4053 diversas
1933 4013 2085 4053 com-

514 4081 875 4137 intentatiooes
907 4096 936 4134 a
968 4080 1251 4152 Scriptura
1280 4081 1543 4141 Dominus
1569 4084 1774 4141 dicitur
1804 4103 1820 4141 :
1850 4103 1945 4158 per
1964 4104 2084 4159 qua:

514 4173 735 4244 nomina
768 4173 944 4229 sancti
971 4180 1027 4229 et
1067 4182 1386 4242 praestantes
1415 4175 1520 4232 viri
1564 4190 1787 4248 scopum
1818 4180 2081 4246 nationis,

515 4267 567 4319 in
592 4281 750 4337 quem
768 4266 977 4322 directo
997 4265 1352 4336 aspiciebant,
1369 4266 1515 4324 clare
1531 4270 1842 4339 explanant.
1858 4271 2082 4328 Etiamsi

515 4360 717 4426 passim
768 4366 1033 4429 usurpata
1066 4358 1354 4414 videantur
1391 4360 1794 4429 quodammodo
1824 4363 1945 4421 hac
1982 4381 2082 4421 no-

2170 517 2337 590 ρεύει,
2373 516 2510 588 πρὸς
2530 517 2692 571 αὐτὸν
2722 514 2925 585 εἴποιμ’
2955 514 3021 568 ἀν
3040 552 3057 577 ,
3088 512 3409 583 βλάσφημον
3436 506 3585 566 εἶναι
3620 512 3737 582 κρίο

2169 625 2275 662 νων
2294 607 2357 661 τὸ
2382 609 2443 661 ὲν
2470 608 2685 679 ἐπινοίᾳ
2714 607 2934 677 θεωρεῖν
2957 603 3067 658 τῶν
3090 603 3370 673 ὀνομάτων
3389 601 3490 673 τὴν
3508 602 3736 674 χρῆσινς

2170 700 2233 753 Ei
2272 698 2383 770 γὰρ
2424 699 2485 752 τὸ
2533 699 2596 752 οὐ
2641 699 2717 770 μὴ
2760 696 3007 769 εἰρῆσθαι
3050 693 3145 748 τοῦ
3197 692 3537 747 κεκωλύσθαι
3592 692 3737 761 λέγει

2170 792 2470 861 τεκμήριον
2499 786 2662 855 εἶναι,
2701 788 2795 843 καὶ
2826 787 2887 843 τὸ
2931 788 3005 859 μὴ
3044 784 3388 841 κεκωλῦσθαι
3412 783 3506 838 τοῦ
3542 800 3740 851 συγκε-

2171 878 2460 950 χωρῆσθαι,
2483 881 2707 949 σημεῖον
2758 874 2899 931 εἶναι
2948 876 3166 938 πάντως
3209 866 3550 944 συνθήσεται.
3599 874 3740 926 Ὀνο-

2177 968 2407 1037 μάζεται
2438 971 2550 1031 τοῖς
2575 966 2798 1039 ὀνόμασι
2831 964 3043 1029 τούτοις
3070 967 3101 1018 ὀ
3126 965 3362 1035 Κύριος,
3401 963 3435 1033 ἢ
3477 964 3575 1017 καὶ
3615 963 3739 1034 περὶ

2173 1060 2381 1114 τούτων
2429 1058 2654 1130 ἔξαρνος
2696 1062 2726 1113 ὁ
2780 1058 3043 1129 Εὒνόμιος
3094 1058 3338 1126 γίνεται;
3380 1056 3522 1109 Ἀλλ’
3559 1056 3612 1108 εί
3647 1057 3739 1125 μὲν

2175 1152 2420 1223 ἀρνεῖται
2449 1151 2514 1204 τὸ
2537 1150 2786 1219 λέγεσθαι
2809 1149 3012 1213 ταύτας
3037 1149 3131 1202 ἐπὶ
3154 1146 3391 1220 Χριστοῦ
3412 1146 3515 1210 τὰς
3535 1145 3738 1215 φωνὰς,

2175 1242 2421 1313 ἀμαχητὶ
2461 1241 2896 1314 κεκρατήκαμεν.
2931 1241 3028 1304 Τίς
3071 1238 3182 1312 γὰρ
3206 1238 3273 1294 ἂν
3306 1237 3739 1309 περιφανεστέρα

2176 1331 2401 1402 γένηται
2450 1332 2574 1403 νίκη
2627 1329 2722 1385 τοῦ
2751 1329 2917 1395 δεῖξαι
2947 1329 3196 1400 φανερῶς
3253 1326 3625 1399 θεομαχοῦντα
3654 1327 3741 1380 τὶν

2175 1424 2569 1496 ἀντικείμενον,
2602 1423 2691 1477 διὰ
2717 1423 2811 1479 τοῦ
2837 1424 2937 1487 τὰς
2964 1421 3113 1486 θείας
3144 1419 3239 1477 τοῦ
3267 1419 3603 1490 Εὑαγγελίου
3632 1438 3741 1490 φω-

2176 1514 2273 1579 νὰς
2297 1514 2784 1588 παραγράφεσθαι;
2824 1513 2887 1566 Ei
2921 1512 2979 1567 δὲ
3015 1511 3241 1582 ἀληθῶς,
3274 1510 3525 1583 ὁμολογεῖ
3570 1510 3741 1564 ταῦτα

2176 1606 2300 1659 τὸν“
2321 1607 2555 1677 Χριστὸν
2585 1604 2975 1678 ὀνομάζεσθαι,
3009 1604 3216 1674 λεγέτω
3246 1602 3339 1657 τδν
3367 1602 3572 1673 τρόπον
3624 1601 3737 1654 καθ’

2178 1698 2237 1752 ὃν
2269 1698 2504 1762 εὐσεϐῶς
2532 1697 2899 1769 ὲφαρμὸζεται
2929 1695 3006 1767 τῷ
3043 1696 3337 1765 Μονογενεῖ
3365 1693 3485 1765 Θεῷ
3522 1693 3595 1746 τὰ
3626 1690 3741 1744 ὄνό-

2109 1763 2150 1818 B
2183 1804 2346 1859 ματα.
2375 1787 2469 1859 Μὴ
2504 1763 2604 1857 τῆς
2636 1763 2850 1857 ἐρύσεως
2896 1763 3061 1838 αὐτοῦ
3098 1763 3374 1837 τὺνήλίθον
3419 1763 3742 1837 ἐνδεικτικὸν

2179 1879 2504 1951 διορίζεται;
2553 1878 2645 1950 Μὴ
2691 1875 2791 1949 τὴν
2835 1875 3022 1930 οὐσίαν
3070 1873 3235 1927 αὐτοῦ
3270 1873 3360 1928 διὰ
3407 1873 3507 1943 τῆς
3556 1870 3744 1941 ἀξίνης

2181 1970 2435 2042 ὲνόησεν;
2463 1969 2552 2041 Μὴ
2580 1968 2670 2022 διὰ
2693 1967 2795 2036 τῆς
2832 1966 3006 2038 θύρας
3028 1968 3063 2037 η
3096 1966 3196 2035 τῆς
3230 1964 3482 2032 θεότητος
3507 1960 3745 2039 τοῦνὶίο-

2180 2059 2428 2130 νογενοῦς
2454 2060 2651 2129 ἰδιότης
2683 2059 3036 2130 σημαίνεται,
3080 2056 3115 2127 ἢ
3153 2055 3220 2109 δι’
3251 2054 3482 2108 ἑκάστου
3521 2052 3634 2106 τῶν
3658 2051 3748 2105 ἀ).-

2180 2157 2286 2209 λων
2312 2142 2421 2226 (ἵνα
2451 2153 2526 2225 μὴ
2565 2153 2730 2207 πολὺν
2772 2150 3066 2222 ἐπάγωμεν
3096 2149 3249 2220 ὄχλον
3277 2147 3357 2219 τῷ
3383 2145 3531 2216 λόγῳ
3574 2143 3748 2198 πάντα

2180 2248 2572 2318 καταλέγοντες
2622 2247 2692 2301 τὰ
2734 2244 3043 2317 ὀνόματα),
3073 2243 3135 2297 οὐ
3173 2241 3333 2312 φύσις
3377 2239 3475 2293 τοῦ
3511 2238 3749 2307 Mome-

2180 2336 2305 2401 νοῦς
2324 2337 2550 2390 ἕκαστον
2577 2336 2781 2389 τούτων
2812 2332 2920 2387 τῶν
2941 2331 3218 2403 ὀνομάτων
3238 2330 3384 2382 ἐστὶν
3401 2369 3416 2393 ,
3446 2327 3509 2381 οὐ
3535 2326 3749 2395 θεότης,

2181 2430 2281 2484 οὐκ
2321 2429 2507 2493 οὐσίας
2554 2428 2783 2498 ίδίωμας
2835 2424 2997 2479 Ἀλλὰ
3037 2423 3141 2495 μὴν
3182 2420 3506 2492 ὀνομάζεται
3554 2417 3749 2477 ταῦτα.

2183 2521 2277 2576 καὶ
2302 2523 2336 2592 ἡ
2367 2521 2557 2590 κλῆσις
2591 2519 2654 2573 τὸ
2692 2521 2882 2589 κύριον
2924 2516 3058 2586 ἔχει.
3100 2513 3269 2568 οὐδὲν
3308 2510 3418 2581 γὰρ
3451 2509 3622 2582 ἀργὸν
3658 2509 3750 2562 καὶ

2182 2614 2492 2685 ἀσήμαντον
2523 2612 2583 2663 ὲν
2612 2611 2731 2673 ταῖς
2779 2607 2956 2671 θείαις
2999 2606 3202 2675 φωναῖς
3235 2600 3430 2670 εύαγὲς
3459 2603 3612 2654 ἐστιν
3641 2599 3751 2653 οἴε-

2184 2702 2330 2757 σθαι.
2387 2701 2597 2756 Οὐκοῦν
2638 2700 2850 2753 εἰπάτω
2892 2696 3171 2764 τὸνλόγον
3206 2696 3259 2748 εί
3307 2692 3490 2748 ἀθετεῖ
3517 2692 3583 2745 τδ
3631 2694 3751 2745 κατ’

2182 2792 2424 2847 ἐπίνοιαν
2473 2789 2770 2858 λέγεσθαι,
2818 2787 2983 2840 πόθεν
3028 2783 3393 2856 ὲφαρμόζεται
3450 2781 3628 2836 ταῦτα
3676 2781 3754 2851 τῷ

2182 2883 2401 2955 Χριστῷ
2439 2885 2511 2938 τά
2548 2882 2807 2953 ὀνόματα.
2850 2882 3041 2952 Ἡμεῖς
3085 2878 3182 2950 μὲν
3215 2878 3325 2950 γάρ
3362 2875 3527 2930 τοῦτό
3553 2891 3754 2945 φαμεν,

2181 2975 2284 3037 ὄτι,
2311 2972 2604 3037 πολυειδῶς
2623 2972 2716 3026 τοῦ
2745 2972 2946 3043 Κυρίου
2970 2974 3070 3043 τῆς
3088 2969 3433 3041 ἀνθρωπίνης
3463 2965 3754 3037 προνοοῦν-

2181 3082 2275 3130 τος
2306 3064 2484 3136 ζωῆς,
2510 3064 2739 3118 ἒκαστον
2770 3062 3091 3135 εὐεργεσίας
3118 3058 3257 3125 εἶδος
3277 3061 3344 3115 δι’
3381 3060 3617 3113 ἑκάστου
3649 3058 3755 3110 τῶν

2179 3155 2437 3210 τοιούτων
2479 3155 2759 3227 ὀνομάτων
2813 3154 3162 3225 καταλλήλως
3219 3151 3549 3223 γνωρίζεται
3582 3191 3599 3213 .
3657 3150 3754 3219 τῆς

2182 3232 2560 3318 θεωρουμένης
2588 3245 2741 3316 αὐτῷ
2782 3244 3041 3317 προνοίας
3072 3246 3167 3298 καὶ
3211 3242 3489 3312 ἐνεργείας
3524 3244 3607 3304 είς
3636 3241 3751 3294 ὀνό⁴

2186 3352 2356 3408 ματος
2394 3335 2566 3389 τύπον
2618 3335 3067 3407 μεταϐαινούσης.
3112 3333 3187 3387 Τὸ
3225 3333 3282 3386 δὲ
3309 3332 3553 3385 τοιοῦτον
3584 3332 3755 3402 ὄνομα

2183 3430 2316 3501 παρ’
2350 3428 2510 3500 ἡμῶν
2560 3429 2773 3483 ἐπίνοια
2807 3427 3025 3496 λέγεται
3071 3425 3451 3498 ὀνομάζεσθαι.
3486 3424 3557 3479 El
3584 3424 3643 3477 δὲ
3682 3420 3755 3493 μὴ

2182 3520 2341 3575 τοῦτο
2370 3520 2521 3591 φίλον
2567 3523 2681 3584 τοῖς
2737 3519 3121 3588 ἀντιλέγουσιν,
3174 3519 3324 3583 ὅπως
3373 3516 3440 3570 ἄν
3477 3533 3561 3586 τῳ
3602 3515 3753 3583 δοκῇ,

2184 3610 2372 3681 ἐχέτω.
2418 3609 2557 3663 Ἀλλ’
2591 3610 2864 3679 ἀντιλέγει
2894 3612 3009 3673 τοῖς
3054 3608 3366 3680 λεγομένοις
3394 3608 3425 3659 ὀ
3462 3605 3578 3659 τῶν
3620 3621 3753 3675 γρα-

2184 3704 2360 3774 φικῶν
2408 3704 2689 3775 ὀνομάτων
2737 3705 2986 3776 ἀνήκοος.
3033 3704 3096 3757 Ei
3145 3702 3255 3774 γὰρ
3300 3701 3632 3754 πεπαίδευτο
3656 3698 3753 3762 τὰς

2183 3796 2332 3860 θείας
2362 3795 2579 3865 φωνὰς,
2614 3795 2760 3865 ἔγνω
2799 3797 3017 3859 πάντως
3056 3794 3122 3849 ἃν
3153 3794 3235 3847 ὅτι
3279 3793 3374 3847 καί¹
3418 3793 3639 3860 κατάρα
3667 3791 3754 3843 καὶ

2184 3884 2424 3958 ἁμαρτία
2450 3923 2466 3950 ,
2492 3886 2590 3939 καὶ
2633 3882 3024 3955 παροιστρῶσα
3063 3882 3330 3954 δάμαλις,
3373 3882 3469 3935 καὶ
3520 3879 3755 3951 σκύμνος

2181 3980 2433 4043 λεόντων,
2462 3979 2557 4033 καὶ
2580 3978 2779 4049 ἄρκτος
2806 3975 3176 4047 ἀπορουμένη,
3210 3974 3303 4028 καὶ
3332 3973 3635 4046 πάρδαλις,
3665 3973 3756 4026 καὶ

2181 4072 2250 4124 τὰ
2286 4069 2509 4125 τοιαῦτα
2539 4067 2681 4123 κατά
2705 4066 2993 4138 διαφόρους
3020 4065 3264 4129 ἐπινοίας
3288 4064 3442 4138 παρὰ
3474 4064 3581 4136 τῆς
3616 4063 3757 4134 Γρα-

2183 4164 2288 4235 φῆς
2327 4166 2356 4218 ὁ
2394 4162 2598 4235 Κύριος
2625 4160 2875 4231 λέγεται·
2901 4160 3013 4213 τῶν
3040 4160 3213 4229 ἁγίων
3248 4176 3307 4213 τε
3352 4158 3446 4213 καὶ
3480 4157 3753 4229 διαφόρων

2184 4258 2389 4330 ἀνδρῶν
2434 4257 2525 4311 τὸν
2559 4257 2759 4311 σκοπὸν
2806 4257 2899 4311 τοῦ
2941 4258 3240 4327 νοήματος,
3279 4254 3416 4325 πρὸς
3466 4254 3525 4308 ὃν
3576 4253 3759 4322 ἀερεὼ-

2186 4367 2321 4422 ρων,
2353 4348 2654 4412 εύθυϐὀλως
2677 4351 2788 4412 τοῖς
2813 4348 3039 4420 ὀνόμασι
3062 4347 3273 4412 τούτοις
3299 4348 3750 4419 διατρανούντων.

515 4452 682 4518 utine,
697 4451 995 4507 secundum
1012 4458 1319 4521 promptam
1343 4458 1398 4507 et
1414 4452 1595 4507 tritam
1612 4454 2080 4525 signiﬁcationem,

2186 4441 2254 4495 Εἰ
2284 4440 2343 4493 δὲ
2396 4439 2491 4493 καὶ
2533 4438 2915 4510 διαϐεϐλῆσθαι
2944 4437 3119 4493 ταῦτα
3150 4437 3298 4493 δοκεῖ
3324 4452 3443 4502 πως
3462 4437 3605 4491 κατά
3658 4438 3760 4506 τὴν

508 4560 637 4612 quae
667 4544 887 4614 quidem
920 4542 1133 4613 singula
1167 4542 1273 4599 nisi
1290 4543 1416 4611 quis
1442 4558 1539 4613 per
1572 4548 2084 4603 commentationem

518 4636 702 4692 in‘Deo
724 4638 810 4707 pie
851 4636 958 4691 dici
1000 4635 1361 4699 concesserit,
1390 4648 1497 4689 non
1532 4649 1666 4703 pura
1686 4636 1793 4691 erit
1821 4636 1988 4693 dictio
2017 4638 2088 4694 ab

518 4728 681 4797 impia
700 4727 1034 4796 suspicione.
1051 4727 1130 4782 Ac
1156 4725 1428 4797 prolixum
1443 4723 1663 4795 quidem
1678 4736 1823 4782 esset
1842 4729 2085 4784 omnium

516 4831 908 4892 repraesentare
936 4830 990 4875 et
1011 4820 1290 4876 denudare
1309 4819 1425 4874 sive
1453 4818 1666 4888 aperire
1689 4833 1931 4885 sensum,
1950 4836 2087 4891 quo-

516 4911 679 4968 modo
732 4913 849 4966 haec
893 4911 1058 4966 etiam
1088 4910 1250 4982 vulgo
1286 4920 1547 4982 usurpata
1605 4920 1734 4967 sunt
1784 4912 2085 4967 secundum

515 5018 860 5062 communem
913 5003 1372 5060 existimationem
1401 5017 1465 5059 ex
1511 5011 1763 5073 prompta
1809 5003 2086 5074 signiﬁca-

515 5099 695 5164 tione,
733 5097 990 5167 quoniam
1038 5096 1179 5151 ratio
1232 5097 1706 5152 commentationis
1750 5095 1936 5166 pietati
1984 5093 2084 5152 Dei

515 5192 731 5247 nomina
768 5189 1046 5247 conciliat.
1072 5187 1181 5245 Sed
1219 5188 1289 5244 ad
1315 5202 1383 5245 ea
1402 5202 1526 5260 qua:
1565 5186 1822 5258 deinceps
1846 5201 2086 5257 sequun-

517 5287 623 5346 tur,
654 5281 1085 5352 progrediamur.

592 5371 807 5430 ltursus
844 5374 1077 5445 repetito
1132 5386 1405 5437 sermone,
1447 5369 1717 5442 ejusmodi
1773 5370 1995 5425 nomina
2032 5369 2089 5423 in

520 5461 749 5519 Domino
780 5464 1058 5528 dicuntur,
1097 5481 1195 5520 nec
1224 5479 1413 5520 eorum
1464 5463 1754 5533 quisquam
1788 5462 1881 5531 qui
1916 5463 1971 5515 in
2000 5461 2086 5517 di—

522 5552 726 5606 vinitus
762 5552 1042 5622 iuspiratis
1087 5552 1385 5623 Scripturis
1401 5560 1650 5608 versatus
1673 5549 1856 5612 fuerit,
1877 5549 2089 5606 inﬁcias

522 5646 644 5705 ibit,
677 5646 791 5699 lucc
833 5646 963 5699 diei.
989 5646 1130 5711 Quid
1174 5647 1360 5714 igitur,
1390 5660 1519 5700 num
1555 5646 1729 5716 ipsius
1773 5651 1985 5698 natura:
2013 5640 2090 5697 si-

523 5736 861 5806 gniﬁcativas
914 5751 1071 5790 voces
1116 5736 1419 5791 deﬁniunt?
1451 5735 1612 5806 Ergo,
1654 5735 1850 5806 inquit,
1904 5731 2090 5787 multi-

2189 4530 2477 4601 πρόχειρον
2504 4527 2727 4595 ἔνδειξιν
2751 4528 2819 4581 τὰ
2846 4527 3085 4598 ὀνόματα
3106 4565 3122 4590 ,
3154 4528 3303 4599 ’άπερ
3334 4528 3561 4581 ἕκαστον
3599 4529 3649 4580 εἰ
3682 4529 3758 4597 μὴ

2188 4621 2333 4674 κατά
2357 4617 2482 4671 τινά
2505 4635 2593 4681 τις
2630 4616 2874 4671 ἐπίνοιαν
2900 4616 3118 4686 εύαγῶς
3154 4617 3503 4686 ἐπιλέγεσθαι
3529 4618 3609 4688 τῷ
3639 4615 3759 4686 Θεῷ

2188 4710 2611 4782 συγχωρήσειεν,
2644 4708 2705 4761 οὺ
2740 4706 3069 4778 καθαρεύσει
3104 4707 3205 4778 τῆς
3229 4708 3595 4781 ἀσεϐεστὲρας
3622 4709 3758 4761 ὑπο-

2186 4804 2333 4866 νοίας
2361 4803 2396 4872 ἡ
2421 4800 2584 4867 λέξις.
2621 4800 2731 4852 Καὶ
2761 4799 2969 4870 μακρὸν
3006 4798 3073 4852 ἀν
3113 4797 3198 4870 εἴη
3228 4798 3358 4873 περὶ
3400 4800 3617 4854 πάντων
3646 4814 3757 4851 πα-

2182 4896 2378 4967 ¹ριστρἱ
2407 4908 2474 4945 τε
2493 4892 2589 4945 καὶ
2624 4888 2976 4959 ἀπογυμνοῦν
3004 4888 3106 4961 τὴν
3129 4889 3367 4945 διάνοιαν
3393 4929 3408 4953 ,
3440 4890 3559 4954 πῶς
3584 4888 3755 4942 ταῦτα

2188 4988 2282 5042 καὶ
2323 4985 2675 5056 διαϐέϐληται
2717 4981 2858 5037 κατά
2889 4981 2990 5053 τὴν
3034 4983 3218 5054 κοινὴν
3260 4982 3528 5054 ὑπόληψιν
3567 4983 3630 5035 ὲκ
3655 4981 3753 5049 τῆς

2188 5080 2480 5151 προχείρου
2506 5077 2817 5149 ἐμφάσεως,
2836 5075 2932 5129 καὶ
2951 5076 2980 5128 ὀ
3001 5074 3099 5144 τῆξ
3123 5074 3365 5138 ἐπινοίας
3389 5075 3548 5144 λόγος
3569 5073 3754 5127 σίκειοῖ

2187 5175 2253 5245 τῇ
2303 5171 2554 5241 εὐσεϐείᾳ
2585 5168 2680 5223 τοῦ
2727 5168 2863 5222 Θεοῦ
2899 5168 2969 5222 τὰ
2999 5167 3255 5237 ὀνόματα.
3310 5165 3474 5221 Ἀλλά
3517 5166 3651 5240 πρὸς
3695 5163 3751 5215 τὺ

2190 5265 2409 5336 συνεχὲς
2432 5265 2530 5335 τῆς
2561 5261 2885 5325 ἀκολουθίας
2910 5258 3280 5333 προέλθωμεν.

2258 5358 2428 5413 Πάλιν
2455 5354 2883 5420 ἐπαναλαϐόντες
2903 5355 2991 5409 τὸν
3015 5355 3192 5425 λόγον,
3207 5354 3429 5423 λέγεται
3452 5353 3520 5407 τὰ
3537 5350 3747 5406 τοιαῦτα

2187 5451 2296 5505 τῶν
2324 5448 2604 5520 ὀνομάτων
2632 5447 2725 5501 ἐπὶ
2753 5447 2848 5502 τοῦ
2874 5446 3104 5519 Κυρίου,
3133 5445 3228 5499 καὶ
3252 5445 3357 5498 οὐκ
3384 5444 3451 5499 ἄν
3478 5461 3561 5508 τις
3584 5438 3751 5496 ἁντεί·

2190 5560 2281 5597 ποι
2310 5540 2418 5594 τῶν
2448 5538 2905 5610 καθωμιληκότων
2937 5540 3056 5601 ταῖς
3101 5534 3477 5597 θεοπνεύστοις
3515 5534 3553 5586 Γ
3558 5530 3747 5601 βαφαῖς

2188 5633 2358 5688 ταῦτα
2406 5632 2481 5704 μὴ
2517 5631 2793 5700 λέγεσθαι.
2843 5629 2907 5683 Τί
2945 5625 3038 5684 οὖν
3072 5624 3182 5700 ἄρα
3210 5627 3378 5697 αύτῆς
3407 5627 3506 5697 τῆς
3543 5623 3747 5693 φύσεως

2196 5725 2529 5799 σημαντικὰς
2553 5724 2734 5796 φωνάς
2762 5722 3083 5794 διορίζεταις
3108 5720 3314 5776 Οὐκοῦν
3344 5716 3587 5783 πολυειδῇ
3605 5727 3742 5777 τινα,
