  <div class='ocr_page' id='page_1' title='image "/cluster/home/n/w/nwhite01/storage/ocr_20150623/45/hvd.32044073501876/524.png"; bbox 0 0 4010 6212; ppageno 0'>
   <div class='ocr_carea' id='block_1_1' title="bbox 270 302 454 365">
    <p class='ocr_par' dir='ltr' id='par_1_1' title="bbox 270 302 454 365">
     <span class='ocr_line' id='line_1_1' title="bbox 270 302 454 365; baseline -0.005 0"><span class='ocrx_word' id='word_1_1' title='bbox 270 302 273 303; x_wconf 16' lang='grc' dir='ltr'><em>ν</em></span> <span class='ocrx_word' id='word_1_2' title='bbox 313 309 454 365; x_wconf 69' lang='grc'><strong>1017)</strong></span> 
     </span>
    </p>
   </div>
   <div class='ocr_carea' id='block_1_2' title="bbox 1380 316 2430 391">
    <p class='ocr_par' dir='ltr' id='par_1_2' title="bbox 1380 316 2430 391">
     <span class='ocr_line' id='line_1_2' title="bbox 1380 316 2430 391; baseline 0.005 -17"><span class='ocrx_word' id='word_1_3' title='bbox 1380 316 1661 374; x_wconf 67' lang='lat' dir='ltr'><strong>CONTRA</strong></span> <span class='ocrx_word' id='word_1_4' title='bbox 1690 320 2097 391; x_wconf 74' lang='lat' dir='ltr'><strong>EUNOMIUM,</strong></span> <span class='ocrx_word' id='word_1_5' title='bbox 2142 324 2270 379; x_wconf 83' lang='lat' dir='ltr'><strong>LIB.</strong></span> <span class='ocrx_word' id='word_1_6' title='bbox 2314 326 2430 379; x_wconf 68' lang='lat' dir='ltr'><strong>XII.</strong></span> 
     </span>
    </p>
   </div>
   <div class='ocr_carea' id='block_1_3' title="bbox 2188 186 2211 213">
    <p class='ocr_par' dir='ltr' id='par_1_3' title="bbox 2188 186 2211 213">
     <span class='ocr_line' id='line_1_3' title="bbox 2188 186 2211 213; baseline 0 0"><span class='ocrx_word' id='word_1_7' title='bbox 2188 186 2211 213; x_wconf 77' lang='grc' dir='ltr'><em>Ι</em></span> 
     </span>
    </p>
   </div>
   <div class='ocr_carea' id='block_1_4' title="bbox 3421 322 3557 375">
    <p class='ocr_par' dir='ltr' id='par_1_4' title="bbox 3421 322 3557 375">
     <span class='ocr_line' id='line_1_4' title="bbox 3421 322 3557 375; baseline 0 0"><span class='ocrx_word' id='word_1_8' title='bbox 3421 322 3557 375; x_wconf 68' lang='lat' dir='ltr'><strong>10H</strong></span> 
     </span>
    </p>
   </div>
   <div class='ocr_carea' id='block_1_5' title="bbox 312 426 1879 515">
    <p class='ocr_par' dir='ltr' id='par_1_5' title="bbox 312 426 1879 504">
     <span class='ocr_line' id='line_1_5' title="bbox 312 426 1879 504; baseline 0.009 -23"><span class='ocrx_word' id='word_1_9' title='bbox 312 428 449 500; x_wconf 73' lang='grc' dir='ltr'>φησὶ</span> <span class='ocrx_word' id='word_1_10' title='bbox 474 467 490 492; x_wconf 83' lang='grc'>,</span> <span class='ocrx_word' id='word_1_11' title='bbox 519 426 616 498; x_wconf 78' lang='grc' dir='ltr'>τὴν</span> <span class='ocrx_word' id='word_1_12' title='bbox 644 426 796 484; x_wconf 80' lang='grc' dir='ltr'>θείαν</span> <span class='ocrx_word' id='word_1_13' title='bbox 839 430 1031 499; x_wconf 82' lang='grc' dir='ltr'>φύσιν,</span> <span class='ocrx_word' id='word_1_14' title='bbox 1064 434 1158 488; x_wconf 73' lang='grc' dir='ltr'>καὶ</span> <span class='ocrx_word' id='word_1_15' title='bbox 1196 435 1586 492; x_wconf 88' lang='grc' dir='ltr'>πολυσύνθετον</span> <span class='ocrx_word' id='word_1_16' title='bbox 1617 440 1757 494; x_wconf 66' lang='grc' dir='ltr'>κατὰ</span> <span class='ocrx_word' id='word_1_17' title='bbox 1787 442 1879 504; x_wconf 72' lang='grc' dir='ltr'>τὰς</span> 
     </span>
    </p>
   </div>
   <div class='ocr_carea' id='block_1_6' title="bbox 1979 426 3557 515">
    <p class='ocr_par' dir='ltr' id='par_1_6' title="bbox 1990 436 3557 515">
     <span class='ocr_line' id='line_1_6' title="bbox 1990 436 3557 515; baseline -0.002 -20"><span class='ocrx_word' id='word_1_18' title='bbox 1990 439 2216 497; x_wconf 77' lang='lat' dir='ltr'><strong>formem</strong></span> <span class='ocrx_word' id='word_1_19' title='bbox 2248 441 2542 515; x_wconf 78' lang='lat' dir='ltr'><strong>quamdam</strong></span> <span class='ocrx_word' id='word_1_20' title='bbox 2578 439 2817 496; x_wconf 82' lang='lat' dir='ltr'><strong>divinam</strong></span> <span class='ocrx_word' id='word_1_21' title='bbox 2840 444 3127 502; x_wconf 83' lang='lat' dir='ltr'><strong>naturam,</strong></span> <span class='ocrx_word' id='word_1_22' title='bbox 3172 436 3557 507; x_wconf 86' lang='lat' dir='ltr'><strong>multiplicem-</strong></span> 
     </span>
    </p>
   </div>
   <div class='ocr_carea' id='block_1_7' title="bbox 308 518 1887 600">
    <p class='ocr_par' dir='ltr' id='par_1_7' title="bbox 308 518 1887 600">
     <span class='ocr_line' id='line_1_7' title="bbox 308 518 1887 600; baseline 0.009 -29"><span class='ocrx_word' id='word_1_23' title='bbox 308 518 583 590; x_wconf 75' lang='grc' dir='ltr'>διαφορὰς</span> <span class='ocrx_word' id='word_1_24' title='bbox 597 518 705 572; x_wconf 91' lang='grc' dir='ltr'><strong>τῶν</strong></span> <span class='ocrx_word' id='word_1_25' title='bbox 731 520 792 572; x_wconf 80' lang='grc' dir='ltr'><strong>ἐν</strong></span> <span class='ocrx_word' id='word_1_26' title='bbox 822 524 935 586; x_wconf 82' lang='grc' dir='ltr'>τοῖς</span> <span class='ocrx_word' id='word_1_27' title='bbox 962 522 1187 595; x_wconf 85' lang='grc' dir='ltr'>ὀνόμασι</span> <span class='ocrx_word' id='word_1_28' title='bbox 1216 529 1644 600; x_wconf 80' lang='grc' dir='ltr'><strong>σημαινομένων,</strong></span> <span class='ocrx_word' id='word_1_29' title='bbox 1675 531 1735 584; x_wconf 87' lang='grc' dir='ltr'><strong>τὺ</strong></span> <span class='ocrx_word' id='word_1_30' title='bbox 1764 550 1887 586; x_wconf 83' lang='grc' dir='ltr'>ποι-</span> 
     </span>
    </p>
   </div>
   <div class='ocr_carea' id='block_1_8' title="bbox 311 608 1889 690">
    <p class='ocr_par' dir='ltr' id='par_1_8' title="bbox 311 608 1889 690">
     <span class='ocr_line' id='line_1_8' title="bbox 311 608 1889 690; baseline 0.009 -28"><span class='ocrx_word' id='word_1_31' title='bbox 311 609 462 662; x_wconf 85' lang='grc' dir='ltr'>κίλον</span> <span class='ocrx_word' id='word_1_32' title='bbox 491 608 927 682; x_wconf 81' lang='grc' dir='ltr'>ἐνδεικνυμένην.</span> <span class='ocrx_word' id='word_1_33' title='bbox 963 613 1039 667; x_wconf 85' lang='grc' dir='ltr'><strong>οὐ</strong></span> <span class='ocrx_word' id='word_1_34' title='bbox 1079 614 1188 686; x_wconf 82' lang='grc' dir='ltr'>γὰρ</span> <span class='ocrx_word' id='word_1_35' title='bbox 1222 617 1253 688; x_wconf 80' lang='grc' dir='ltr'>ἡ</span> <span class='ocrx_word' id='word_1_36' title='bbox 1288 619 1425 689; x_wconf 83' lang='grc' dir='ltr'>αὑτὴ</span> <span class='ocrx_word' id='word_1_37' title='bbox 1464 618 1559 673; x_wconf 76' lang='grc' dir='ltr'><strong>τοῦ</strong></span> <span class='ocrx_word' id='word_1_38' title='bbox 1598 621 1761 690; x_wconf 77' lang='grc' dir='ltr'>ἄρτου</span> <span class='ocrx_word' id='word_1_39' title='bbox 1795 624 1889 676; x_wconf 77' lang='grc' dir='ltr'>καὶ</span> 
     </span>
    </p>
   </div>
   <div class='ocr_carea' id='block_1_9' title="bbox 306 699 1884 783">
    <p class='ocr_par' dir='ltr' id='par_1_9' title="bbox 306 699 1884 783">
     <span class='ocr_line' id='line_1_9' title="bbox 306 699 1884 783; baseline 0.008 -31"><span class='ocrx_word' id='word_1_40' title='bbox 306 702 404 753; x_wconf 80' lang='grc' dir='ltr'>τοῦ</span> <span class='ocrx_word' id='word_1_41' title='bbox 433 699 645 765; x_wconf 82' lang='grc' dir='ltr'>λέοντος</span> <span class='ocrx_word' id='word_1_42' title='bbox 674 703 920 772; x_wconf 86' lang='grc' dir='ltr'>σημασία</span> <span class='ocrx_word' id='word_1_43' title='bbox 942 743 958 769; x_wconf 85' lang='grc'><strong><em>,</em></strong></span> <span class='ocrx_word' id='word_1_44' title='bbox 997 705 1117 759; x_wconf 80' lang='grc' dir='ltr'><strong>ούδέ</strong></span> <span class='ocrx_word' id='word_1_45' title='bbox 1147 705 1317 780; x_wconf 88' lang='grc' dir='ltr'>θύρας</span> <span class='ocrx_word' id='word_1_46' title='bbox 1359 727 1419 763; x_wconf 81' lang='grc' dir='ltr'><strong>τε</strong></span> <span class='ocrx_word' id='word_1_47' title='bbox 1459 711 1551 764; x_wconf 76' lang='grc' dir='ltr'>καὶ</span> <span class='ocrx_word' id='word_1_48' title='bbox 1581 711 1884 783; x_wconf 77' lang='grc' dir='ltr'><strong>δαμάλεως,</strong></span> 
     </span>
    </p>
   </div>
   <div class='ocr_carea' id='block_1_10' title="bbox 308 788 1886 874">
    <p class='ocr_par' dir='ltr' id='par_1_10' title="bbox 308 788 1886 874">
     <span class='ocr_line' id='line_1_10' title="bbox 308 788 1886 874; baseline 0.011 -34"><span class='ocrx_word' id='word_1_49' title='bbox 308 788 430 842; x_wconf 75' lang='grc' dir='ltr'><strong>ούδέ</strong></span> <span class='ocrx_word' id='word_1_50' title='bbox 466 789 656 859; x_wconf 78' lang='grc' dir='ltr'>ἀξίνης</span> <span class='ocrx_word' id='word_1_51' title='bbox 689 792 783 845; x_wconf 74' lang='grc' dir='ltr'><strong>καὶ</strong></span> <span class='ocrx_word' id='word_1_52' title='bbox 811 792 1034 862; x_wconf 81' lang='grc' dir='ltr'>ὓδατος,</span> <span class='ocrx_word' id='word_1_53' title='bbox 1070 796 1184 851; x_wconf 78' lang='grc' dir='ltr'>ἀλλ’</span> <span class='ocrx_word' id='word_1_54' title='bbox 1208 798 1437 854; x_wconf 75' lang='grc' dir='ltr'><strong>ἑκάστου</strong></span> <span class='ocrx_word' id='word_1_55' title='bbox 1469 801 1578 856; x_wconf 88' lang='grc' dir='ltr'><strong>τῶν</strong></span> <span class='ocrx_word' id='word_1_56' title='bbox 1609 803 1886 874; x_wconf 81' lang='grc' dir='ltr'><strong>ὀνομάτων</strong></span> 
     </span>
    </p>
   </div>
   <div class='ocr_carea' id='block_1_11' title="bbox 309 880 1884 955">
    <p class='ocr_par' dir='ltr' id='par_1_11' title="bbox 309 880 1884 955">
     <span class='ocr_line' id='line_1_11' title="bbox 309 880 1884 955; baseline 0.011 -23"><span class='ocrx_word' id='word_1_57' title='bbox 309 880 441 933; x_wconf 71' lang='grc' dir='ltr'>τδιάν</span> <span class='ocrx_word' id='word_1_58' title='bbox 470 883 618 941; x_wconf 76' lang='grc' dir='ltr'>ἐστιν</span> <span class='ocrx_word' id='word_1_59' title='bbox 655 885 881 955; x_wconf 84' lang='grc' dir='ltr'>ὁρισμὸν</span> <span class='ocrx_word' id='word_1_60' title='bbox 909 887 1224 949; x_wconf 73' lang='grc' dir='ltr'>ἀποδοῦναι.</span> <span class='ocrx_word' id='word_1_61' title='bbox 1266 893 1385 945; x_wconf 85' lang='grc' dir='ltr'>κατ’</span> <span class='ocrx_word' id='word_1_62' title='bbox 1417 893 1567 947; x_wconf 82' lang='grc' dir='ltr'>οὐδὲν</span> <span class='ocrx_word' id='word_1_63' title='bbox 1605 896 1884 949; x_wconf 81' lang='grc' dir='ltr'>ἐπικοινω-</span> 
     </span>
    </p>
   </div>
   <div class='ocr_carea' id='block_1_12' title="bbox 308 972 1885 1055">
    <p class='ocr_par' dir='ltr' id='par_1_12' title="bbox 308 972 1885 1055">
     <span class='ocr_line' id='line_1_12' title="bbox 308 972 1885 1055; baseline 0.01 -31"><span class='ocrx_word' id='word_1_64' title='bbox 308 972 505 1025; x_wconf 85' lang='grc' dir='ltr'>νοῦντα</span> <span class='ocrx_word' id='word_1_65' title='bbox 531 976 642 1039; x_wconf 85' lang='grc' dir='ltr'>τοῖς</span> <span class='ocrx_word' id='word_1_66' title='bbox 666 973 864 1040; x_wconf 79' lang='grc' dir='ltr'>ἄλλοις.</span> <span class='ocrx_word' id='word_1_67' title='bbox 907 979 1115 1033; x_wconf 82' lang='grc' dir='ltr'>υύκοῦν</span> <span class='ocrx_word' id='word_1_68' title='bbox 1150 980 1308 1051; x_wconf 83' lang='grc' dir='ltr'>φύσιν</span> <span class='ocrx_word' id='word_1_69' title='bbox 1355 984 1454 1055; x_wconf 81' lang='grc' dir='ltr'>μὲν</span> <span class='ocrx_word' id='word_1_70' title='bbox 1491 985 1552 1038; x_wconf 82' lang='grc' dir='ltr'>οὐ</span> <span class='ocrx_word' id='word_1_71' title='bbox 1588 987 1885 1055; x_wconf 87' lang='grc' dir='ltr'>σημαίνου-</span> 
     </span>
    </p>
   </div>
   <div class='ocr_carea' id='block_1_13' title="bbox 311 1064 1885 1148">
    <p class='ocr_par' dir='ltr' id='par_1_13' title="bbox 311 1064 1885 1148">
     <span class='ocr_line' id='line_1_13' title="bbox 311 1064 1885 1148; baseline 0.01 -34"><span class='ocrx_word' id='word_1_72' title='bbox 311 1079 426 1115; x_wconf 87' lang='grc' dir='ltr'>σιν·</span> <span class='ocrx_word' id='word_1_73' title='bbox 454 1064 657 1137; x_wconf 75' lang='grc' dir='ltr'>ἄκυρον</span> <span class='ocrx_word' id='word_1_74' title='bbox 679 1066 736 1119; x_wconf 79' lang='grc' dir='ltr'>δέ</span> <span class='ocrx_word' id='word_1_75' title='bbox 765 1084 850 1132; x_wconf 88' lang='grc' dir='ltr'><strong>τις</strong></span> <span class='ocrx_word' id='word_1_76' title='bbox 888 1070 980 1122; x_wconf 81' lang='grc' dir='ltr'>καὶ</span> <span class='ocrx_word' id='word_1_77' title='bbox 1009 1072 1322 1142; x_wconf 79' lang='grc' dir='ltr'><strong>ἀσήμαντον</strong></span> <span class='ocrx_word' id='word_1_78' title='bbox 1351 1076 1525 1128; x_wconf 80' lang='grc' dir='ltr'>εἰπεῖν</span> <span class='ocrx_word' id='word_1_79' title='bbox 1566 1076 1666 1147; x_wconf 86' lang='grc' dir='ltr'>τὴν</span> <span class='ocrx_word' id='word_1_80' title='bbox 1695 1075 1885 1148; x_wconf 79' lang='grc' dir='ltr'>κλῆσιν</span> 
     </span>
    </p>
   </div>
   <div class='ocr_carea' id='block_1_14' title="bbox 306 1154 1884 1237">
    <p class='ocr_par' dir='ltr' id='par_1_14' title="bbox 306 1154 1884 1237">
     <span class='ocr_line' id='line_1_14' title="bbox 306 1154 1884 1237; baseline 0.01 -31"><span class='ocrx_word' id='word_1_81' title='bbox 306 1154 417 1208; x_wconf 78' lang='grc' dir='ltr'><strong>τῶν</strong></span> <span class='ocrx_word' id='word_1_82' title='bbox 445 1155 743 1228; x_wconf 81' lang='grc' dir='ltr'><strong>ὀνομάτων,</strong></span> <span class='ocrx_word' id='word_1_83' title='bbox 773 1159 873 1213; x_wconf 88' lang='grc' dir='ltr'>οὐκ</span> <span class='ocrx_word' id='word_1_84' title='bbox 908 1160 975 1215; x_wconf 85' lang='grc' dir='ltr'>ἂν</span> <span class='ocrx_word' id='word_1_85' title='bbox 999 1162 1339 1235; x_wconf 81' lang='grc' dir='ltr'><strong>τολμήσειεν.</strong></span> <span class='ocrx_word' id='word_1_86' title='bbox 1371 1168 1433 1219; x_wconf 80' lang='lat' dir='ltr'><strong>Ei</strong></span> <span class='ocrx_word' id='word_1_87' title='bbox 1458 1167 1637 1222; x_wconf 81' lang='grc' dir='ltr'>τοίνυν</span> <span class='ocrx_word' id='word_1_88' title='bbox 1668 1167 1884 1237; x_wconf 82' lang='grc' dir='ltr'>λέγεται</span> 
     </span>
    </p>
   </div>
   <div class='ocr_carea' id='block_1_15' title="bbox 312 1247 1885 1330">
    <p class='ocr_par' dir='ltr' id='par_1_15' title="bbox 312 1247 1885 1330">
     <span class='ocr_line' id='line_1_15' title="bbox 312 1247 1885 1330; baseline 0.013 -32"><span class='ocrx_word' id='word_1_89' title='bbox 312 1247 436 1314; x_wconf 84' lang='grc' dir='ltr'>μὲν.</span> <span class='ocrx_word' id='word_1_90' title='bbox 468 1249 531 1301; x_wconf 87' lang='grc' dir='ltr'>οὐ</span> <span class='ocrx_word' id='word_1_91' title='bbox 570 1250 711 1304; x_wconf 81' lang='grc' dir='ltr'>κατὰ</span> <span class='ocrx_word' id='word_1_92' title='bbox 741 1250 902 1319; x_wconf 85' lang='grc' dir='ltr'>φύσιν</span> <span class='ocrx_word' id='word_1_93' title='bbox 925 1251 1003 1316; x_wconf 83' lang='grc' dir='ltr'><strong>δὲ,</strong></span> <span class='ocrx_word' id='word_1_94' title='bbox 1035 1255 1142 1308; x_wconf 81' lang='grc' dir='ltr'>πᾶν</span> <span class='ocrx_word' id='word_1_95' title='bbox 1170 1254 1226 1309; x_wconf 78' lang='grc' dir='ltr'>δὲ</span> <span class='ocrx_word' id='word_1_96' title='bbox 1266 1256 1326 1309; x_wconf 84' lang='grc' dir='ltr'>τὸ</span> <span class='ocrx_word' id='word_1_97' title='bbox 1355 1258 1504 1329; x_wconf 72' lang='grc' dir='ltr'>παρὰ</span> <span class='ocrx_word' id='word_1_98' title='bbox 1541 1259 1642 1327; x_wconf 79' lang='grc' dir='ltr'>τῆς</span> <span class='ocrx_word' id='word_1_99' title='bbox 1668 1260 1885 1330; x_wconf 75' lang='grc' dir='ltr'>Γραφῆς</span> 
     </span>
    </p>
   </div>
   <div class='ocr_carea' id='block_1_16' title="bbox 310 1338 1884 1421">
    <p class='ocr_par' dir='ltr' id='par_1_16' title="bbox 310 1338 1884 1421">
     <span class='ocr_line' id='line_1_16' title="bbox 310 1338 1884 1421; baseline 0.011 -33"><span class='ocrx_word' id='word_1_100' title='bbox 310 1338 598 1409; x_wconf 80' lang='grc' dir='ltr'>λεγόμενον</span> <span class='ocrx_word' id='word_1_101' title='bbox 632 1342 819 1411; x_wconf 87' lang='grc' dir='ltr'>κύριον</span> <span class='ocrx_word' id='word_1_102' title='bbox 862 1344 1080 1409; x_wconf 81' lang='grc' dir='ltr'>πάντως</span> <span class='ocrx_word' id='word_1_103' title='bbox 1108 1346 1227 1399; x_wconf 85' lang='grc' dir='ltr'>ἐστὶ</span> <span class='ocrx_word' id='word_1_104' title='bbox 1257 1348 1351 1401; x_wconf 74' lang='grc' dir='ltr'><strong>καὶ</strong></span> <span class='ocrx_word' id='word_1_105' title='bbox 1380 1349 1675 1421; x_wconf 78' lang='grc' dir='ltr'>προσφυῶς</span> <span class='ocrx_word' id='word_1_106' title='bbox 1706 1352 1884 1405; x_wconf 85' lang='grc' dir='ltr'>ἐπιλέ-</span> 
     </span>
    </p>
   </div>
   <div class='ocr_carea' id='block_1_17' title="bbox 308 1433 1885 1512">
    <p class='ocr_par' dir='ltr' id='par_1_17' title="bbox 308 1433 1885 1512">
     <span class='ocr_line' id='line_1_17' title="bbox 308 1433 1885 1512; baseline 0.008 -29"><span class='ocrx_word' id='word_1_107' title='bbox 308 1448 489 1499; x_wconf 79' lang='grc' dir='ltr'>γεται,</span> <span class='ocrx_word' id='word_1_108' title='bbox 526 1434 611 1499; x_wconf 88' lang='grc' dir='ltr'><strong>τίς</strong></span> <span class='ocrx_word' id='word_1_109' title='bbox 652 1433 837 1506; x_wconf 73' lang='grc' dir='ltr'>ἔτερος</span> <span class='ocrx_word' id='word_1_110' title='bbox 865 1436 1208 1491; x_wconf 77' lang='grc' dir='ltr'>ὑπολείπεται</span> <span class='ocrx_word' id='word_1_111' title='bbox 1236 1438 1391 1508; x_wconf 85' lang='grc' dir='ltr'>λόγος</span> <span class='ocrx_word' id='word_1_112' title='bbox 1423 1439 1513 1494; x_wconf 79' lang='grc' dir='ltr'>τοῦ</span> <span class='ocrx_word' id='word_1_113' title='bbox 1540 1442 1885 1512; x_wconf 73' lang='grc' dir='ltr'><strong>ἁρμοζόντως</strong></span> 
     </span>
    </p>
   </div>
   <div class='ocr_carea' id='block_1_18' title="bbox 306 1522 1880 1603">
    <p class='ocr_par' dir='ltr' id='par_1_18' title="bbox 306 1522 1880 1603">
     <span class='ocr_line' id='line_1_18' title="bbox 306 1522 1880 1603; baseline 0.01 -30"><span class='ocrx_word' id='word_1_114' title='bbox 306 1522 387 1592; x_wconf 83' lang='grc' dir='ltr'>τῷ</span> <span class='ocrx_word' id='word_1_115' title='bbox 427 1525 724 1593; x_wconf 85' lang='grc' dir='ltr'>Μονογενεῖ</span> <span class='ocrx_word' id='word_1_116' title='bbox 773 1526 893 1598; x_wconf 86' lang='grc' dir='ltr'><strong>Θεῷ</strong></span> <span class='ocrx_word' id='word_1_117' title='bbox 928 1527 1028 1592; x_wconf 73' lang='grc' dir='ltr'>τὰς</span> <span class='ocrx_word' id='word_1_118' title='bbox 1064 1528 1317 1596; x_wconf 78' lang='grc' dir='ltr'><strong>τοιαύτας</strong></span> <span class='ocrx_word' id='word_1_119' title='bbox 1373 1531 1630 1602; x_wconf 75' lang='grc' dir='ltr'><strong>τετάχθαι</strong></span> <span class='ocrx_word' id='word_1_120' title='bbox 1677 1534 1880 1603; x_wconf 81' lang='grc' dir='ltr'>φωνὰς,</span> 
     </span>
    </p>
   </div>
   <div class='ocr_carea' id='block_1_19' title="bbox 309 1615 1880 1699">
    <p class='ocr_par' dir='ltr' id='par_1_19' title="bbox 309 1615 1880 1699">
     <span class='ocr_line' id='line_1_19' title="bbox 309 1615 1880 1699; baseline 0.008 -31"><span class='ocrx_word' id='word_1_121' title='bbox 309 1618 449 1687; x_wconf 81' lang='grc' dir='ltr'>πλὴν</span> <span class='ocrx_word' id='word_1_122' title='bbox 475 1615 568 1669; x_wconf 75' lang='grc' dir='ltr'><strong>τοῦ</strong></span> <span class='ocrx_word' id='word_1_123' title='bbox 602 1620 720 1671; x_wconf 83' lang='grc' dir='ltr'>κατ’</span> <span class='ocrx_word' id='word_1_124' title='bbox 749 1619 991 1675; x_wconf 82' lang='grc' dir='ltr'>ἐπίνοιαν</span> <span class='ocrx_word' id='word_1_125' title='bbox 1016 1622 1256 1692; x_wconf 86' lang='grc' dir='ltr'>τρόπου;</span> <span class='ocrx_word' id='word_1_126' title='bbox 1295 1623 1460 1694; x_wconf 81' lang='grc' dir='ltr'>Δῆλον</span> <span class='ocrx_word' id='word_1_127' title='bbox 1492 1625 1601 1696; x_wconf 86' lang='grc' dir='ltr'><strong>γὰρ</strong></span> <span class='ocrx_word' id='word_1_128' title='bbox 1629 1627 1710 1680; x_wconf 82' lang='grc' dir='ltr'><strong>ὅτι</strong></span> <span class='ocrx_word' id='word_1_129' title='bbox 1744 1628 1880 1699; x_wconf 83' lang='grc' dir='ltr'>πρὸς</span> 
     </span>
    </p>
   </div>
   <div class='ocr_carea' id='block_1_20' title="bbox 305 1707 1881 1787">
    <p class='ocr_par' dir='ltr' id='par_1_20' title="bbox 305 1707 1881 1787">
     <span class='ocr_line' id='line_1_20' title="bbox 305 1707 1881 1787; baseline 0.008 -28"><span class='ocrx_word' id='word_1_130' title='bbox 305 1707 369 1759; x_wconf 71' lang='grc' dir='ltr'>τὸ</span> <span class='ocrx_word' id='word_1_131' title='bbox 398 1707 642 1761; x_wconf 75' lang='grc' dir='ltr'>ποικίλον</span> <span class='ocrx_word' id='word_1_132' title='bbox 672 1709 781 1763; x_wconf 86' lang='grc' dir='ltr'><strong>τῶν</strong></span> <span class='ocrx_word' id='word_1_133' title='bbox 811 1710 1099 1781; x_wconf 72' lang='grc' dir='ltr'>ἐνεργειῶν</span> <span class='ocrx_word' id='word_1_134' title='bbox 1121 1712 1262 1766; x_wconf 76' lang='grc' dir='ltr'>κατὰ</span> <span class='ocrx_word' id='word_1_135' title='bbox 1287 1713 1574 1784; x_wconf 80' lang='grc' dir='ltr'>διαφόρους</span> <span class='ocrx_word' id='word_1_136' title='bbox 1609 1716 1881 1787; x_wconf 80' lang='grc' dir='ltr'><strong>σημασίας</strong></span> 
     </span>
    </p>
   </div>
   <div class='ocr_carea' id='block_1_21' title="bbox 304 1782 1953 1877">
    <p class='ocr_par' dir='ltr' id='par_1_21' title="bbox 304 1782 1953 1877">
     <span class='ocr_line' id='line_1_21' title="bbox 304 1782 1953 1877; baseline 0.007 -27"><span class='ocrx_word' id='word_1_137' title='bbox 304 1799 772 1870; x_wconf 71' lang='grc' dir='ltr'>ὀνοματοποιεῖται</span> <span class='ocrx_word' id='word_1_138' title='bbox 833 1801 893 1855; x_wconf 83' lang='grc' dir='ltr'>τὸ</span> <span class='ocrx_word' id='word_1_139' title='bbox 925 1802 1087 1867; x_wconf 85' lang='grc' dir='ltr'>θεῖον,</span> <span class='ocrx_word' id='word_1_140' title='bbox 1125 1804 1273 1868; x_wconf 84' lang='grc' dir='ltr'>ὅπως</span> <span class='ocrx_word' id='word_1_141' title='bbox 1306 1802 1374 1859; x_wconf 81' lang='grc' dir='ltr'>ἂν</span> <span class='ocrx_word' id='word_1_142' title='bbox 1402 1782 1880 1877; x_wconf 21' lang='grc' dir='ltr'>νοήσωμεντοῠτως</span> <span class='ocrx_word' id='word_1_143' title='bbox 1914 1782 1953 1836; x_wconf 77' lang='grc' dir='ltr'><strong>Β</strong></span> 
     </span>
    </p>
   </div>
   <div class='ocr_carea' id='block_1_22' title="bbox 303 1889 1880 1968">
    <p class='ocr_par' dir='ltr' id='par_1_22' title="bbox 303 1889 1880 1968">
     <span class='ocr_line' id='line_1_22' title="bbox 303 1889 1880 1968; baseline 0.006 -27"><span class='ocrx_word' id='word_1_144' title='bbox 303 1890 722 1962; x_wconf 71' lang='grc' dir='ltr'>ὀνομαζόμενον.</span> <span class='ocrx_word' id='word_1_145' title='bbox 763 1893 827 1946; x_wconf 88' lang='grc' dir='ltr'>Τί</span> <span class='ocrx_word' id='word_1_146' title='bbox 863 1889 955 1947; x_wconf 83' lang='grc' dir='ltr'>οὖν</span> <span class='ocrx_word' id='word_1_147' title='bbox 994 1894 1312 1965; x_wconf 73' lang='grc' dir='ltr'><strong>λυμαίνεται</strong></span> <span class='ocrx_word' id='word_1_148' title='bbox 1338 1898 1448 1960; x_wconf 84' lang='grc' dir='ltr'>τοῖς</span> <span class='ocrx_word' id='word_1_149' title='bbox 1477 1897 1880 1968; x_wconf 81' lang='grc' dir='ltr'>εύσεδεστέροις</span> 
     </span>
    </p>
   </div>
   <div class='ocr_carea' id='block_1_23' title="bbox 305 1982 1879 2059">
    <p class='ocr_par' dir='ltr' id='par_1_23' title="bbox 305 1982 1879 2059">
     <span class='ocr_line' id='line_1_23' title="bbox 305 1982 1879 2059; baseline 0.006 -25"><span class='ocrx_word' id='word_1_150' title='bbox 305 1984 338 2052; x_wconf 80' lang='grc' dir='ltr'>ἡ</span> <span class='ocrx_word' id='word_1_151' title='bbox 369 1982 465 2036; x_wconf 82' lang='grc' dir='ltr'>τοῦ</span> <span class='ocrx_word' id='word_1_152' title='bbox 495 1983 586 2036; x_wconf 79' lang='grc' dir='ltr'>νοῦ</span> <span class='ocrx_word' id='word_1_153' title='bbox 620 1984 776 2055; x_wconf 79' lang='grc' dir='ltr'>ήμῶν</span> <span class='ocrx_word' id='word_1_154' title='bbox 815 1985 943 2056; x_wconf 82' lang='grc' dir='ltr'>πρὸς</span> <span class='ocrx_word' id='word_1_155' title='bbox 967 1986 1067 2059; x_wconf 79' lang='grc' dir='ltr'>τὴν</span> <span class='ocrx_word' id='word_1_156' title='bbox 1096 1987 1419 2059; x_wconf 71' lang='grc' dir='ltr'>κατανόησιν</span> <span class='ocrx_word' id='word_1_157' title='bbox 1443 1988 1551 2041; x_wconf 86' lang='grc' dir='ltr'><strong>τῶν</strong></span> <span class='ocrx_word' id='word_1_158' title='bbox 1580 1990 1879 2059; x_wconf 82' lang='grc' dir='ltr'>γινομένων</span> 
     </span>
    </p>
   </div>
   <div class='ocr_carea' id='block_1_24' title="bbox 303 2072 1880 2148">
    <p class='ocr_par' dir='ltr' id='par_1_24' title="bbox 303 2072 1880 2148">
     <span class='ocr_line' id='line_1_24' title="bbox 303 2072 1880 2148; baseline 0.005 -23"><span class='ocrx_word' id='word_1_159' title='bbox 303 2072 555 2142; x_wconf 82' lang='grc' dir='ltr'>ἐνέργεια</span> <span class='ocrx_word' id='word_1_160' title='bbox 579 2114 593 2139; x_wconf 83' lang='grc'><strong><em>,</em></strong></span> <span class='ocrx_word' id='word_1_161' title='bbox 628 2074 694 2144; x_wconf 80' lang='grc' dir='ltr'>ἢν</span> <span class='ocrx_word' id='word_1_162' title='bbox 723 2076 881 2144; x_wconf 82' lang='grc' dir='ltr'>ἡμεῖς</span> <span class='ocrx_word' id='word_1_163' title='bbox 921 2076 1018 2146; x_wconf 84' lang='grc' dir='ltr'>μὲν</span> <span class='ocrx_word' id='word_1_164' title='bbox 1050 2077 1292 2130; x_wconf 82' lang='grc' dir='ltr'>ἐπίνοιαν</span> <span class='ocrx_word' id='word_1_165' title='bbox 1326 2077 1575 2148; x_wconf 83' lang='grc' dir='ltr'>λέγομεν.</span> <span class='ocrx_word' id='word_1_166' title='bbox 1611 2080 1674 2133; x_wconf 78' lang='grc' dir='ltr'><strong>Εἰ</strong></span> <span class='ocrx_word' id='word_1_167' title='bbox 1706 2078 1764 2132; x_wconf 80' lang='grc' dir='ltr'><strong>δέ</strong></span> <span class='ocrx_word' id='word_1_168' title='bbox 1798 2096 1880 2142; x_wconf 88' lang='grc' dir='ltr'><strong>τις</strong></span> 
     </span>
    </p>
   </div>
   <div class='ocr_carea' id='block_1_25' title="bbox 301 2164 1879 2241">
    <p class='ocr_par' dir='ltr' id='par_1_25' title="bbox 301 2164 1879 2241">
     <span class='ocr_line' id='line_1_25' title="bbox 301 2164 1879 2241; baseline 0.004 -24"><span class='ocrx_word' id='word_1_169' title='bbox 301 2164 493 2235; x_wconf 73' lang='grc' dir='ltr'>ἔτερόν</span> <span class='ocrx_word' id='word_1_170' title='bbox 530 2181 582 2217; x_wconf 91' lang='grc' dir='ltr'>τι</span> <span class='ocrx_word' id='word_1_171' title='bbox 613 2164 796 2239; x_wconf 75' lang='grc' dir='ltr'>καλεῖν</span> <span class='ocrx_word' id='word_1_172' title='bbox 823 2165 1015 2230; x_wconf 83' lang='grc' dir='ltr'><strong>ἐθέλοι,</strong></span> <span class='ocrx_word' id='word_1_173' title='bbox 1048 2168 1109 2221; x_wconf 82' lang='grc' dir='ltr'>οὐ</span> <span class='ocrx_word' id='word_1_174' title='bbox 1143 2168 1474 2238; x_wconf 88' lang='grc' dir='ltr'>διοισόμεθα.</span> <span class='ocrx_word' id='word_1_175' title='bbox 1517 2169 1651 2222; x_wconf 82' lang='grc' dir='ltr'>Ἀλλ’</span> <span class='ocrx_word' id='word_1_176' title='bbox 1681 2170 1741 2223; x_wconf 84' lang='grc' dir='ltr'><strong>ού</strong></span> <span class='ocrx_word' id='word_1_177' title='bbox 1780 2188 1879 2241; x_wconf 88' lang='grc' dir='ltr'>με-</span> 
     </span>
    </p>
   </div>
   <div class='ocr_carea' id='block_1_26' title="bbox 303 2257 1878 2331">
    <p class='ocr_par' dir='ltr' id='par_1_26' title="bbox 303 2257 1878 2331">
     <span class='ocr_line' id='line_1_26' title="bbox 303 2257 1878 2331; baseline 0.003 -23"><span class='ocrx_word' id='word_1_178' title='bbox 303 2258 474 2327; x_wconf 75' lang='grc' dir='ltr'>θίησι,</span> <span class='ocrx_word' id='word_1_179' title='bbox 496 2257 745 2328; x_wconf 82' lang='grc' dir='ltr'>καθάπερ</span> <span class='ocrx_word' id='word_1_180' title='bbox 764 2258 812 2310; x_wconf 78' lang='grc' dir='ltr'>οἱ</span> <span class='ocrx_word' id='word_1_181' title='bbox 841 2257 1004 2311; x_wconf 56' lang='grc' dir='ltr'><strong>δεινοὶ⁵</strong></span> <span class='ocrx_word' id='word_1_182' title='bbox 1029 2258 1137 2310; x_wconf 88' lang='grc' dir='ltr'><strong>τῶν</strong></span> <span class='ocrx_word' id='word_1_183' title='bbox 1160 2259 1495 2327; x_wconf 82' lang='grc' dir='ltr'>ἀγωνιστῶν,</span> <span class='ocrx_word' id='word_1_184' title='bbox 1519 2260 1618 2331; x_wconf 81' lang='grc' dir='ltr'>τὴν</span> <span class='ocrx_word' id='word_1_185' title='bbox 1641 2260 1878 2329; x_wconf 78' lang='grc' dir='ltr'>ἄφυκτον</span> 
     </span>
    </p>
   </div>
   <div class='ocr_carea' id='block_1_27' title="bbox 299 2349 1879 2421">
    <p class='ocr_par' dir='ltr' id='par_1_27' title="bbox 299 2349 1879 2421">
     <span class='ocr_line' id='line_1_27' title="bbox 299 2349 1879 2421; baseline 0.002 -20"><span class='ocrx_word' id='word_1_186' title='bbox 299 2349 508 2419; x_wconf 71' lang='grc' dir='ltr'>ταύτην</span> <span class='ocrx_word' id='word_1_187' title='bbox 538 2349 658 2403; x_wconf 76' lang='grc' dir='ltr'>καθ’</span> <span class='ocrx_word' id='word_1_188' title='bbox 688 2350 844 2420; x_wconf 77' lang='grc' dir='ltr'>ἡμῶν</span> <span class='ocrx_word' id='word_1_189' title='bbox 881 2349 1069 2421; x_wconf 76' lang='grc' dir='ltr'>λαϐὴν,</span> <span class='ocrx_word' id='word_1_190' title='bbox 1101 2350 1194 2403; x_wconf 89' lang='grc' dir='ltr'><strong>καί</strong></span> <span class='ocrx_word' id='word_1_191' title='bbox 1228 2366 1390 2420; x_wconf 88' lang='grc' dir='ltr'>φησιν</span> <span class='ocrx_word' id='word_1_192' title='bbox 1419 2349 1590 2414; x_wconf 76' lang='grc' dir='ltr'>οὕτως</span> <span class='ocrx_word' id='word_1_193' title='bbox 1618 2350 1756 2404; x_wconf 78' lang='grc' dir='ltr'>κατὰ</span> <span class='ocrx_word' id='word_1_194' title='bbox 1790 2350 1879 2405; x_wconf 81' lang='grc' dir='ltr'>λέ-</span> 
     </span>
    </p>
   </div>
   <div class='ocr_carea' id='block_1_28' title="bbox 302 2440 1878 2510">
    <p class='ocr_par' dir='ltr' id='par_1_28' title="bbox 302 2440 1878 2510">
     <span class='ocr_line' id='line_1_28' title="bbox 302 2440 1878 2510; baseline 0.003 -17"><span class='ocrx_word' id='word_1_195' title='bbox 302 2440 387 2506; x_wconf 79' lang='grc' dir='ltr'>ξιν</span> <span class='ocrx_word' id='word_1_196' title='bbox 411 2480 426 2504; x_wconf 90' lang='grc'><strong><em>,</em></strong></span> <span class='ocrx_word' id='word_1_197' title='bbox 457 2443 541 2496; x_wconf 79' lang='grc' dir='ltr'>ὅτι</span> <span class='ocrx_word' id='word_1_198' title='bbox 574 2441 765 2496; x_wconf 81' lang='grc' dir='ltr'>Ταῦτα</span> <span class='ocrx_word' id='word_1_199' title='bbox 811 2442 887 2495; x_wconf 81' lang='grc' dir='ltr'>δι’</span> <span class='ocrx_word' id='word_1_200' title='bbox 920 2442 1191 2509; x_wconf 78' lang='grc' dir='ltr'>ἐπινοίας</span> <span class='ocrx_word' id='word_1_201' title='bbox 1223 2442 1601 2510; x_wconf 68' lang='grc' dir='ltr'><strong>ἀνθρωπίνης</strong></span> <span class='ocrx_word' id='word_1_202' title='bbox 1646 2442 1777 2497; x_wconf 81' lang='grc' dir='ltr'>ἐστὶ</span> <span class='ocrx_word' id='word_1_203' title='bbox 1806 2442 1878 2497; x_wconf 79' lang='grc' dir='ltr'>τὰ</span> 
     </span>
    </p>
   </div>
   <div class='ocr_carea' id='block_1_29' title="bbox 301 2532 1876 2603">
    <p class='ocr_par' dir='ltr' id='par_1_29' title="bbox 301 2532 1876 2603">
     <span class='ocr_line' id='line_1_29' title="bbox 301 2532 1876 2603; baseline 0.003 -18"><span class='ocrx_word' id='word_1_204' title='bbox 301 2534 595 2603; x_wconf 56' lang='lat' dir='ltr'><strong>(rogata,</strong></span> <span class='ocrx_word' id='word_1_205' title='bbox 620 2534 718 2588; x_wconf 77' lang='grc' dir='ltr'><strong>καί</strong></span> <span class='ocrx_word' id='word_1_206' title='bbox 749 2536 875 2589; x_wconf 79' lang='grc' dir='ltr'>κατ’</span> <span class='ocrx_word' id='word_1_207' title='bbox 902 2535 1174 2588; x_wconf 76' lang='grc' dir='ltr'>ἐπίνοιαν</span> <span class='ocrx_word' id='word_1_208' title='bbox 1202 2532 1441 2602; x_wconf 78' lang='grc' dir='ltr'>λέγεται</span> <span class='ocrx_word' id='word_1_209' title='bbox 1471 2550 1670 2599; x_wconf 76' lang='grc' dir='ltr'>τινων,</span> <span class='ocrx_word' id='word_1_210' title='bbox 1705 2533 1744 2589; x_wconf 82' lang='lat' dir='ltr'><strong>d</strong></span> <span class='ocrx_word' id='word_1_211' title='bbox 1773 2537 1876 2589; x_wconf 80' lang='grc' dir='ltr'><strong>οὐ·</strong></span> 
     </span>
    </p>
   </div>
   <div class='ocr_carea' id='block_1_30' title="bbox 299 2625 1873 2695">
    <p class='ocr_par' dir='ltr' id='par_1_30' title="bbox 299 2625 1873 2695">
     <span class='ocr_line' id='line_1_30' title="bbox 299 2625 1873 2695; baseline 0 -17"><span class='ocrx_word' id='word_1_212' title='bbox 299 2625 428 2690; x_wconf 70' lang='grc' dir='ltr'>εεῖς</span> <span class='ocrx_word' id='word_1_213' title='bbox 459 2626 818 2680; x_wconf 75' lang='grc' dir='ltr'>ἀποστόλων</span> <span class='ocrx_word' id='word_1_214' title='bbox 846 2627 985 2679; x_wconf 81' lang='grc' dir='ltr'>οὔτε</span> <span class='ocrx_word' id='word_1_215' title='bbox 1012 2625 1130 2678; x_wconf 82' lang='grc' dir='ltr'>τῶν</span> <span class='ocrx_word' id='word_1_216' title='bbox 1152 2625 1596 2695; x_wconf 71' lang='grc' dir='ltr'>εὐαγγελιστῶν</span> <span class='ocrx_word' id='word_1_217' title='bbox 1618 2625 1873 2690; x_wconf 81' lang='grc' dir='ltr'><strong>ἐδίδαξε.</strong></span> 
     </span>
    </p>
   </div>
   <div class='ocr_carea' id='block_1_31' title="bbox 301 2715 1876 2789">
    <p class='ocr_par' dir='ltr' id='par_1_31' title="bbox 301 2715 1876 2789">
     <span class='ocr_line' id='line_1_31' title="bbox 301 2715 1876 2789; baseline -0.001 -18"><span class='ocrx_word' id='word_1_218' title='bbox 301 2720 416 2771; x_wconf 71' lang='grc' dir='ltr'><strong>Καὶ</strong></span> <span class='ocrx_word' id='word_1_219' title='bbox 449 2718 587 2788; x_wconf 73' lang='grc' dir='ltr'>μετὰ</span> <span class='ocrx_word' id='word_1_220' title='bbox 618 2718 716 2787; x_wconf 79' lang='grc' dir='ltr'>τὴν</span> <span class='ocrx_word' id='word_1_221' title='bbox 751 2719 964 2787; x_wconf 78' lang='grc' dir='ltr'>ἄμαχον</span> <span class='ocrx_word' id='word_1_222' title='bbox 996 2716 1197 2789; x_wconf 83' lang='grc' dir='ltr'>ταύτην</span> <span class='ocrx_word' id='word_1_223' title='bbox 1227 2715 1588 2787; x_wconf 75' lang='grc' dir='ltr'>ἐπιχείρησιν,</span> <span class='ocrx_word' id='word_1_224' title='bbox 1627 2717 1876 2789; x_wconf 82' lang='grc' dir='ltr'>ἐπιφέρει</span> 
     </span>
    </p>
   </div>
   <div class='ocr_carea' id='block_1_32' title="bbox 299 2807 1876 2881">
    <p class='ocr_par' dir='ltr' id='par_1_32' title="bbox 299 2807 1876 2881">
     <span class='ocr_line' id='line_1_32' title="bbox 299 2807 1876 2881; baseline 0 -19"><span class='ocrx_word' id='word_1_225' title='bbox 299 2812 400 2881; x_wconf 69' lang='grc' dir='ltr'>τὴν</span> <span class='ocrx_word' id='word_1_226' title='bbox 424 2810 575 2880; x_wconf 76' lang='grc' dir='ltr'>ἱερὰν</span> <span class='ocrx_word' id='word_1_227' title='bbox 599 2808 811 2879; x_wconf 82' lang='grc' dir='ltr'>ἐκείνην</span> <span class='ocrx_word' id='word_1_228' title='bbox 836 2808 1037 2879; x_wconf 73' lang='grc' dir='ltr'>φωνὴν,</span> <span class='ocrx_word' id='word_1_229' title='bbox 1058 2813 1123 2880; x_wconf 79' lang='grc' dir='ltr'><strong>τῇ</strong></span> <span class='ocrx_word' id='word_1_230' title='bbox 1148 2807 1546 2879; x_wconf 66' lang='grc' dir='ltr'>πεπαιδευμένη</span> <span class='ocrx_word' id='word_1_231' title='bbox 1569 2809 1634 2863; x_wconf 76' lang='grc' dir='ltr'>τὰ</span> <span class='ocrx_word' id='word_1_232' title='bbox 1656 2807 1876 2862; x_wconf 81' lang='grc' dir='ltr'>τοιαῦτα</span> 
     </span>
    </p>
   </div>
   <div class='ocr_carea' id='block_1_33' title="bbox 301 2899 1875 2972">
    <p class='ocr_par' dir='ltr' id='par_1_33' title="bbox 301 2899 1875 2972">
     <span class='ocr_line' id='line_1_33' title="bbox 301 2899 1875 2972; baseline 0.001 -19"><span class='ocrx_word' id='word_1_233' title='bbox 301 2903 457 2971; x_wconf 79' lang='grc' dir='ltr'>φωνῇ</span> <span class='ocrx_word' id='word_1_234' title='bbox 504 2901 603 2971; x_wconf 76' lang='grc' dir='ltr'>τὴν</span> <span class='ocrx_word' id='word_1_235' title='bbox 650 2899 859 2970; x_wconf 79' lang='grc' dir='ltr'>δυσώδη</span> <span class='ocrx_word' id='word_1_236' title='bbox 914 2901 1074 2954; x_wconf 83' lang='grc' dir='ltr'>πάλιν</span> <span class='ocrx_word' id='word_1_237' title='bbox 1119 2900 1241 2954; x_wconf 83' lang='grc' dir='ltr'>καθ’</span> <span class='ocrx_word' id='word_1_238' title='bbox 1290 2899 1446 2970; x_wconf 78' lang='grc' dir='ltr'>ἡμῶν</span> <span class='ocrx_word' id='word_1_239' title='bbox 1486 2900 1752 2972; x_wconf 86' lang='grc' dir='ltr'>λοιδορίαν</span> <span class='ocrx_word' id='word_1_240' title='bbox 1780 2902 1875 2955; x_wconf 77' lang='grc' dir='ltr'><strong>ὲκ-</strong></span> 
     </span>
    </p>
   </div>
   <div class='ocr_carea' id='block_1_34' title="bbox 302 2991 1875 3063">
    <p class='ocr_par' dir='ltr' id='par_1_34' title="bbox 302 2991 1875 3063">
     <span class='ocr_line' id='line_1_34' title="bbox 302 2991 1875 3063; baseline 0.001 -17"><span class='ocrx_word' id='word_1_241' title='bbox 302 2995 509 3046; x_wconf 83' lang='grc' dir='ltr'>πτύων.</span> <span class='ocrx_word' id='word_1_242' title='bbox 554 2993 842 3063; x_wconf 68' lang='grc' dir='ltr'>Τοιγάρτοι</span> <span class='ocrx_word' id='word_1_243' title='bbox 869 2993 1001 3062; x_wconf 77' lang='grc' dir='ltr'>φησὶ</span> <span class='ocrx_word' id='word_1_244' title='bbox 1024 2994 1122 3061; x_wconf 73' lang='grc' dir='ltr'>τὴν</span> <span class='ocrx_word' id='word_1_245' title='bbox 1162 2992 1220 3058; x_wconf 82' lang='grc' dir='ltr'>ἐξ</span> <span class='ocrx_word' id='word_1_246' title='bbox 1250 2991 1536 3060; x_wconf 78' lang='grc' dir='ltr'>ἀναλογίας</span> <span class='ocrx_word' id='word_1_247' title='bbox 1561 2994 1875 3063; x_wconf 85' lang='grc' dir='ltr'>ὁμωνυμίαν</span> 
     </span>
    </p>
   </div>
   <div class='ocr_carea' id='block_1_35' title="bbox 1989 532 3559 604">
    <p class='ocr_par' dir='ltr' id='par_1_35' title="bbox 1989 532 3559 604">
     <span class='ocr_line' id='line_1_35' title="bbox 1989 532 3559 604; baseline -0.004 -17"><span class='ocrx_word' id='word_1_248' title='bbox 1989 548 2097 603; x_wconf 90' lang='lat' dir='ltr'><strong>que</strong></span> <span class='ocrx_word' id='word_1_249' title='bbox 2120 534 2418 590; x_wconf 87' lang='lat' dir='ltr'><strong>secundum</strong></span> <span class='ocrx_word' id='word_1_250' title='bbox 2449 532 2783 589; x_wconf 79' lang='lat' dir='ltr'><strong>dill‘erentias</strong></span> <span class='ocrx_word' id='word_1_251' title='bbox 2822 532 3257 604; x_wconf 81' lang='lat' dir='ltr'><strong>signiﬁcatorum</strong></span> <span class='ocrx_word' id='word_1_252' title='bbox 3290 543 3410 599; x_wconf 64' lang='lat' dir='ltr'><strong>quae</strong></span> <span class='ocrx_word' id='word_1_253' title='bbox 3435 538 3559 582; x_wconf 79' lang='lat' dir='ltr'><strong>sunt</strong></span> 
     </span>
    </p>
   </div>
   <div class='ocr_carea' id='block_1_36' title="bbox 1987 623 3555 695">
    <p class='ocr_par' dir='ltr' id='par_1_36' title="bbox 1987 623 3555 695">
     <span class='ocr_line' id='line_1_36' title="bbox 1987 623 3555 695; baseline -0.003 -15"><span class='ocrx_word' id='word_1_254' title='bbox 1987 627 2044 681; x_wconf 90' lang='lat' dir='ltr'><strong>in</strong></span> <span class='ocrx_word' id='word_1_255' title='bbox 2074 626 2160 682; x_wconf 89' lang='lat' dir='ltr'><strong>his</strong></span> <span class='ocrx_word' id='word_1_256' title='bbox 2199 626 2517 681; x_wconf 81' lang='lat' dir='ltr'><strong>nominibus</strong></span> <span class='ocrx_word' id='word_1_257' title='bbox 2538 625 2683 695; x_wconf 85' lang='lat' dir='ltr'><strong>quod</strong></span> <span class='ocrx_word' id='word_1_258' title='bbox 2712 624 2923 679; x_wconf 87' lang='lat' dir='ltr'><strong>varium</strong></span> <span class='ocrx_word' id='word_1_259' title='bbox 2957 631 3041 679; x_wconf 88' lang='lat' dir='ltr'><strong>est</strong></span> <span class='ocrx_word' id='word_1_260' title='bbox 3067 623 3555 678; x_wconf 81' lang='lat' dir='ltr'><strong>demonstranteui.</strong></span> 
     </span>
    </p>
   </div>
   <div class='ocr_carea' id='block_1_37' title="bbox 1986 709 3559 783">
    <p class='ocr_par' dir='ltr' id='par_1_37' title="bbox 1986 709 3559 783">
     <span class='ocr_line' id='line_1_37' title="bbox 1986 709 3559 783; baseline -0.003 -16"><span class='ocrx_word' id='word_1_261' title='bbox 1986 711 2104 768; x_wconf 86' lang='lat' dir='ltr'><strong>Non</strong></span> <span class='ocrx_word' id='word_1_262' title='bbox 2132 715 2275 768; x_wconf 89' lang='lat' dir='ltr'><strong>enim</strong></span> <span class='ocrx_word' id='word_1_263' title='bbox 2304 714 2492 770; x_wconf 88' lang='lat' dir='ltr'><strong>eadem</strong></span> <span class='ocrx_word' id='word_1_264' title='bbox 2526 713 2682 783; x_wconf 87' lang='lat' dir='ltr'><strong>panis</strong></span> <span class='ocrx_word' id='word_1_265' title='bbox 2726 718 2781 768; x_wconf 89' lang='lat' dir='ltr'><strong>et</strong></span> <span class='ocrx_word' id='word_1_266' title='bbox 2820 712 2997 768; x_wconf 84' lang='lat' dir='ltr'><strong>leonis</strong></span> <span class='ocrx_word' id='word_1_267' title='bbox 3039 709 3424 781; x_wconf 82' lang='lat' dir='ltr'><strong>signiﬁcantia,</strong></span> <span class='ocrx_word' id='word_1_268' title='bbox 3463 722 3559 762; x_wconf 82' lang='lat' dir='ltr'><strong>ne-</strong></span> 
     </span>
    </p>
   </div>
   <div class='ocr_carea' id='block_1_38' title="bbox 1987 798 3557 875">
    <p class='ocr_par' dir='ltr' id='par_1_38' title="bbox 1987 798 3557 875">
     <span class='ocr_line' id='line_1_38' title="bbox 1987 798 3557 875; baseline -0.005 -16"><span class='ocrx_word' id='word_1_269' title='bbox 1987 820 2092 875; x_wconf 84' lang='lat' dir='ltr'><strong>que</strong></span> <span class='ocrx_word' id='word_1_270' title='bbox 2130 806 2255 861; x_wconf 84' lang='lat' dir='ltr'><strong>ostii</strong></span> <span class='ocrx_word' id='word_1_271' title='bbox 2301 812 2356 860; x_wconf 87' lang='lat' dir='ltr'><strong>et</strong></span> <span class='ocrx_word' id='word_1_272' title='bbox 2385 805 2587 867; x_wconf 59' lang='lat' dir='ltr'><strong>vitula,</strong></span> <span class='ocrx_word' id='word_1_273' title='bbox 2627 818 2803 874; x_wconf 88' lang='lat' dir='ltr'><strong>neque</strong></span> <span class='ocrx_word' id='word_1_274' title='bbox 2829 803 2990 857; x_wconf 66' lang='lat' dir='ltr'><strong>ascia:</strong></span> <span class='ocrx_word' id='word_1_275' title='bbox 3030 810 3083 856; x_wconf 92' lang='lat' dir='ltr'><strong>et</strong></span> <span class='ocrx_word' id='word_1_276' title='bbox 3127 816 3301 871; x_wconf 48' lang='lat' dir='ltr'><strong>aquai,</strong></span> <span class='ocrx_word' id='word_1_277' title='bbox 3332 798 3427 856; x_wconf 87' lang='lat' dir='ltr'><strong>sed</strong></span> <span class='ocrx_word' id='word_1_278' title='bbox 3457 814 3557 852; x_wconf 83' lang='lat' dir='ltr'><strong>cu-</strong></span> 
     </span>
    </p>
   </div>
   <div class='ocr_carea' id='block_1_39' title="bbox 1982 892 3558 967">
    <p class='ocr_par' dir='ltr' id='par_1_39' title="bbox 1982 892 3558 967">
     <span class='ocr_line' id='line_1_39' title="bbox 1982 892 3558 967; baseline -0.003 -17"><span class='ocrx_word' id='word_1_279' title='bbox 1982 898 2183 967; x_wconf 84' lang='lat' dir='ltr'><strong>jusque</strong></span> <span class='ocrx_word' id='word_1_280' title='bbox 2205 898 2443 951; x_wconf 86' lang='lat' dir='ltr'><strong>nominis</strong></span> <span class='ocrx_word' id='word_1_281' title='bbox 2475 897 2692 967; x_wconf 88' lang='lat' dir='ltr'><strong>propria</strong></span> <span class='ocrx_word' id='word_1_282' title='bbox 2714 894 2966 950; x_wconf 84' lang='lat' dir='ltr'><strong>deﬁnitio</strong></span> <span class='ocrx_word' id='word_1_283' title='bbox 3004 892 3275 948; x_wconf 88' lang='lat' dir='ltr'><strong>reddenda</strong></span> <span class='ocrx_word' id='word_1_284' title='bbox 3301 899 3406 957; x_wconf 87' lang='lat' dir='ltr'><strong>est,</strong></span> <span class='ocrx_word' id='word_1_285' title='bbox 3438 906 3558 960; x_wconf 71' lang='lat' dir='ltr'><strong>qua:</strong></span> 
     </span>
    </p>
   </div>
   <div class='ocr_carea' id='block_1_40' title="bbox 1980 982 3549 1054">
    <p class='ocr_par' dir='ltr' id='par_1_40' title="bbox 1980 982 3549 1054">
     <span class='ocr_line' id='line_1_40' title="bbox 1980 982 3549 1054; baseline -0.006 -10"><span class='ocrx_word' id='word_1_286' title='bbox 1980 987 2136 1045; x_wconf 76' lang='lat' dir='ltr'><strong>nulla</strong></span> <span class='ocrx_word' id='word_1_287' title='bbox 2180 988 2233 1041; x_wconf 89' lang='lat' dir='ltr'><strong>in</strong></span> <span class='ocrx_word' id='word_1_288' title='bbox 2259 1002 2316 1043; x_wconf 90' lang='lat' dir='ltr'><strong>re</strong></span> <span class='ocrx_word' id='word_1_289' title='bbox 2361 989 2482 1042; x_wconf 91' lang='lat' dir='ltr'><strong>aliis</strong></span> <span class='ocrx_word' id='word_1_290' title='bbox 2531 986 2823 1042; x_wconf 86' lang='lat' dir='ltr'><strong>convenire</strong></span> <span class='ocrx_word' id='word_1_291' title='bbox 2867 983 3058 1054; x_wconf 87' lang='lat' dir='ltr'><strong>possit.</strong></span> <span class='ocrx_word' id='word_1_292' title='bbox 3112 982 3252 1053; x_wconf 87' lang='lat' dir='ltr'><strong>Ergo</strong></span> <span class='ocrx_word' id='word_1_293' title='bbox 3297 990 3549 1037; x_wconf 83' lang='lat' dir='ltr'><strong>naturain</strong></span> 
     </span>
    </p>
   </div>
   <div class='ocr_carea' id='block_1_41' title="bbox 1984 1071 3549 1149">
    <p class='ocr_par' dir='ltr' id='par_1_41' title="bbox 1984 1071 3549 1149">
     <span class='ocr_line' id='line_1_41' title="bbox 1984 1071 3549 1149; baseline -0.004 -17"><span class='ocrx_word' id='word_1_294' title='bbox 1984 1078 2201 1149; x_wconf 83' lang='lat' dir='ltr'><strong>quidem</strong></span> <span class='ocrx_word' id='word_1_295' title='bbox 2233 1092 2339 1131; x_wconf 91' lang='lat' dir='ltr'><strong>non</strong></span> <span class='ocrx_word' id='word_1_296' title='bbox 2374 1077 2703 1148; x_wconf 85' lang='lat' dir='ltr'><strong>signiﬁcant,</strong></span> <span class='ocrx_word' id='word_1_297' title='bbox 2732 1074 3087 1145; x_wconf 81' lang='lat' dir='ltr'><strong>i-mpmpriam</strong></span> <span class='ocrx_word' id='word_1_298' title='bbox 3116 1080 3296 1127; x_wconf 89' lang='lat' dir='ltr'><strong>autem</strong></span> <span class='ocrx_word' id='word_1_299' title='bbox 3320 1081 3375 1127; x_wconf 88' lang='lat' dir='ltr'><strong>et</strong></span> <span class='ocrx_word' id='word_1_300' title='bbox 3414 1071 3549 1127; x_wconf 86' lang='lat' dir='ltr'><strong>nihil</strong></span> 
     </span>
    </p>
   </div>
   <div class='ocr_carea' id='block_1_42' title="bbox 1985 1163 3543 1241">
    <p class='ocr_par' dir='ltr' id='par_1_42' title="bbox 1985 1163 3543 1241">
     <span class='ocr_line' id='line_1_42' title="bbox 1985 1163 3543 1241; baseline -0.006 -17"><span class='ocrx_word' id='word_1_301' title='bbox 1985 1168 2379 1241; x_wconf 85' lang='lat' dir='ltr'><strong>signiﬁcantem</strong></span> <span class='ocrx_word' id='word_1_302' title='bbox 2427 1168 2707 1224; x_wconf 86' lang='lat' dir='ltr'><strong>nominum</strong></span> <span class='ocrx_word' id='word_1_303' title='bbox 2753 1165 3166 1236; x_wconf 79' lang='lat' dir='ltr'><strong>appellationem</strong></span> <span class='ocrx_word' id='word_1_304' title='bbox 3197 1163 3378 1218; x_wconf 82' lang='lat' dir='ltr'><strong>dicere</strong></span> <span class='ocrx_word' id='word_1_305' title='bbox 3432 1177 3543 1216; x_wconf 88' lang='lat' dir='ltr'><strong>non</strong></span> 
     </span>
    </p>
   </div>
   <div class='ocr_carea' id='block_1_43' title="bbox 1984 1255 3555 1329">
    <p class='ocr_par' dir='ltr' id='par_1_43' title="bbox 1984 1255 3555 1329">
     <span class='ocr_line' id='line_1_43' title="bbox 1984 1255 3555 1329; baseline -0.007 -14"><span class='ocrx_word' id='word_1_306' title='bbox 1984 1276 2158 1316; x_wconf 89' lang='lat' dir='ltr'><strong>ausus</strong></span> <span class='ocrx_word' id='word_1_307' title='bbox 2190 1260 2372 1316; x_wconf 82' lang='lat' dir='ltr'><strong>fuerit.</strong></span> <span class='ocrx_word' id='word_1_308' title='bbox 2416 1258 2470 1313; x_wconf 88' lang='lat' dir='ltr'><strong>Si</strong></span> <span class='ocrx_word' id='word_1_309' title='bbox 2509 1256 2693 1329; x_wconf 84' lang='lat' dir='ltr'><strong>itaque</strong></span> <span class='ocrx_word' id='word_1_310' title='bbox 2740 1258 3001 1313; x_wconf 88' lang='lat' dir='ltr'><strong>dicuntur</strong></span> <span class='ocrx_word' id='word_1_311' title='bbox 3038 1255 3280 1325; x_wconf 87' lang='lat' dir='ltr'><strong>quidem,</strong></span> <span class='ocrx_word' id='word_1_312' title='bbox 3319 1267 3428 1308; x_wconf 89' lang='lat' dir='ltr'><strong>non</strong></span> <span class='ocrx_word' id='word_1_313' title='bbox 3456 1266 3555 1305; x_wconf 83' lang='lat' dir='ltr'><strong>au-</strong></span> 
     </span>
    </p>
   </div>
   <div class='ocr_carea' id='block_1_44' title="bbox 1985 1342 3553 1419">
    <p class='ocr_par' dir='ltr' id='par_1_44' title="bbox 1985 1342 3553 1419">
     <span class='ocr_line' id='line_1_44' title="bbox 1985 1342 3553 1419; baseline -0.008 -12"><span class='ocrx_word' id='word_1_314' title='bbox 1985 1362 2092 1408; x_wconf 87' lang='lat' dir='ltr'><strong>tem</strong></span> <span class='ocrx_word' id='word_1_315' title='bbox 2117 1352 2417 1408; x_wconf 82' lang='lat' dir='ltr'><strong>secundum</strong></span> <span class='ocrx_word' id='word_1_316' title='bbox 2436 1359 2705 1417; x_wconf 85' lang='lat' dir='ltr'><strong>naturam,</strong></span> <span class='ocrx_word' id='word_1_317' title='bbox 2728 1348 2991 1419; x_wconf 85' lang='lat' dir='ltr'><strong>quidquid</strong></span> <span class='ocrx_word' id='word_1_318' title='bbox 3019 1355 3199 1401; x_wconf 90' lang='lat' dir='ltr'><strong>autem</strong></span> <span class='ocrx_word' id='word_1_319' title='bbox 3225 1360 3255 1398; x_wconf 91' lang='lat' dir='ltr'><strong>a</strong></span> <span class='ocrx_word' id='word_1_320' title='bbox 3272 1342 3553 1413; x_wconf 83' lang='lat' dir='ltr'><strong>Scriptura</strong></span> 
     </span>
    </p>
   </div>
   <div class='ocr_carea' id='block_1_45' title="bbox 1984 1443 3552 1515">
    <p class='ocr_par' dir='ltr' id='par_1_45' title="bbox 1984 1443 3552 1515">
     <span class='ocr_line' id='line_1_45' title="bbox 1984 1443 3552 1515; baseline -0.006 -16"><span class='ocrx_word' id='word_1_321' title='bbox 1984 1446 2219 1509; x_wconf 89' lang='lat' dir='ltr'><strong>dicitur,</strong></span> <span class='ocrx_word' id='word_1_322' title='bbox 2260 1445 2540 1515; x_wconf 89' lang='lat' dir='ltr'><strong>proprium</strong></span> <span class='ocrx_word' id='word_1_323' title='bbox 2585 1456 2669 1499; x_wconf 86' lang='lat' dir='ltr'><strong>est</strong></span> <span class='ocrx_word' id='word_1_324' title='bbox 2719 1443 2943 1497; x_wconf 90' lang='lat' dir='ltr'><strong>omnino</strong></span> <span class='ocrx_word' id='word_1_325' title='bbox 2989 1450 3044 1496; x_wconf 89' lang='lat' dir='ltr'><strong>et</strong></span> <span class='ocrx_word' id='word_1_326' title='bbox 3095 1447 3303 1493; x_wconf 69' lang='lat' dir='ltr'><strong>natura:</strong></span> <span class='ocrx_word' id='word_1_327' title='bbox 3355 1451 3552 1490; x_wconf 83' lang='lat' dir='ltr'><strong>conve-</strong></span> 
     </span>
    </p>
   </div>
   <div class='ocr_carea' id='block_1_46' title="bbox 1982 1528 3552 1608">
    <p class='ocr_par' dir='ltr' id='par_1_46' title="bbox 1982 1528 3552 1608">
     <span class='ocr_line' id='line_1_46' title="bbox 1982 1528 3552 1608; baseline -0.008 -16"><span class='ocrx_word' id='word_1_328' title='bbox 1982 1537 2198 1592; x_wconf 89' lang='lat' dir='ltr'><strong>nienter</strong></span> <span class='ocrx_word' id='word_1_329' title='bbox 2250 1537 2500 1594; x_wconf 86' lang='lat' dir='ltr'><strong>dicitur:</strong></span> <span class='ocrx_word' id='word_1_330' title='bbox 2552 1546 2798 1608; x_wconf 69' lang='lat' dir='ltr'><strong>quamam</strong></span> <span class='ocrx_word' id='word_1_331' title='bbox 2846 1533 3010 1603; x_wconf 78' lang='lat' dir='ltr'><strong>igitur</strong></span> <span class='ocrx_word' id='word_1_332' title='bbox 3062 1531 3168 1585; x_wconf 91' lang='lat' dir='ltr'><strong>alia</strong></span> <span class='ocrx_word' id='word_1_333' title='bbox 3225 1528 3552 1596; x_wconf 78' lang='lat' dir='ltr'><strong>relinquitur</strong></span> 
     </span>
    </p>
   </div>
   <div class='ocr_carea' id='block_1_47' title="bbox 1982 1620 3552 1698">
    <p class='ocr_par' dir='ltr' id='par_1_47' title="bbox 1982 1620 3552 1698">
     <span class='ocr_line' id='line_1_47' title="bbox 1982 1620 3552 1698; baseline -0.009 -14"><span class='ocrx_word' id='word_1_334' title='bbox 1982 1630 2119 1684; x_wconf 82' lang='lat' dir='ltr'><strong>ratio</strong></span> <span class='ocrx_word' id='word_1_335' title='bbox 2136 1644 2235 1685; x_wconf 91' lang='lat' dir='ltr'><strong>cur</strong></span> <span class='ocrx_word' id='word_1_336' title='bbox 2258 1626 2527 1698; x_wconf 88' lang='lat' dir='ltr'><strong>ejusmodi</strong></span> <span class='ocrx_word' id='word_1_337' title='bbox 2555 1639 2716 1679; x_wconf 84' lang='lat' dir='ltr'><strong>voces</strong></span> <span class='ocrx_word' id='word_1_338' title='bbox 2749 1622 2855 1677; x_wconf 87' lang='lat' dir='ltr'><strong>Deo</strong></span> <span class='ocrx_word' id='word_1_339' title='bbox 2878 1620 3164 1692; x_wconf 81' lang='lat' dir='ltr'><strong>Unigenito</strong></span> <span class='ocrx_word' id='word_1_340' title='bbox 3190 1626 3552 1690; x_wconf 78' lang='lat' dir='ltr'><strong>congruenter</strong></span> 
     </span>
    </p>
   </div>
   <div class='ocr_carea' id='block_1_48' title="bbox 1981 1711 3552 1788">
    <p class='ocr_par' dir='ltr' id='par_1_48' title="bbox 1981 1711 3552 1788">
     <span class='ocr_line' id='line_1_48' title="bbox 1981 1711 3552 1788; baseline -0.008 -13"><span class='ocrx_word' id='word_1_341' title='bbox 1981 1721 2252 1776; x_wconf 63' lang='lat' dir='ltr'><strong>attributae</strong></span> <span class='ocrx_word' id='word_1_342' title='bbox 2282 1720 2415 1782; x_wconf 87' lang='lat' dir='ltr'><strong>sint,</strong></span> <span class='ocrx_word' id='word_1_343' title='bbox 2470 1723 2664 1788; x_wconf 70' lang='lat' dir='ltr'><strong>prmter</strong></span> <span class='ocrx_word' id='word_1_344' title='bbox 2711 1714 2931 1769; x_wconf 90' lang='lat' dir='ltr'><strong>modum</strong></span> <span class='ocrx_word' id='word_1_345' title='bbox 2980 1713 3074 1784; x_wconf 87' lang='lat' dir='ltr'><strong>qui</strong></span> <span class='ocrx_word' id='word_1_346' title='bbox 3113 1711 3314 1765; x_wconf 81' lang='lat' dir='ltr'><strong>dicitur</strong></span> <span class='ocrx_word' id='word_1_347' title='bbox 3356 1725 3552 1765; x_wconf 87' lang='lat' dir='ltr'><strong>secun-</strong></span> 
     </span>
    </p>
   </div>
   <div class='ocr_carea' id='block_1_49' title="bbox 1983 1799 3549 1873">
    <p class='ocr_par' dir='ltr' id='par_1_49' title="bbox 1983 1799 3549 1873">
     <span class='ocr_line' id='line_1_49' title="bbox 1983 1799 3549 1873; baseline -0.009 -8"><span class='ocrx_word' id='word_1_348' title='bbox 1983 1811 2111 1865; x_wconf 90' lang='lat' dir='ltr'><strong>dum</strong></span> <span class='ocrx_word' id='word_1_349' title='bbox 2139 1807 2690 1866; x_wconf 86' lang='lat' dir='ltr'><strong>commentationem?</strong></span> <span class='ocrx_word' id='word_1_350' title='bbox 2726 1803 3079 1873; x_wconf 84' lang='lat' dir='ltr'><strong>Perspicuum</strong></span> <span class='ocrx_word' id='word_1_351' title='bbox 3110 1802 3255 1855; x_wconf 90' lang='lat' dir='ltr'><strong>enim</strong></span> <span class='ocrx_word' id='word_1_352' title='bbox 3282 1807 3366 1855; x_wconf 88' lang='lat' dir='ltr'><strong>est</strong></span> <span class='ocrx_word' id='word_1_353' title='bbox 3404 1799 3549 1869; x_wconf 86' lang='lat' dir='ltr'><strong>quod</strong></span> 
     </span>
    </p>
   </div>
   <div class='ocr_carea' id='block_1_50' title="bbox 1982 1890 3553 1971">
    <p class='ocr_par' dir='ltr' id='par_1_50' title="bbox 1982 1890 3553 1971">
     <span class='ocr_line' id='line_1_50' title="bbox 1982 1890 3553 1971; baseline -0.008 -16"><span class='ocrx_word' id='word_1_354' title='bbox 1982 1916 2082 1971; x_wconf 89' lang='lat' dir='ltr'><strong>pro</strong></span> <span class='ocrx_word' id='word_1_355' title='bbox 2132 1900 2395 1955; x_wconf 81' lang='lat' dir='ltr'><strong>varietate</strong></span> <span class='ocrx_word' id='word_1_356' title='bbox 2445 1897 2823 1967; x_wconf 88' lang='lat' dir='ltr'><strong>operationum</strong></span> <span class='ocrx_word' id='word_1_357' title='bbox 2878 1893 3178 1949; x_wconf 81' lang='lat' dir='ltr'><strong>secundum</strong></span> <span class='ocrx_word' id='word_1_358' title='bbox 3242 1890 3553 1945; x_wconf 67' lang='lat' dir='ltr'><strong>dill‘crcntw</strong></span> 
     </span>
    </p>
   </div>
   <div class='ocr_carea' id='block_1_51' title="bbox 1983 1982 3550 2061">
    <p class='ocr_par' dir='ltr' id='par_1_51' title="bbox 1983 1982 3550 2061">
     <span class='ocr_line' id='line_1_51' title="bbox 1983 1982 3550 2061; baseline -0.009 -13"><span class='ocrx_word' id='word_1_359' title='bbox 1983 1990 2376 2061; x_wconf 82' lang='lat' dir='ltr'><strong>signiﬁcantias</strong></span> <span class='ocrx_word' id='word_1_360' title='bbox 2402 1988 2548 2044; x_wconf 90' lang='lat' dir='ltr'><strong>Deus</strong></span> <span class='ocrx_word' id='word_1_361' title='bbox 2577 1987 2909 2050; x_wconf 88' lang='lat' dir='ltr'><strong>nominatur,</strong></span> <span class='ocrx_word' id='word_1_362' title='bbox 2948 1992 3007 2039; x_wconf 94' lang='lat' dir='ltr'><strong>ut</strong></span> <span class='ocrx_word' id='word_1_363' title='bbox 3041 1982 3405 2052; x_wconf 76' lang='lat' dir='ltr'><strong>intelligamus</strong></span> <span class='ocrx_word' id='word_1_364' title='bbox 3426 1997 3550 2035; x_wconf 86' lang='lat' dir='ltr'><strong>eum</strong></span> 
     </span>
    </p>
   </div>
   <div class='ocr_carea' id='block_1_52' title="bbox 1982 2073 3552 2148">
    <p class='ocr_par' dir='ltr' id='par_1_52' title="bbox 1982 2073 3552 2148">
     <span class='ocr_line' id='line_1_52' title="bbox 1982 2073 3552 2148; baseline -0.009 -10"><span class='ocrx_word' id='word_1_365' title='bbox 1982 2083 2062 2139; x_wconf 87' lang='lat' dir='ltr'><strong>sic</strong></span> <span class='ocrx_word' id='word_1_366' title='bbox 2113 2082 2476 2136; x_wconf 86' lang='lat' dir='ltr'><strong>nominatum.</strong></span> <span class='ocrx_word' id='word_1_367' title='bbox 2524 2077 2667 2145; x_wconf 87' lang='lat' dir='ltr'><strong>Quid</strong></span> <span class='ocrx_word' id='word_1_368' title='bbox 2725 2077 2892 2148; x_wconf 80' lang='lat' dir='ltr'><strong>igitur</strong></span> <span class='ocrx_word' id='word_1_369' title='bbox 2937 2075 3042 2146; x_wconf 89' lang='lat' dir='ltr'><strong>piis</strong></span> <span class='ocrx_word' id='word_1_370' title='bbox 3070 2073 3343 2128; x_wconf 83' lang='lat' dir='ltr'><strong>mentibus</strong></span> <span class='ocrx_word' id='word_1_371' title='bbox 3391 2079 3552 2125; x_wconf 89' lang='lat' dir='ltr'><strong>nocet</strong></span> 
     </span>
    </p>
   </div>
   <div class='ocr_carea' id='block_1_53' title="bbox 1979 2165 3549 2241">
    <p class='ocr_par' dir='ltr' id='par_1_53' title="bbox 1979 2165 3549 2241">
     <span class='ocr_line' id='line_1_53' title="bbox 1979 2165 3549 2241; baseline -0.009 -11"><span class='ocrx_word' id='word_1_372' title='bbox 1979 2174 2156 2230; x_wconf 91' lang='lat' dir='ltr'><strong>nostri</strong></span> <span class='ocrx_word' id='word_1_373' title='bbox 2190 2173 2497 2228; x_wconf 90' lang='lat' dir='ltr'><strong>intellectus</strong></span> <span class='ocrx_word' id='word_1_374' title='bbox 2546 2170 2791 2241; x_wconf 80' lang='lat' dir='ltr'><strong>operatio</strong></span> <span class='ocrx_word' id='word_1_375' title='bbox 2833 2168 2900 2223; x_wconf 90' lang='lat' dir='ltr'><strong>ad</strong></span> <span class='ocrx_word' id='word_1_376' title='bbox 2948 2165 3314 2238; x_wconf 81' lang='lat' dir='ltr'><strong>cognitionem</strong></span> <span class='ocrx_word' id='word_1_377' title='bbox 3360 2178 3549 2219; x_wconf 86' lang='lat' dir='ltr'><strong>eorum</strong></span> 
     </span>
    </p>
   </div>
   <div class='ocr_carea' id='block_1_54' title="bbox 1980 2251 3552 2337">
    <p class='ocr_par' dir='ltr' id='par_1_54' title="bbox 1980 2251 3552 2337">
     <span class='ocr_line' id='line_1_54' title="bbox 1980 2251 3552 2337; baseline -0.01 -17"><span class='ocrx_word' id='word_1_378' title='bbox 1980 2279 2101 2337; x_wconf 59' lang='lat' dir='ltr'><strong>quae</strong></span> <span class='ocrx_word' id='word_1_379' title='bbox 2130 2271 2280 2328; x_wconf 87' lang='lat' dir='ltr'><strong>sunt,</strong></span> <span class='ocrx_word' id='word_1_380' title='bbox 2319 2278 2482 2333; x_wconf 87' lang='lat' dir='ltr'><strong>quam</strong></span> <span class='ocrx_word' id='word_1_381' title='bbox 2533 2277 2637 2317; x_wconf 84' lang='lat' dir='ltr'><strong>nos</strong></span> <span class='ocrx_word' id='word_1_382' title='bbox 2676 2260 2898 2331; x_wconf 88' lang='lat' dir='ltr'><strong>quidem</strong></span> <span class='ocrx_word' id='word_1_383' title='bbox 2930 2257 3166 2311; x_wconf 81' lang='grc' dir='ltr'>ἐπίνοιαν</span> <span class='ocrx_word' id='word_1_384' title='bbox 3205 2254 3462 2316; x_wconf 89' lang='lat' dir='ltr'><strong>dicimus,</strong></span> <span class='ocrx_word' id='word_1_385' title='bbox 3496 2251 3552 2305; x_wconf 85' lang='lat' dir='ltr'><strong>id</strong></span> 
     </span>
    </p>
   </div>
   <div class='ocr_carea' id='block_1_55' title="bbox 1979 2344 3552 2419">
    <p class='ocr_par' dir='ltr' id='par_1_55' title="bbox 1979 2344 3552 2419">
     <span class='ocr_line' id='line_1_55' title="bbox 1979 2344 3552 2419; baseline -0.01 -7"><span class='ocrx_word' id='word_1_386' title='bbox 1979 2362 2061 2412; x_wconf 85' lang='lat' dir='ltr'><strong>est</strong></span> <span class='ocrx_word' id='word_1_387' title='bbox 2090 2355 2623 2411; x_wconf 78' lang='lat' dir='ltr'><strong>commentationem?</strong></span> <span class='ocrx_word' id='word_1_388' title='bbox 2672 2351 2826 2418; x_wconf 86' lang='lat' dir='ltr'><strong>Quod</strong></span> <span class='ocrx_word' id='word_1_389' title='bbox 2856 2352 2903 2405; x_wconf 89' lang='lat' dir='ltr'><strong>si</strong></span> <span class='ocrx_word' id='word_1_390' title='bbox 2946 2348 3069 2419; x_wconf 88' lang='lat' dir='ltr'><strong>quis</strong></span> <span class='ocrx_word' id='word_1_391' title='bbox 3116 2347 3275 2402; x_wconf 87' lang='lat' dir='ltr'><strong>aliter</strong></span> <span class='ocrx_word' id='word_1_392' title='bbox 3303 2344 3434 2400; x_wconf 83' lang='lat' dir='ltr'><strong>velit</strong></span> <span class='ocrx_word' id='word_1_393' title='bbox 3462 2359 3552 2398; x_wconf 89' lang='lat' dir='ltr'><strong>vo-</strong></span> 
     </span>
    </p>
   </div>
   <div class='ocr_carea' id='block_1_56' title="bbox 1979 2438 3552 2516">
    <p class='ocr_par' dir='ltr' id='par_1_56' title="bbox 1979 2438 3552 2516">
     <span class='ocr_line' id='line_1_56' title="bbox 1979 2438 3552 2516; baseline -0.011 -12"><span class='ocrx_word' id='word_1_394' title='bbox 1979 2463 2128 2511; x_wconf 87' lang='lat' dir='ltr'><strong>care,</strong></span> <span class='ocrx_word' id='word_1_395' title='bbox 2166 2463 2277 2502; x_wconf 91' lang='lat' dir='ltr'><strong>non</strong></span> <span class='ocrx_word' id='word_1_396' title='bbox 2319 2444 2741 2516; x_wconf 81' lang='lat' dir='ltr'><strong>relragabimur.</strong></span> <span class='ocrx_word' id='word_1_397' title='bbox 2785 2440 2890 2496; x_wconf 85' lang='lat' dir='ltr'><strong>Sed</strong></span> <span class='ocrx_word' id='word_1_398' title='bbox 2924 2455 3032 2495; x_wconf 91' lang='lat' dir='ltr'><strong>non</strong></span> <span class='ocrx_word' id='word_1_399' title='bbox 3068 2438 3319 2501; x_wconf 84' lang='lat' dir='ltr'><strong>remittit,</strong></span> <span class='ocrx_word' id='word_1_400' title='bbox 3363 2450 3552 2505; x_wconf 92' lang='lat' dir='ltr'><strong>quem-</strong></span> 
     </span>
    </p>
   </div>
   <div class='ocr_carea' id='block_1_57' title="bbox 1978 2528 3549 2596">
    <p class='ocr_par' dir='ltr' id='par_1_57' title="bbox 1978 2528 3549 2596">
     <span class='ocr_line' id='line_1_57' title="bbox 1978 2528 3549 2596; baseline -0.01 -3"><span class='ocrx_word' id='word_1_401' title='bbox 1978 2539 2270 2596; x_wconf 88' lang='lat' dir='ltr'><strong>admodum</strong></span> <span class='ocrx_word' id='word_1_402' title='bbox 2350 2538 2701 2594; x_wconf 77' lang='lat' dir='ltr'><strong>vehementer</strong></span> <span class='ocrx_word' id='word_1_403' title='bbox 2767 2540 3068 2590; x_wconf 84' lang='lat' dir='ltr'><strong>certatores</strong></span> <span class='ocrx_word' id='word_1_404' title='bbox 3141 2528 3549 2585; x_wconf 86' lang='lat' dir='ltr'><strong>ineluetabilem</strong></span> 
     </span>
    </p>
   </div>
   <div class='ocr_carea' id='block_1_58' title="bbox 1977 2616 3553 2694">
    <p class='ocr_par' dir='ltr' id='par_1_58' title="bbox 1977 2616 3553 2694">
     <span class='ocr_line' id='line_1_58' title="bbox 1977 2616 3553 2694; baseline -0.01 -8"><span class='ocrx_word' id='word_1_405' title='bbox 1977 2632 2120 2687; x_wconf 85' lang='lat' dir='ltr'><strong>lianc</strong></span> <span class='ocrx_word' id='word_1_406' title='bbox 2173 2639 2364 2686; x_wconf 90' lang='lat' dir='ltr'><strong>contra</strong></span> <span class='ocrx_word' id='word_1_407' title='bbox 2400 2645 2501 2685; x_wconf 84' lang='lat' dir='ltr'><strong>nos</strong></span> <span class='ocrx_word' id='word_1_408' title='bbox 2537 2643 2725 2684; x_wconf 87' lang='lat' dir='ltr'><strong>ausam</strong></span> <span class='ocrx_word' id='word_1_409' title='bbox 2780 2634 2833 2682; x_wconf 89' lang='lat' dir='ltr'><strong>et</strong></span> <span class='ocrx_word' id='word_1_410' title='bbox 2878 2623 3293 2694; x_wconf 83' lang='lat' dir='ltr'><strong>prelieusionem</strong></span> <span class='ocrx_word' id='word_1_411' title='bbox 3338 2626 3393 2673; x_wconf 84' lang='lat' dir='ltr'><strong>et</strong></span> <span class='ocrx_word' id='word_1_412' title='bbox 3420 2616 3553 2671; x_wconf 81' lang='lat' dir='ltr'><strong>dicit</strong></span> 
     </span>
    </p>
   </div>
   <div class='ocr_carea' id='block_1_59' title="bbox 1977 2706 3552 2788">
    <p class='ocr_par' dir='ltr' id='par_1_59' title="bbox 1977 2706 3552 2788">
     <span class='ocr_line' id='line_1_59' title="bbox 1977 2706 3552 2788; baseline -0.011 -12"><span class='ocrx_word' id='word_1_413' title='bbox 1977 2721 2058 2777; x_wconf 85' lang='lat' dir='ltr'><strong>sic</strong></span> <span class='ocrx_word' id='word_1_414' title='bbox 2080 2721 2145 2775; x_wconf 88' lang='lat' dir='ltr'><strong>ad</strong></span> <span class='ocrx_word' id='word_1_415' title='bbox 2181 2719 2427 2783; x_wconf 80' lang='lat' dir='ltr'><strong>verbum,</strong></span> <span class='ocrx_word' id='word_1_416' title='bbox 2462 2720 2608 2788; x_wconf 89' lang='lat' dir='ltr'><strong>quod</strong></span> <span class='ocrx_word' id='word_1_417' title='bbox 2638 2716 2766 2771; x_wconf 71' lang='lat' dir='ltr'><strong>[lare</strong></span> <span class='ocrx_word' id='word_1_418' title='bbox 2798 2731 2889 2785; x_wconf 82' lang='lat' dir='ltr'><strong>per</strong></span> <span class='ocrx_word' id='word_1_419' title='bbox 2919 2709 3403 2767; x_wconf 77' lang='lat' dir='ltr'><strong>commentationem</strong></span> <span class='ocrx_word' id='word_1_420' title='bbox 3454 2706 3552 2759; x_wconf 81' lang='lat' dir='ltr'><strong>Int-</strong></span> 
     </span>
    </p>
   </div>
   <div class='ocr_carea' id='block_1_60' title="bbox 1976 2803 3552 2878">
    <p class='ocr_par' dir='ltr' id='par_1_60' title="bbox 1976 2803 3552 2878">
     <span class='ocr_line' id='line_1_60' title="bbox 1976 2803 3552 2878; baseline -0.011 -11"><span class='ocrx_word' id='word_1_421' title='bbox 1976 2829 2135 2867; x_wconf 88' lang='lat' dir='ltr'><strong>mana</strong></span> <span class='ocrx_word' id='word_1_422' title='bbox 2166 2822 2288 2867; x_wconf 78' lang='lat' dir='ltr'><strong>sunt</strong></span> <span class='ocrx_word' id='word_1_423' title='bbox 2326 2812 2539 2865; x_wconf 80' lang='lat' dir='ltr'><strong>nomina</strong></span> <span class='ocrx_word' id='word_1_424' title='bbox 2565 2820 2615 2865; x_wconf 84' lang='lat' dir='ltr'><strong>et</strong></span> <span class='ocrx_word' id='word_1_425' title='bbox 2666 2825 2755 2878; x_wconf 75' lang='lat' dir='ltr'><strong>per</strong></span> <span class='ocrx_word' id='word_1_426' title='bbox 2788 2803 3273 2862; x_wconf 79' lang='lat' dir='ltr'><strong>commentationem</strong></span> <span class='ocrx_word' id='word_1_427' title='bbox 3301 2814 3552 2871; x_wconf 82' lang='lat' dir='ltr'><strong>quarunt-</strong></span> 
     </span>
    </p>
   </div>
   <div class='ocr_carea' id='block_1_61' title="bbox 1975 2897 3553 2978">
    <p class='ocr_par' dir='ltr' id='par_1_61' title="bbox 1975 2897 3553 2978">
     <span class='ocr_line' id='line_1_61' title="bbox 1975 2897 3553 2978; baseline -0.012 -18"><span class='ocrx_word' id='word_1_428' title='bbox 1975 2905 2098 2978; x_wconf 72' lang='lat' dir='ltr'><strong>dam</strong></span> <span class='ocrx_word' id='word_1_429' title='bbox 2131 2904 2402 2969; x_wconf 85' lang='lat' dir='ltr'><strong>dicuntur,</strong></span> <span class='ocrx_word' id='word_1_430' title='bbox 2428 2918 2544 2973; x_wconf 75' lang='lat' dir='ltr'><strong>qua:</strong></span> <span class='ocrx_word' id='word_1_431' title='bbox 2576 2900 2754 2956; x_wconf 76' lang='lat' dir='ltr'><strong>nullus</strong></span> <span class='ocrx_word' id='word_1_432' title='bbox 2797 2897 3152 2967; x_wconf 77' lang='lat' dir='ltr'><strong>apostolorum</strong></span> <span class='ocrx_word' id='word_1_433' title='bbox 3192 2904 3352 2962; x_wconf 80' lang='lat' dir='ltr'><strong>neque</strong></span> <span class='ocrx_word' id='word_1_434' title='bbox 3395 2907 3553 2945; x_wconf 74' lang='lat' dir='ltr'><strong>cran-</strong></span> 
     </span>
    </p>
   </div>
   <div class='ocr_carea' id='block_1_62' title="bbox 1974 2982 3548 3064">
    <p class='ocr_par' dir='ltr' id='par_1_62' title="bbox 1974 2982 3548 3064">
     <span class='ocr_line' id='line_1_62' title="bbox 1974 2982 3548 3064; baseline -0.011 -15"><span class='ocrx_word' id='word_1_435' title='bbox 1974 2994 2282 3064; x_wconf 78' lang='lat' dir='ltr'><strong>gelt’starum</strong></span> <span class='ocrx_word' id='word_1_436' title='bbox 2332 2992 2529 3047; x_wconf 82' lang='lat' dir='ltr'><strong>docuit.</strong></span> <span class='ocrx_word' id='word_1_437' title='bbox 2585 2990 2651 3044; x_wconf 79' lang='lat' dir='ltr'><strong>Et</strong></span> <span class='ocrx_word' id='word_1_438' title='bbox 2717 2997 2840 3059; x_wconf 89' lang='lat' dir='ltr'><strong>post</strong></span> <span class='ocrx_word' id='word_1_439' title='bbox 2889 2988 3030 3043; x_wconf 85' lang='lat' dir='ltr'><strong>hanc</strong></span> <span class='ocrx_word' id='word_1_440' title='bbox 3078 2982 3548 3054; x_wconf 78' lang='lat' dir='ltr'><strong>inexpugnabilem</strong></span> 
     </span>
    </p>
   </div>
   <div class='ocr_carea' id='block_1_63' title="bbox 302 3072 1879 3164">
    <p class='ocr_par' dir='ltr' id='par_1_63' title="bbox 302 3082 1875 3157">
     <span class='ocr_line' id='line_1_63' title="bbox 302 3082 1875 3157; baseline 0 -21"><span class='ocrx_word' id='word_1_441' title='bbox 302 3084 600 3157; x_wconf 70' lang='grc' dir='ltr'>προφέρειν</span> <span class='ocrx_word' id='word_1_442' title='bbox 630 3086 710 3147; x_wconf 81' lang='grc' dir='ltr'>εἰς</span> <span class='ocrx_word' id='word_1_443' title='bbox 740 3083 1084 3154; x_wconf 80' lang='grc' dir='ltr'>ἀνθρωπίνην</span> <span class='ocrx_word' id='word_1_444' title='bbox 1113 3082 1371 3151; x_wconf 80' lang='grc' dir='ltr'>ἐπίνοιαν,</span> <span class='ocrx_word' id='word_1_445' title='bbox 1401 3083 1576 3154; x_wconf 79' lang='grc' dir='ltr'>ψυχῆς</span> <span class='ocrx_word' id='word_1_446' title='bbox 1604 3083 1762 3157; x_wconf 72' lang='grc' dir='ltr'>ἔργον</span> <span class='ocrx_word' id='word_1_447' title='bbox 1787 3086 1875 3138; x_wconf 74' lang='grc' dir='ltr'><strong>τὸν</strong></span> 
     </span>
    </p>
   </div>
   <div class='ocr_carea' id='block_1_64' title="bbox 1979 3072 3549 3164">
    <p class='ocr_par' dir='ltr' id='par_1_64' title="bbox 1979 3072 3549 3157">
     <span class='ocr_line' id='line_1_64' title="bbox 1979 3072 3549 3157; baseline -0.008 -18"><span class='ocrx_word' id='word_1_448' title='bbox 1979 3086 2410 3157; x_wconf 79' lang='lat' dir='ltr'><strong>aggressionem,</strong></span> <span class='ocrx_word' id='word_1_449' title='bbox 2448 3097 2664 3139; x_wconf 86' lang='lat' dir='ltr'><strong>sacram</strong></span> <span class='ocrx_word' id='word_1_450' title='bbox 2702 3082 2850 3134; x_wconf 86' lang='lat' dir='ltr'><strong>illam</strong></span> <span class='ocrx_word' id='word_1_451' title='bbox 2882 3078 3046 3134; x_wconf 83' lang='lat' dir='ltr'><strong>infert</strong></span> <span class='ocrx_word' id='word_1_452' title='bbox 3092 3090 3303 3137; x_wconf 76' lang='lat' dir='ltr'><strong>vocem,</strong></span> <span class='ocrx_word' id='word_1_453' title='bbox 3338 3072 3549 3127; x_wconf 84' lang='lat' dir='ltr'><strong>erudita</strong></span> 
     </span>
    </p>
   </div>
   <div class='ocr_carea' id='block_1_65' title="bbox 304 3175 1877 3249">
    <p class='ocr_par' dir='ltr' id='par_1_65' title="bbox 304 3175 1877 3249">
     <span class='ocr_line' id='line_1_65' title="bbox 304 3175 1877 3249; baseline -0.001 -18"><span class='ocrx_word' id='word_1_454' title='bbox 304 3179 407 3249; x_wconf 80' lang='grc' dir='ltr'>μὲν</span> <span class='ocrx_word' id='word_1_455' title='bbox 436 3176 749 3249; x_wconf 72' lang='grc' dir='ltr'>ἐρρωμένον</span> <span class='ocrx_word' id='word_1_456' title='bbox 780 3175 905 3229; x_wconf 81' lang='grc' dir='ltr'>νοῦν</span> <span class='ocrx_word' id='word_1_457' title='bbox 944 3176 1086 3231; x_wconf 82' lang='grc' dir='ltr'>κατὰ</span> <span class='ocrx_word' id='word_1_458' title='bbox 1112 3175 1267 3246; x_wconf 86' lang='grc' dir='ltr'>δίκην</span> <span class='ocrx_word' id='word_1_459' title='bbox 1311 3176 1707 3247; x_wconf 77' lang='grc' dir='ltr'>παρῃρημένης</span> <span class='ocrx_word' id='word_1_460' title='bbox 1732 3214 1747 3239; x_wconf 84' lang='grc'>,</span> <span class='ocrx_word' id='word_1_461' title='bbox 1778 3177 1877 3248; x_wconf 74' lang='grc' dir='ltr'>διρο</span> 
     </span>
    </p>
   </div>
   <div class='ocr_carea' id='block_1_66' title="bbox 304 3268 1876 3341">
    <p class='ocr_par' dir='ltr' id='par_1_66' title="bbox 304 3268 1876 3341">
     <span class='ocr_line' id='line_1_66' title="bbox 304 3268 1876 3341; baseline -0.001 -18"><span class='ocrx_word' id='word_1_462' title='bbox 304 3270 499 3341; x_wconf 80' lang='grc' dir='ltr'>ρώστῳ</span> <span class='ocrx_word' id='word_1_463' title='bbox 529 3269 587 3323; x_wconf 77' lang='grc' dir='ltr'>δὲ</span> <span class='ocrx_word' id='word_1_464' title='bbox 631 3268 841 3340; x_wconf 82' lang='grc' dir='ltr'>διανοίᾳ</span> <span class='ocrx_word' id='word_1_465' title='bbox 894 3268 989 3322; x_wconf 74' lang='grc' dir='ltr'>καὶ</span> <span class='ocrx_word' id='word_1_466' title='bbox 1041 3268 1414 3341; x_wconf 80' lang='grc' dir='ltr'>πεφωρημένῃ</span> <span class='ocrx_word' id='word_1_467' title='bbox 1455 3268 1563 3321; x_wconf 81' lang='grc' dir='ltr'>τινὶ</span> <span class='ocrx_word' id='word_1_468' title='bbox 1621 3268 1876 3339; x_wconf 81' lang='grc' dir='ltr'>συνηθείᾳ</span> 
     </span>
    </p>
   </div>
   <div class='ocr_carea' id='block_1_67' title="bbox 300 3356 1875 3430">
    <p class='ocr_par' dir='ltr' id='par_1_67' title="bbox 300 3356 1875 3430">
     <span class='ocr_line' id='line_1_67' title="bbox 300 3356 1875 3430; baseline 0.009 -16"><span class='ocrx_word' id='word_1_469' title='bbox 300 3362 431 3424; x_wconf 79' lang='grc' dir='ltr'>τοὺς</span> <span class='ocrx_word' id='word_1_470' title='bbox 469 3359 559 3413; x_wconf 74' lang='grc' dir='ltr'>τοῦ</span> <span class='ocrx_word' id='word_1_471' title='bbox 606 3359 813 3430; x_wconf 81' lang='grc' dir='ltr'>Κυρίου</span> <span class='ocrx_word' id='word_1_472' title='bbox 862 3357 1053 3424; x_wconf 80' lang='grc' dir='ltr'>λόγους</span> <span class='ocrx_word' id='word_1_473' title='bbox 1103 3358 1524 3426; x_wconf 75' lang='grc' dir='ltr'>ἐπισκοπούσης·</span> <span class='ocrx_word' id='word_1_474' title='bbox 1564 3356 1731 3409; x_wconf 74' lang='grc' dir='ltr'><strong>Βαδαί</strong></span> <span class='ocrx_word' id='word_1_475' title='bbox 1778 3357 1875 3427; x_wconf 68' lang='grc' dir='ltr'><strong>τῆς</strong></span> 
     </span>
    </p>
   </div>
   <div class='ocr_carea' id='block_1_68' title="bbox 299 3448 1876 3523">
    <p class='ocr_par' dir='ltr' id='par_1_68' title="bbox 299 3448 1876 3523">
     <span class='ocr_line' id='line_1_68' title="bbox 299 3448 1876 3523; baseline -0.003 -16"><span class='ocrx_word' id='word_1_476' title='bbox 299 3452 647 3523; x_wconf 80' lang='grc' dir='ltr'>διαλεκτικῆς</span> <span class='ocrx_word' id='word_1_477' title='bbox 673 3450 999 3516; x_wconf 79' lang='grc' dir='ltr'>ἀποδείξεως</span> <span class='ocrx_word' id='word_1_478' title='bbox 1021 3488 1036 3515; x_wconf 92' lang='grc'><strong><em>,</em></strong></span> <span class='ocrx_word' id='word_1_479' title='bbox 1087 3448 1162 3512; x_wconf 84' lang='grc' dir='ltr'>ὼς</span> <span class='ocrx_word' id='word_1_480' title='bbox 1188 3448 1450 3519; x_wconf 82' lang='grc' dir='ltr'>τεχνικῶς</span> <span class='ocrx_word' id='word_1_481' title='bbox 1479 3449 1508 3502; x_wconf 83' lang='grc' dir='ltr'><strong>δ</strong></span> <span class='ocrx_word' id='word_1_482' title='bbox 1538 3449 1695 3517; x_wconf 87' lang='grc' dir='ltr'>λόγος</span> <span class='ocrx_word' id='word_1_483' title='bbox 1729 3450 1876 3520; x_wconf 67' lang='grc' dir='ltr'>αὐτῷ</span> 
     </span>
    </p>
   </div>
   <div class='ocr_carea' id='block_1_69' title="bbox 301 3539 1875 3617">
    <p class='ocr_par' dir='ltr' id='par_1_69' title="bbox 301 3539 1875 3617">
     <span class='ocr_line' id='line_1_69' title="bbox 301 3539 1875 3617; baseline -0.004 -18"><span class='ocrx_word' id='word_1_484' title='bbox 301 3546 442 3617; x_wconf 72' lang='grc' dir='ltr'>πρὸς</span> <span class='ocrx_word' id='word_1_485' title='bbox 471 3544 561 3598; x_wconf 76' lang='grc' dir='ltr'><strong>τὸν</strong></span> <span class='ocrx_word' id='word_1_486' title='bbox 592 3543 793 3596; x_wconf 75' lang='grc' dir='ltr'>σκοπὸν</span> <span class='ocrx_word' id='word_1_487' title='bbox 823 3540 1283 3611; x_wconf 84' lang='grc' dir='ltr'>συμπεραίνεται;</span> <span class='ocrx_word' id='word_1_488' title='bbox 1311 3541 1408 3603; x_wconf 80' lang='grc' dir='ltr'>Τίς</span> <span class='ocrx_word' id='word_1_489' title='bbox 1438 3540 1506 3594; x_wconf 83' lang='grc' dir='ltr'>ἂν</span> <span class='ocrx_word' id='word_1_490' title='bbox 1540 3539 1621 3594; x_wconf 73' lang='grc' dir='ltr'>ἔτι</span> <span class='ocrx_word' id='word_1_491' title='bbox 1647 3541 1875 3611; x_wconf 85' lang='grc' dir='ltr'>συσταίη</span> 
     </span>
    </p>
   </div>
   <div class='ocr_carea' id='block_1_70' title="bbox 298 3632 1874 3708">
    <p class='ocr_par' dir='ltr' id='par_1_70' title="bbox 298 3632 1874 3708">
     <span class='ocr_line' id='line_1_70' title="bbox 298 3632 1874 3708; baseline -0.004 -16"><span class='ocrx_word' id='word_1_492' title='bbox 298 3639 384 3708; x_wconf 75' lang='grc' dir='ltr'>τῷ</span> <span class='ocrx_word' id='word_1_493' title='bbox 433 3637 554 3692; x_wconf 78' lang='grc' dir='ltr'>κατ’</span> <span class='ocrx_word' id='word_1_494' title='bbox 587 3636 829 3689; x_wconf 83' lang='grc' dir='ltr'>ἐπίνοιαν</span> <span class='ocrx_word' id='word_1_495' title='bbox 876 3633 1058 3703; x_wconf 85' lang='grc' dir='ltr'>λόγῳ;</span> <span class='ocrx_word' id='word_1_496' title='bbox 1114 3632 1394 3702; x_wconf 87' lang='grc' dir='ltr'>Τοσαύτης</span> <span class='ocrx_word' id='word_1_497' title='bbox 1438 3632 1614 3702; x_wconf 85' lang='grc' dir='ltr'>ὀσμῆς</span> <span class='ocrx_word' id='word_1_498' title='bbox 1667 3634 1733 3687; x_wconf 87' lang='grc' dir='ltr'><strong>ἐκ</strong></span> <span class='ocrx_word' id='word_1_499' title='bbox 1781 3633 1874 3689; x_wconf 81' lang='grc' dir='ltr'>τοῦ</span> 
     </span>
    </p>
   </div>
   <div class='ocr_carea' id='block_1_71' title="bbox 303 3721 1877 3799">
    <p class='ocr_par' dir='ltr' id='par_1_71' title="bbox 303 3721 1877 3799">
     <span class='ocr_line' id='line_1_71' title="bbox 303 3721 1877 3799; baseline -0.004 -18"><span class='ocrx_word' id='word_1_500' title='bbox 303 3729 574 3799; x_wconf 75' lang='grc' dir='ltr'>στόματος</span> <span class='ocrx_word' id='word_1_501' title='bbox 595 3724 760 3780; x_wconf 80' lang='grc' dir='ltr'>αὑτοῦ</span> <span class='ocrx_word' id='word_1_502' title='bbox 784 3727 895 3788; x_wconf 88' lang='grc' dir='ltr'>τοῖς</span> <span class='ocrx_word' id='word_1_503' title='bbox 920 3721 1257 3794; x_wconf 77' lang='grc' dir='ltr'>ἐπιχειροῦσί</span> <span class='ocrx_word' id='word_1_504' title='bbox 1288 3739 1341 3774; x_wconf 91' lang='grc' dir='ltr'>τι</span> <span class='ocrx_word' id='word_1_505' title='bbox 1364 3721 1544 3790; x_wconf 76' lang='grc' dir='ltr'>λέγειν</span> <span class='ocrx_word' id='word_1_506' title='bbox 1583 3724 1877 3793; x_wconf 79' lang='grc' dir='ltr'>προχεομέ-</span> 
     </span>
    </p>
   </div>
   <div class='ocr_carea' id='block_1_72' title="bbox 301 3811 1876 3890">
    <p class='ocr_par' dir='ltr' id='par_1_72' title="bbox 301 3811 1876 3890">
     <span class='ocr_line' id='line_1_72' title="bbox 301 3811 1876 3890; baseline -0.004 -18"><span class='ocrx_word' id='word_1_507' title='bbox 301 3836 438 3890; x_wconf 85' lang='grc' dir='ltr'>νη;;</span> <span class='ocrx_word' id='word_1_508' title='bbox 488 3815 615 3888; x_wconf 68' lang='grc' dir='ltr'><strong>Ἆρ’</strong></span> <span class='ocrx_word' id='word_1_509' title='bbox 658 3812 752 3870; x_wconf 72' lang='grc' dir='ltr'>οὖν</span> <span class='ocrx_word' id='word_1_510' title='bbox 808 3813 1072 3885; x_wconf 78' lang='grc' dir='ltr'>ἀφεκτέον</span> <span class='ocrx_word' id='word_1_511' title='bbox 1123 3813 1219 3867; x_wconf 79' lang='grc' dir='ltr'>καὶ</span> <span class='ocrx_word' id='word_1_512' title='bbox 1256 3814 1384 3882; x_wconf 77' lang='grc' dir='ltr'>ἡμῖν</span> <span class='ocrx_word' id='word_1_513' title='bbox 1433 3812 1522 3865; x_wconf 84' lang='grc' dir='ltr'>διὰ</span> <span class='ocrx_word' id='word_1_514' title='bbox 1572 3811 1728 3867; x_wconf 83' lang='grc' dir='ltr'>τοῦτο</span> <span class='ocrx_word' id='word_1_515' title='bbox 1763 3816 1876 3879; x_wconf 83' lang='grc' dir='ltr'>τοῖς</span> 
     </span>
    </p>
   </div>
   <div class='ocr_carea' id='block_1_73' title="bbox 301 3902 1876 3980">
    <p class='ocr_par' dir='ltr' id='par_1_73' title="bbox 301 3902 1876 3980">
     <span class='ocr_line' id='line_1_73' title="bbox 301 3902 1876 3980; baseline -0.006 -15"><span class='ocrx_word' id='word_1_516' title='bbox 301 3907 713 3980; x_wconf 80' lang='grc' dir='ltr'>ἐπιχειροῦσίτι</span> <span class='ocrx_word' id='word_1_517' title='bbox 732 3907 911 3974; x_wconf 79' lang='grc' dir='ltr'>λέγειν</span> <span class='ocrx_word' id='word_1_518' title='bbox 939 3905 1039 3975; x_wconf 83' lang='grc' dir='ltr'>τῆς</span> <span class='ocrx_word' id='word_1_519' title='bbox 1071 3903 1208 3975; x_wconf 83' lang='grc' dir='ltr'>πρὸς</span> <span class='ocrx_word' id='word_1_520' title='bbox 1242 3903 1403 3957; x_wconf 81' lang='grc' dir='ltr'>αὑτὸν</span> <span class='ocrx_word' id='word_1_521' title='bbox 1439 3902 1533 3956; x_wconf 74' lang='grc' dir='ltr'><strong>τοῦ</strong></span> <span class='ocrx_word' id='word_1_522' title='bbox 1566 3904 1725 3972; x_wconf 89' lang='grc' dir='ltr'>λόγου</span> <span class='ocrx_word' id='word_1_523' title='bbox 1748 3920 1876 3957; x_wconf 86' lang='grc' dir='ltr'>συν-</span> 
     </span>
    </p>
   </div>
   <div class='ocr_carea' id='block_1_74' title="bbox 302 3993 1875 4068">
    <p class='ocr_par' dir='ltr' id='par_1_74' title="bbox 302 3993 1875 4068">
     <span class='ocr_line' id='line_1_74' title="bbox 302 3993 1875 4068; baseline -0.004 -12"><span class='ocrx_word' id='word_1_524' title='bbox 302 4002 606 4067; x_wconf 72' lang='grc' dir='ltr'>ἐξετάσεως</span> <span class='ocrx_word' id='word_1_525' title='bbox 623 4040 641 4064; x_wconf 95' lang='lat'><strong>,</strong></span> <span class='ocrx_word' id='word_1_526' title='bbox 663 3999 739 4062; x_wconf 80' lang='grc' dir='ltr'>ὡς</span> <span class='ocrx_word' id='word_1_527' title='bbox 770 3998 837 4051; x_wconf 82' lang='grc' dir='ltr'>ἂν</span> <span class='ocrx_word' id='word_1_528' title='bbox 873 3996 948 4068; x_wconf 86' lang='grc' dir='ltr'>μὴ</span> <span class='ocrx_word' id='word_1_529' title='bbox 973 3996 1094 4050; x_wconf 77' lang='grc' dir='ltr'>καθ’</span> <span class='ocrx_word' id='word_1_530' title='bbox 1124 3994 1279 4065; x_wconf 81' lang='grc' dir='ltr'>ἡμῶν</span> <span class='ocrx_word' id='word_1_531' title='bbox 1310 3993 1407 4064; x_wconf 78' lang='grc' dir='ltr'><strong>τὴν</strong></span> <span class='ocrx_word' id='word_1_532' title='bbox 1431 3994 1651 4065; x_wconf 82' lang='grc' dir='ltr'>ἀμάραν</span> <span class='ocrx_word' id='word_1_533' title='bbox 1673 3994 1875 4065; x_wconf 86' lang='grc' dir='ltr'>ταύτην</span> 
     </span>
    </p>
   </div>
   <div class='ocr_carea' id='block_1_75' title="bbox 300 4083 1875 4163">
    <p class='ocr_par' dir='ltr' id='par_1_75' title="bbox 300 4083 1875 4163">
     <span class='ocr_line' id='line_1_75' title="bbox 300 4083 1875 4163; baseline -0.006 -17"><span class='ocrx_word' id='word_1_534' title='bbox 300 4095 404 4163; x_wconf 74' lang='grc' dir='ltr'>τῆς</span> <span class='ocrx_word' id='word_1_535' title='bbox 428 4089 694 4162; x_wconf 85' lang='grc' dir='ltr'>λοιδορίας</span> <span class='ocrx_word' id='word_1_536' title='bbox 724 4088 1138 4158; x_wconf 77' lang='grc' dir='ltr'>ὑποκινήσειεν,</span> <span class='ocrx_word' id='word_1_537' title='bbox 1175 4083 1208 4155; x_wconf 78' lang='grc' dir='ltr'><strong>ἢ</strong></span> <span class='ocrx_word' id='word_1_538' title='bbox 1262 4083 1611 4155; x_wconf 77' lang='grc' dir='ltr'>μικροψύχων</span> <span class='ocrx_word' id='word_1_539' title='bbox 1653 4084 1768 4137; x_wconf 76' lang='grc' dir='ltr'>ἐστὶ</span> <span class='ocrx_word' id='word_1_540' title='bbox 1815 4084 1875 4137; x_wconf 85' lang='grc' dir='ltr'>τὸ</span> 
     </span>
    </p>
   </div>
   <div class='ocr_carea' id='block_1_76' title="bbox 302 4174 1873 4255">
    <p class='ocr_par' dir='ltr' id='par_1_76' title="bbox 302 4174 1873 4255">
     <span class='ocr_line' id='line_1_76' title="bbox 302 4174 1873 4255; baseline -0.001 -23"><span class='ocrx_word' id='word_1_541' title='bbox 302 4185 442 4255; x_wconf 74' lang='grc' dir='ltr'>πρὸς</span> <span class='ocrx_word' id='word_1_542' title='bbox 477 4183 577 4246; x_wconf 75' lang='grc' dir='ltr'>τὰς</span> <span class='ocrx_word' id='word_1_543' title='bbox 608 4178 894 4251; x_wconf 78' lang='grc' dir='ltr'>νηπιώδεις</span> <span class='ocrx_word' id='word_1_544' title='bbox 928 4174 1351 4248; x_wconf 81' lang='grc' dir='ltr'>παραφροσύνας</span> <span class='ocrx_word' id='word_1_545' title='bbox 1373 4174 1873 4246; x_wconf 86' lang='grc' dir='ltr'>ἀντιτραχύνεσθαι.</span> 
     </span>
    </p>
   </div>
   <div class='ocr_carea' id='block_1_77' title="bbox 301 4266 1876 4344">
    <p class='ocr_par' dir='ltr' id='par_1_77' title="bbox 301 4266 1876 4344">
     <span class='ocr_line' id='line_1_77' title="bbox 301 4266 1876 4344; baseline -0.007 -13"><span class='ocrx_word' id='word_1_546' title='bbox 301 4276 515 4331; x_wconf 76' lang='grc' dir='ltr'>Οὐκοῦν</span> <span class='ocrx_word' id='word_1_547' title='bbox 548 4271 925 4344; x_wconf 76' lang='grc' dir='ltr'>συγχωρητέον</span> <span class='ocrx_word' id='word_1_548' title='bbox 949 4269 1027 4340; x_wconf 83' lang='grc' dir='ltr'>τῷ</span> <span class='ocrx_word' id='word_1_549' title='bbox 1058 4269 1283 4339; x_wconf 71' lang='grc' dir='ltr'>ὑδριστῇ</span> <span class='ocrx_word' id='word_1_550' title='bbox 1316 4266 1790 4339; x_wconf 81' lang='grc' dir='ltr'>κεχρῆσθαι“πρὸς</span> <span class='ocrx_word' id='word_1_551' title='bbox 1816 4267 1876 4321; x_wconf 85' lang='grc' dir='ltr'>τὸ</span> 
     </span>
    </p>
   </div>
   <div class='ocr_carea' id='block_1_78' title="bbox 298 4356 1872 4437">
    <p class='ocr_par' dir='ltr' id='par_1_78' title="bbox 298 4356 1872 4437">
     <span class='ocr_line' id='line_1_78' title="bbox 298 4356 1872 4437; baseline -0.008 -14"><span class='ocrx_word' id='word_1_552' title='bbox 298 4366 492 4422; x_wconf 77' lang='grc' dir='ltr'>δοκοῦν</span> <span class='ocrx_word' id='word_1_553' title='bbox 536 4365 615 4437; x_wconf 80' lang='grc' dir='ltr'>τῷ</span> <span class='ocrx_word' id='word_1_554' title='bbox 664 4363 871 4433; x_wconf 85' lang='grc' dir='ltr'>τρόπῳ.</span> <span class='ocrx_word' id='word_1_555' title='bbox 924 4356 1360 4430; x_wconf 81' lang='grc' dir='ltr'>Ἐπαναληπτέον</span> <span class='ocrx_word' id='word_1_556' title='bbox 1412 4357 1469 4411; x_wconf 86' lang='grc' dir='ltr'>δὲ</span> <span class='ocrx_word' id='word_1_557' title='bbox 1524 4358 1613 4412; x_wconf 83' lang='grc' dir='ltr'>τὸν</span> <span class='ocrx_word' id='word_1_558' title='bbox 1665 4358 1872 4413; x_wconf 86' lang='grc' dir='ltr'>ἐκείνου</span> 
     </span>
    </p>
   </div>
   <div class='ocr_carea' id='block_1_79' title="bbox 1977 3165 3547 3232">
    <p class='ocr_par' dir='ltr' id='par_1_79' title="bbox 1977 3165 3547 3232">
     <span class='ocr_line' id='line_1_79' title="bbox 1977 3165 3547 3232; baseline -0.01 -3"><span class='ocrx_word' id='word_1_559' title='bbox 1977 3176 2044 3229; x_wconf 87' lang='lat' dir='ltr'><strong>ad</strong></span> <span class='ocrx_word' id='word_1_560' title='bbox 2068 3177 2181 3229; x_wconf 77' lang='lat' dir='ltr'><strong>haec</strong></span> <span class='ocrx_word' id='word_1_561' title='bbox 2194 3189 2327 3229; x_wconf 92' lang='lat' dir='ltr'><strong>voce</strong></span> <span class='ocrx_word' id='word_1_562' title='bbox 2357 3172 2582 3229; x_wconf 82' lang='lat' dir='ltr'><strong>fetidum</strong></span> <span class='ocrx_word' id='word_1_563' title='bbox 2605 3179 2794 3226; x_wconf 88' lang='lat' dir='ltr'><strong>contra</strong></span> <span class='ocrx_word' id='word_1_564' title='bbox 2816 3184 2913 3224; x_wconf 90' lang='lat' dir='ltr'><strong>nos</strong></span> <span class='ocrx_word' id='word_1_565' title='bbox 2940 3165 3237 3223; x_wconf 87' lang='lat' dir='ltr'><strong>convitium</strong></span> <span class='ocrx_word' id='word_1_566' title='bbox 3254 3176 3547 3232; x_wconf 79' lang='lat' dir='ltr'><strong>exspuens.</strong></span> 
     </span>
    </p>
   </div>
   <div class='ocr_carea' id='block_1_80' title="bbox 1974 3253 3550 3333">
    <p class='ocr_par' dir='ltr' id='par_1_80' title="bbox 1974 3253 3550 3333">
     <span class='ocr_line' id='line_1_80' title="bbox 1974 3253 3550 3333; baseline -0.009 -13"><span class='ocrx_word' id='word_1_567' title='bbox 1974 3263 2146 3329; x_wconf 84' lang='lat' dir='ltr'><strong>Nam,</strong></span> <span class='ocrx_word' id='word_1_568' title='bbox 2204 3264 2408 3333; x_wconf 89' lang='lat' dir='ltr'><strong>inquit,</strong></span> <span class='ocrx_word' id='word_1_569' title='bbox 2474 3261 2882 3333; x_wconf 82' lang='lat' dir='ltr'><strong>bomonymiam</strong></span> <span class='ocrx_word' id='word_1_570' title='bbox 2945 3275 3013 3315; x_wconf 78' lang='lat' dir='ltr'><strong>ex</strong></span> <span class='ocrx_word' id='word_1_571' title='bbox 3072 3258 3255 3328; x_wconf 89' lang='lat' dir='ltr'><strong>aliqua</strong></span> <span class='ocrx_word' id='word_1_572' title='bbox 3303 3253 3550 3324; x_wconf 81' lang='lat' dir='ltr'><strong>analogia</strong></span> 
     </span>
    </p>
   </div>
   <div class='ocr_carea' id='block_1_81' title="bbox 1976 3344 3549 3427">
    <p class='ocr_par' dir='ltr' id='par_1_81' title="bbox 1976 3344 3549 3427">
     <span class='ocr_line' id='line_1_81' title="bbox 1976 3344 3549 3427; baseline -0.01 -14"><span class='ocrx_word' id='word_1_573' title='bbox 1976 3357 2315 3427; x_wconf 78' lang='lat' dir='ltr'><strong>desumptam</strong></span> <span class='ocrx_word' id='word_1_574' title='bbox 2369 3356 2425 3409; x_wconf 90' lang='lat' dir='ltr'><strong>in</strong></span> <span class='ocrx_word' id='word_1_575' title='bbox 2473 3354 2712 3410; x_wconf 90' lang='lat' dir='ltr'><strong>medium</strong></span> <span class='ocrx_word' id='word_1_576' title='bbox 2762 3352 3009 3422; x_wconf 83' lang='lat' dir='ltr'><strong>proferre</strong></span> <span class='ocrx_word' id='word_1_577' title='bbox 3057 3350 3123 3405; x_wconf 87' lang='lat' dir='ltr'><strong>ad</strong></span> <span class='ocrx_word' id='word_1_578' title='bbox 3170 3344 3549 3405; x_wconf 86' lang='lat' dir='ltr'><strong>stabiliendam</strong></span> 
     </span>
    </p>
   </div>
   <div class='ocr_carea' id='block_1_82' title="bbox 1976 3439 3548 3509">
    <p class='ocr_par' dir='ltr' id='par_1_82' title="bbox 1976 3439 3548 3509">
     <span class='ocr_line' id='line_1_82' title="bbox 1976 3439 3548 3509; baseline -0.01 -6"><span class='ocrx_word' id='word_1_579' title='bbox 1976 3449 2269 3504; x_wconf 84' lang='lat' dir='ltr'><strong>humanam</strong></span> <span class='ocrx_word' id='word_1_580' title='bbox 2300 3447 2444 3502; x_wconf 88' lang='lat' dir='ltr'><strong>lianc</strong></span> <span class='ocrx_word' id='word_1_581' title='bbox 2486 3444 3024 3509; x_wconf 82' lang='lat' dir='ltr'><strong>commentationem,</strong></span> <span class='ocrx_word' id='word_1_582' title='bbox 3069 3439 3237 3493; x_wconf 90' lang='lat' dir='ltr'><strong>animi</strong></span> <span class='ocrx_word' id='word_1_583' title='bbox 3280 3450 3418 3506; x_wconf 90' lang='lat' dir='ltr'><strong>opus</strong></span> <span class='ocrx_word' id='word_1_584' title='bbox 3444 3440 3548 3494; x_wconf 89' lang='lat' dir='ltr'><strong>est,</strong></span> 
     </span>
    </p>
   </div>
   <div class='ocr_carea' id='block_1_83' title="bbox 1976 3526 3552 3610">
    <p class='ocr_par' dir='ltr' id='par_1_83' title="bbox 1976 3526 3552 3610">
     <span class='ocr_line' id='line_1_83' title="bbox 1976 3526 3552 3610; baseline -0.011 -14"><span class='ocrx_word' id='word_1_585' title='bbox 1976 3552 2156 3597; x_wconf 86' lang='lat' dir='ltr'><strong>mente</strong></span> <span class='ocrx_word' id='word_1_586' title='bbox 2191 3538 2413 3610; x_wconf 87' lang='lat' dir='ltr'><strong>quidem</strong></span> <span class='ocrx_word' id='word_1_587' title='bbox 2470 3538 2651 3593; x_wconf 86' lang='lat' dir='ltr'><strong>valida</strong></span> <span class='ocrx_word' id='word_1_588' title='bbox 2698 3540 2755 3591; x_wconf 90' lang='lat' dir='ltr'><strong>in</strong></span> <span class='ocrx_word' id='word_1_589' title='bbox 2780 3535 2991 3606; x_wconf 92' lang='lat' dir='ltr'><strong>judicio</strong></span> <span class='ocrx_word' id='word_1_590' title='bbox 3047 3529 3294 3601; x_wconf 77' lang='lat' dir='ltr'><strong>spoliati,</strong></span> <span class='ocrx_word' id='word_1_591' title='bbox 3337 3526 3552 3582; x_wconf 74' lang='lat' dir='ltr'><strong>infirma</strong></span> 
     </span>
    </p>
   </div>
   <div class='ocr_carea' id='block_1_84' title="bbox 1974 3622 3554 3700">
    <p class='ocr_par' dir='ltr' id='par_1_84' title="bbox 1974 3622 3554 3700">
     <span class='ocr_line' id='line_1_84' title="bbox 1974 3622 3554 3700; baseline -0.01 -12"><span class='ocrx_word' id='word_1_592' title='bbox 1974 3646 2104 3688; x_wconf 76' lang='lat' dir='ltr'><strong>vero</strong></span> <span class='ocrx_word' id='word_1_593' title='bbox 2157 3629 2518 3700; x_wconf 87' lang='lat' dir='ltr'><strong>intelligentia</strong></span> <span class='ocrx_word' id='word_1_594' title='bbox 2563 3637 2618 3684; x_wconf 90' lang='lat' dir='ltr'><strong>et</strong></span> <span class='ocrx_word' id='word_1_595' title='bbox 2663 3626 3002 3697; x_wconf 84' lang='lat' dir='ltr'><strong>deprehensa</strong></span> <span class='ocrx_word' id='word_1_596' title='bbox 3051 3622 3283 3693; x_wconf 84' lang='lat' dir='ltr'><strong>quadam</strong></span> <span class='ocrx_word' id='word_1_597' title='bbox 3322 3634 3554 3675; x_wconf 86' lang='lat' dir='ltr'><strong>consue-</strong></span> 
     </span>
    </p>
   </div>
   <div class='ocr_carea' id='block_1_85' title="bbox 1976 3711 3548 3786">
    <p class='ocr_par' dir='ltr' id='par_1_85' title="bbox 1976 3711 3548 3786">
     <span class='ocr_line' id='line_1_85' title="bbox 1976 3711 3548 3786; baseline -0.009 -11"><span class='ocrx_word' id='word_1_598' title='bbox 1976 3720 2170 3776; x_wconf 89' lang='lat' dir='ltr'><strong>tudine</strong></span> <span class='ocrx_word' id='word_1_599' title='bbox 2204 3719 2420 3776; x_wconf 89' lang='lat' dir='ltr'><strong>Domini</strong></span> <span class='ocrx_word' id='word_1_600' title='bbox 2459 3732 2742 3774; x_wconf 85' lang='lat' dir='ltr'><strong>sermones</strong></span> <span class='ocrx_word' id='word_1_601' title='bbox 2795 3716 3155 3786; x_wconf 81' lang='lat' dir='ltr'><strong>explorantis.</strong></span> <span class='ocrx_word' id='word_1_602' title='bbox 3184 3711 3369 3781; x_wconf 61' lang='lat' dir='ltr'><strong>Papae!</strong></span> <span class='ocrx_word' id='word_1_603' title='bbox 3405 3724 3548 3780; x_wconf 61' lang='lat' dir='ltr'><strong>qua»</strong></span> 
     </span>
    </p>
   </div>
   <div class='ocr_carea' id='block_1_86' title="bbox 1976 3799 3552 3866">
    <p class='ocr_par' dir='ltr' id='par_1_86' title="bbox 1976 3799 3552 3866">
     <span class='ocr_line' id='line_1_86' title="bbox 1976 3799 3552 3866; baseline -0.01 0"><span class='ocrx_word' id='word_1_604' title='bbox 1976 3827 2101 3866; x_wconf 90' lang='lat' dir='ltr'><strong>nam</strong></span> <span class='ocrx_word' id='word_1_605' title='bbox 2137 3811 2253 3866; x_wconf 68' lang='lat' dir='ltr'><strong>limo</strong></span> <span class='ocrx_word' id='word_1_606' title='bbox 2308 3808 2596 3864; x_wconf 88' lang='lat' dir='ltr'><strong>dialectica</strong></span> <span class='ocrx_word' id='word_1_607' title='bbox 2648 3805 3085 3863; x_wconf 87' lang='lat' dir='ltr'><strong>demonstratio?</strong></span> <span class='ocrx_word' id='word_1_608' title='bbox 3125 3803 3332 3857; x_wconf 89' lang='lat' dir='ltr'><strong>siccine</strong></span> <span class='ocrx_word' id='word_1_609' title='bbox 3380 3799 3552 3853; x_wconf 83' lang='lat' dir='ltr'><strong>artiﬁ-</strong></span> 
     </span>
    </p>
   </div>
   <div class='ocr_carea' id='block_1_87' title="bbox 1975 3891 3548 3969">
    <p class='ocr_par' dir='ltr' id='par_1_87' title="bbox 1975 3891 3548 3969">
     <span class='ocr_line' id='line_1_87' title="bbox 1975 3891 3548 3969; baseline -0.008 -12"><span class='ocrx_word' id='word_1_610' title='bbox 1975 3903 2124 3959; x_wconf 75' lang='lat' dir='ltr'><strong>ciose</strong></span> <span class='ocrx_word' id='word_1_611' title='bbox 2168 3902 2219 3957; x_wconf 90' lang='lat' dir='ltr'><strong>ei</strong></span> <span class='ocrx_word' id='word_1_612' title='bbox 2264 3902 2404 3956; x_wconf 87' lang='lat' dir='ltr'><strong>ratio</strong></span> <span class='ocrx_word' id='word_1_613' title='bbox 2455 3899 2525 3954; x_wconf 89' lang='lat' dir='ltr'><strong>ad</strong></span> <span class='ocrx_word' id='word_1_614' title='bbox 2565 3913 2793 3969; x_wconf 87' lang='lat' dir='ltr'><strong>scopum</strong></span> <span class='ocrx_word' id='word_1_615' title='bbox 2846 3893 3236 3953; x_wconf 85' lang='lat' dir='ltr'><strong>concluditur?</strong></span> <span class='ocrx_word' id='word_1_616' title='bbox 3284 3891 3548 3959; x_wconf 82' lang='lat' dir='ltr'><strong>Quisnam</strong></span> 
     </span>
    </p>
   </div>
   <div class='ocr_carea' id='block_1_88' title="bbox 1974 3984 3550 4064">
    <p class='ocr_par' dir='ltr' id='par_1_88' title="bbox 1974 3984 3550 4064">
     <span class='ocr_line' id='line_1_88' title="bbox 1974 3984 3550 4064; baseline -0.008 -16"><span class='ocrx_word' id='word_1_617' title='bbox 1974 3993 2209 4064; x_wconf 87' lang='lat' dir='ltr'><strong>amplius</strong></span> <span class='ocrx_word' id='word_1_618' title='bbox 2235 3993 2466 4064; x_wconf 86' lang='lat' dir='ltr'><strong>probare</strong></span> <span class='ocrx_word' id='word_1_619' title='bbox 2503 3991 2737 4047; x_wconf 85' lang='lat' dir='ltr'><strong>voluerit</strong></span> <span class='ocrx_word' id='word_1_620' title='bbox 2781 4003 3090 4046; x_wconf 86' lang='lat' dir='ltr'><strong>sermonem</strong></span> <span class='ocrx_word' id='word_1_621' title='bbox 3130 3984 3550 4042; x_wconf 83' lang='lat' dir='ltr'><strong>commentatio-</strong></span> 
     </span>
    </p>
   </div>
   <div class='ocr_carea' id='block_1_89' title="bbox 1973 4074 3551 4157">
    <p class='ocr_par' dir='ltr' id='par_1_89' title="bbox 1973 4074 3551 4157">
     <span class='ocr_line' id='line_1_89' title="bbox 1973 4074 3551 4157; baseline -0.01 -16"><span class='ocrx_word' id='word_1_622' title='bbox 1973 4090 2081 4151; x_wconf 85' lang='lat' dir='ltr'><strong>nis,</strong></span> <span class='ocrx_word' id='word_1_623' title='bbox 2109 4092 2220 4140; x_wconf 89' lang='lat' dir='ltr'><strong>tam</strong></span> <span class='ocrx_word' id='word_1_624' title='bbox 2250 4085 2401 4157; x_wconf 85' lang='lat' dir='ltr'><strong>gravi</strong></span> <span class='ocrx_word' id='word_1_625' title='bbox 2442 4084 2612 4139; x_wconf 89' lang='lat' dir='ltr'><strong>odore</strong></span> <span class='ocrx_word' id='word_1_626' title='bbox 2657 4097 2724 4137; x_wconf 75' lang='lat' dir='ltr'><strong>ex</strong></span> <span class='ocrx_word' id='word_1_627' title='bbox 2772 4096 2868 4137; x_wconf 90' lang='lat' dir='ltr'><strong>ore</strong></span> <span class='ocrx_word' id='word_1_628' title='bbox 2917 4079 3040 4147; x_wconf 84' lang='lat' dir='ltr'><strong>ejus</strong></span> <span class='ocrx_word' id='word_1_629' title='bbox 3084 4078 3141 4132; x_wconf 90' lang='lat' dir='ltr'><strong>in</strong></span> <span class='ocrx_word' id='word_1_630' title='bbox 3174 4091 3270 4132; x_wconf 85' lang='lat' dir='ltr'><strong>eos</strong></span> <span class='ocrx_word' id='word_1_631' title='bbox 3318 4074 3412 4145; x_wconf 91' lang='lat' dir='ltr'><strong>qui</strong></span> <span class='ocrx_word' id='word_1_632' title='bbox 3450 4074 3551 4126; x_wconf 88' lang='lat' dir='ltr'><strong>ali-</strong></span> 
     </span>
    </p>
   </div>
   <div class='ocr_carea' id='block_1_90' title="bbox 1974 4166 3548 4247">
    <p class='ocr_par' dir='ltr' id='par_1_90' title="bbox 1974 4166 3548 4247">
     <span class='ocr_line' id='line_1_90' title="bbox 1974 4166 3548 4247; baseline -0.008 -16"><span class='ocrx_word' id='word_1_633' title='bbox 1974 4178 2107 4246; x_wconf 88' lang='lat' dir='ltr'><strong>quid</strong></span> <span class='ocrx_word' id='word_1_634' title='bbox 2135 4175 2318 4233; x_wconf 85' lang='lat' dir='ltr'><strong>dicere</strong></span> <span class='ocrx_word' id='word_1_635' title='bbox 2374 4174 2787 4247; x_wconf 83' lang='lat' dir='ltr'><strong>aggrediuntur,</strong></span> <span class='ocrx_word' id='word_1_636' title='bbox 2837 4169 3181 4242; x_wconf 78' lang='lat' dir='ltr'><strong>proﬂuente?</strong></span> <span class='ocrx_word' id='word_1_637' title='bbox 3215 4166 3357 4234; x_wconf 86' lang='lat' dir='ltr'><strong>Quin</strong></span> <span class='ocrx_word' id='word_1_638' title='bbox 3384 4166 3548 4222; x_wconf 87' lang='lat' dir='ltr'><strong>etiam</strong></span> 
     </span>
    </p>
   </div>
   <div class='ocr_carea' id='block_1_91' title="bbox 1974 4257 3554 4342">
    <p class='ocr_par' dir='ltr' id='par_1_91' title="bbox 1974 4257 3554 4342">
     <span class='ocr_line' id='line_1_91' title="bbox 1974 4257 3554 4342; baseline -0.011 -14"><span class='ocrx_word' id='word_1_639' title='bbox 1974 4275 2137 4328; x_wconf 86' lang='lat' dir='ltr'><strong>nobis</strong></span> <span class='ocrx_word' id='word_1_640' title='bbox 2179 4276 2466 4342; x_wconf 89' lang='lat' dir='ltr'><strong>propterea</strong></span> <span class='ocrx_word' id='word_1_641' title='bbox 2489 4266 2693 4337; x_wconf 89' lang='lat' dir='ltr'><strong>aliquid</strong></span> <span class='ocrx_word' id='word_1_642' title='bbox 2730 4264 2911 4321; x_wconf 87' lang='lat' dir='ltr'><strong>dicere</strong></span> <span class='ocrx_word' id='word_1_643' title='bbox 2961 4260 3427 4335; x_wconf 86' lang='lat' dir='ltr'><strong>aggredientibus,</strong></span> <span class='ocrx_word' id='word_1_644' title='bbox 3460 4257 3554 4312; x_wconf 86' lang='lat' dir='ltr'><strong>ab-</strong></span> 
     </span>
    </p>
   </div>
   <div class='ocr_carea' id='block_1_92' title="bbox 1975 4347 3551 4419">
    <p class='ocr_par' dir='ltr' id='par_1_92' title="bbox 1975 4347 3551 4419">
     <span class='ocr_line' id='line_1_92' title="bbox 1975 4347 3551 4419; baseline -0.009 -2"><span class='ocrx_word' id='word_1_645' title='bbox 1975 4362 2289 4418; x_wconf 88' lang='lat' dir='ltr'><strong>stinendum</strong></span> <span class='ocrx_word' id='word_1_646' title='bbox 2325 4368 2409 4416; x_wconf 86' lang='lat' dir='ltr'><strong>est</strong></span> <span class='ocrx_word' id='word_1_647' title='bbox 2459 4358 2527 4413; x_wconf 86' lang='lat' dir='ltr'><strong>ab</strong></span> <span class='ocrx_word' id='word_1_648' title='bbox 2557 4355 2922 4412; x_wconf 77' lang='lat' dir='ltr'><strong>examinando</strong></span> <span class='ocrx_word' id='word_1_649' title='bbox 2964 4364 3019 4410; x_wconf 87' lang='lat' dir='ltr'><strong>et</strong></span> <span class='ocrx_word' id='word_1_650' title='bbox 3043 4350 3390 4409; x_wconf 84' lang='lat' dir='ltr'><strong>discutiendo</strong></span> <span class='ocrx_word' id='word_1_651' title='bbox 3430 4347 3551 4419; x_wconf 78' lang='lat' dir='ltr'><strong>ejus</strong></span> 
     </span>
    </p>
   </div>
   <div class='ocr_carea' id='block_1_93' title="bbox 298 4436 1879 4526">
    <p class='ocr_par' dir='ltr' id='par_1_93' title="bbox 298 4436 1870 4526">
     <span class='ocr_line' id='line_1_93' title="bbox 298 4436 1870 4526; baseline -0.004 -14"><span class='ocrx_word' id='word_1_652' title='bbox 298 4459 461 4526; x_wconf 74' lang='grc' dir='ltr'>λόγον</span> <span class='ocrx_word' id='word_1_653' title='bbox 484 4497 499 4522; x_wconf 89' lang='grc'><em>,</em></span> <span class='ocrx_word' id='word_1_654' title='bbox 639 4455 704 4509; x_wconf 81' lang='grc' dir='ltr'>ἂν</span> <span class='ocrx_word' id='word_1_655' title='bbox 747 4452 1001 4507; x_wconf 77' lang='grc' dir='ltr'>κάκεῖθεν</span> <span class='ocrx_word' id='word_1_656' title='bbox 1032 4450 1241 4519; x_wconf 84' lang='grc' dir='ltr'>γένοιτο</span> <span class='ocrx_word' id='word_1_657' title='bbox 1268 4448 1551 4521; x_wconf 86' lang='grc' dir='ltr'>συμμαχία</span> <span class='ocrx_word' id='word_1_658' title='bbox 1596 4451 1731 4522; x_wconf 82' lang='grc' dir='ltr'>πρὸς</span> <span class='ocrx_word' id='word_1_659' title='bbox 1770 4452 1870 4524; x_wconf 79' lang='grc' dir='ltr'>τὴν</span> 
     </span>
    </p>
   </div>
   <div class='ocr_carea' id='block_1_94' title="bbox 1979 4436 3552 4526">
    <p class='ocr_par' dir='ltr' id='par_1_94' title="bbox 1979 4442 3552 4516">
     <span class='ocr_line' id='line_1_94' title="bbox 1979 4442 3552 4516; baseline -0.011 -6"><span class='ocrx_word' id='word_1_660' title='bbox 1979 4468 2247 4516; x_wconf 83' lang='lat' dir='ltr'><strong>sermone,</strong></span> <span class='ocrx_word' id='word_1_661' title='bbox 2285 4466 2354 4507; x_wconf 87' lang='lat' dir='ltr'><strong>ne</strong></span> <span class='ocrx_word' id='word_1_662' title='bbox 2400 4458 2595 4506; x_wconf 88' lang='lat' dir='ltr'><strong>contra</strong></span> <span class='ocrx_word' id='word_1_663' title='bbox 2640 4462 2742 4503; x_wconf 88' lang='lat' dir='ltr'><strong>nos</strong></span> <span class='ocrx_word' id='word_1_664' title='bbox 2771 4448 3013 4503; x_wconf 87' lang='lat' dir='ltr'><strong>cloacam</strong></span> <span class='ocrx_word' id='word_1_665' title='bbox 3055 4442 3280 4500; x_wconf 85' lang='lat' dir='ltr'><strong>convitii</strong></span> <span class='ocrx_word' id='word_1_666' title='bbox 3314 4455 3552 4495; x_wconf 89' lang='lat' dir='ltr'><strong>commo-</strong></span> 
     </span>
    </p>
   </div>
   <div class='ocr_carea' id='block_1_95' title="bbox 298 4550 582 4620">
    <p class='ocr_par' dir='ltr' id='par_1_95' title="bbox 298 4550 582 4620">
     <span class='ocr_line' id='line_1_95' title="bbox 298 4550 582 4620; baseline -0.014 -14"><span class='ocrx_word' id='word_1_667' title='bbox 298 4550 582 4620; x_wconf 70' lang='grc' dir='ltr'>ἀλήθειαν.</span> 
     </span>
    </p>
   </div>
   <div class='ocr_carea' id='block_1_96' title="bbox 1983 4531 3550 4612">
    <p class='ocr_par' dir='ltr' id='par_1_96' title="bbox 1983 4531 3550 4612">
     <span class='ocr_line' id='line_1_96' title="bbox 1983 4531 3550 4612; baseline -0.01 -13"><span class='ocrx_word' id='word_1_668' title='bbox 1983 4553 2121 4612; x_wconf 82' lang='lat' dir='ltr'><strong>veat,</strong></span> <span class='ocrx_word' id='word_1_669' title='bbox 2153 4545 2237 4600; x_wconf 85' lang='lat' dir='ltr'><strong>vel</strong></span> <span class='ocrx_word' id='word_1_670' title='bbox 2264 4558 2335 4599; x_wconf 85' lang='lat' dir='ltr'><strong>ne</strong></span> <span class='ocrx_word' id='word_1_671' title='bbox 2364 4542 2551 4612; x_wconf 82' lang='lat' dir='ltr'><strong>pusilli</strong></span> <span class='ocrx_word' id='word_1_672' title='bbox 2578 4540 2744 4596; x_wconf 89' lang='lat' dir='ltr'><strong>animi</strong></span> <span class='ocrx_word' id='word_1_673' title='bbox 2791 4555 2915 4596; x_wconf 85' lang='lat' dir='ltr'><strong>esse</strong></span> <span class='ocrx_word' id='word_1_674' title='bbox 2948 4538 3195 4595; x_wconf 86' lang='lat' dir='ltr'><strong>videatur</strong></span> <span class='ocrx_word' id='word_1_675' title='bbox 3227 4536 3294 4590; x_wconf 85' lang='lat' dir='ltr'><strong>ad</strong></span> <span class='ocrx_word' id='word_1_676' title='bbox 3320 4531 3550 4606; x_wconf 88' lang='lat' dir='ltr'><strong>puerilia</strong></span> 
     </span>
    </p>
   </div>
   <div class='ocr_carea' id='block_1_97' title="bbox 297 4625 3551 4704">
    <p class='ocr_par' dir='ltr' id='par_1_97' title="bbox 297 4625 3551 4704">
     <span class='ocr_line' id='line_1_97' title="bbox 297 4625 3551 4704; baseline -0.006 -10"><span class='ocrx_word' id='word_1_677' title='bbox 297 4639 496 4695; x_wconf 80' lang='lat' dir='ltr'><strong>deliria</strong></span> <span class='ocrx_word' id='word_1_678' title='bbox 526 4645 720 4697; x_wconf 85' lang='lat' dir='ltr'><strong>contra</strong></span> <span class='ocrx_word' id='word_1_679' title='bbox 763 4633 1099 4704; x_wconf 76' lang='lat' dir='ltr'><strong>exasperari.</strong></span> <span class='ocrx_word' id='word_1_680' title='bbox 1170 4628 1314 4702; x_wconf 80' lang='lat' dir='ltr'><strong>Ergo</strong></span> <span class='ocrx_word' id='word_1_681' title='bbox 1381 4632 1782 4691; x_wconf 79' lang='lat' dir='ltr'><strong>contumelioso</strong></span> <span class='ocrx_word' id='word_1_682' title='bbox 1841 4635 2191 4691; x_wconf 86' lang='lat' dir='ltr'><strong>convitiatori</strong></span> <span class='ocrx_word' id='word_1_683' title='bbox 2245 4631 2655 4689; x_wconf 84' lang='lat' dir='ltr'><strong>concedendum</strong></span> <span class='ocrx_word' id='word_1_684' title='bbox 2707 4638 2832 4697; x_wconf 89' lang='lat' dir='ltr'><strong>est,</strong></span> <span class='ocrx_word' id='word_1_685' title='bbox 2878 4646 2979 4701; x_wconf 90' lang='lat' dir='ltr'><strong>pro</strong></span> <span class='ocrx_word' id='word_1_686' title='bbox 3046 4628 3268 4686; x_wconf 88' lang='lat' dir='ltr'><strong>libidine</strong></span> <span class='ocrx_word' id='word_1_687' title='bbox 3322 4625 3399 4680; x_wconf 91' lang='lat' dir='ltr'><strong>uti</strong></span> <span class='ocrx_word' id='word_1_688' title='bbox 3452 4638 3551 4679; x_wconf 82' lang='lat' dir='ltr'><strong>suo</strong></span> 
     </span>
    </p>
   </div>
   <div class='ocr_carea' id='block_1_98' title="bbox 300 4723 3070 4792">
    <p class='ocr_par' dir='ltr' id='par_1_98' title="bbox 300 4723 3070 4792">
     <span class='ocr_line' id='line_1_98' title="bbox 300 4723 3070 4792; baseline -0.003 -8"><span class='ocrx_word' id='word_1_689' title='bbox 300 4726 488 4784; x_wconf 79' lang='lat' dir='ltr'><strong>modo.</strong></span> <span class='ocrx_word' id='word_1_690' title='bbox 519 4725 906 4781; x_wconf 73' lang='lat' dir='ltr'><strong>Resumendus</strong></span> <span class='ocrx_word' id='word_1_691' title='bbox 969 4731 1054 4780; x_wconf 84' lang='lat' dir='ltr'><strong>est</strong></span> <span class='ocrx_word' id='word_1_692' title='bbox 1107 4730 1289 4779; x_wconf 86' lang='lat' dir='ltr'><strong>autem</strong></span> <span class='ocrx_word' id='word_1_693' title='bbox 1342 4723 1492 4780; x_wconf 87' lang='lat' dir='ltr'><strong>illius</strong></span> <span class='ocrx_word' id='word_1_694' title='bbox 1560 4740 1777 4792; x_wconf 80' lang='lat' dir='ltr'><strong>sermo,</strong></span> <span class='ocrx_word' id='word_1_695' title='bbox 1830 4730 2074 4785; x_wconf 86' lang='lat' dir='ltr'><strong>utetiam</strong></span> <span class='ocrx_word' id='word_1_696' title='bbox 2106 4726 2261 4783; x_wconf 86' lang='lat' dir='ltr'><strong>illinc</strong></span> <span class='ocrx_word' id='word_1_697' title='bbox 2286 4725 2503 4782; x_wconf 84' lang='lat' dir='ltr'><strong>veritati</strong></span> <span class='ocrx_word' id='word_1_698' title='bbox 2545 4723 2753 4779; x_wconf 80' lang='lat' dir='ltr'><strong>teratur</strong></span> <span class='ocrx_word' id='word_1_699' title='bbox 2783 4724 3070 4777; x_wconf 80' lang='lat' dir='ltr'><strong>auxilium.</strong></span> 
     </span>
    </p>
   </div>
   <div class='ocr_carea' id='block_1_99' title="bbox 385 4819 1873 4903">
    <p class='ocr_par' dir='ltr' id='par_1_99' title="bbox 385 4819 1873 4903">
     <span class='ocr_line' id='line_1_99' title="bbox 385 4819 1873 4903; baseline 0 -26"><span class='ocrx_word' id='word_1_700' title='bbox 385 4822 702 4892; x_wconf 75' lang='grc' dir='ltr'>’Δναλογίας</span> <span class='ocrx_word' id='word_1_701' title='bbox 734 4822 978 4892; x_wconf 83' lang='grc' dir='ltr'>ἐμνήσθη</span> <span class='ocrx_word' id='word_1_702' title='bbox 1000 4860 1014 4883; x_wconf 85' lang='grc'>,</span> <span class='ocrx_word' id='word_1_703' title='bbox 1053 4822 1147 4874; x_wconf 74' lang='grc' dir='ltr'>καὶ</span> <span class='ocrx_word' id='word_1_704' title='bbox 1184 4820 1284 4889; x_wconf 82' lang='grc' dir='ltr'><strong>τὴν</strong></span> <span class='ocrx_word' id='word_1_705' title='bbox 1326 4822 1391 4873; x_wconf 83' lang='grc' dir='ltr'><strong>ἐκ</strong></span> <span class='ocrx_word' id='word_1_706' title='bbox 1420 4819 1627 4903; x_wconf 77' lang='grc' dir='ltr'>ταύτης</span> <span class='ocrx_word' id='word_1_707' title='bbox 1663 4824 1873 4893; x_wconf 83' lang='grc' dir='ltr'>ὁμωνυ-</span> 
     </span>
    </p>
   </div>
   <div class='ocr_carea' id='block_1_100' title="bbox 300 4908 1875 4985">
    <p class='ocr_par' dir='ltr' id='par_1_100' title="bbox 300 4908 1875 4985">
     <span class='ocr_line' id='line_1_100' title="bbox 300 4908 1875 4985; baseline -0.001 -18"><span class='ocrx_word' id='word_1_708' title='bbox 300 4914 437 4985; x_wconf 78' lang='grc' dir='ltr'>μίαν</span> <span class='ocrx_word' id='word_1_709' title='bbox 463 4914 676 4985; x_wconf 78' lang='grc' dir='ltr'>ἐνόησε.</span> <span class='ocrx_word' id='word_1_710' title='bbox 707 4911 878 4967; x_wconf 81' lang='grc' dir='ltr'>Πόθεν</span> <span class='ocrx_word' id='word_1_711' title='bbox 904 4911 1080 4965; x_wconf 78' lang='grc' dir='ltr'>ταῦτα</span> <span class='ocrx_word' id='word_1_712' title='bbox 1114 4909 1319 4980; x_wconf 83' lang='grc' dir='ltr'>μαθὼν,</span> <span class='ocrx_word' id='word_1_713' title='bbox 1347 4912 1440 4965; x_wconf 71' lang='grc' dir='ltr'>καὶ</span> <span class='ocrx_word' id='word_1_714' title='bbox 1464 4912 1615 4981; x_wconf 74' lang='grc' dir='ltr'>παρὰ</span> <span class='ocrx_word' id='word_1_715' title='bbox 1644 4908 1787 4977; x_wconf 79' lang='grc' dir='ltr'>τίνος</span> <span class='ocrx_word' id='word_1_716' title='bbox 1805 4916 1875 4973; x_wconf 77' lang='grc' dir='ltr'>τὰ</span> 
     </span>
    </p>
   </div>
   <div class='ocr_carea' id='block_1_101' title="bbox 300 4997 1875 5077">
    <p class='ocr_par' dir='ltr' id='par_1_101' title="bbox 300 4997 1875 5077">
     <span class='ocr_line' id='line_1_101' title="bbox 300 4997 1875 5077; baseline 0.001 -18"><span class='ocrx_word' id='word_1_717' title='bbox 300 5008 562 5077; x_wconf 78' lang='grc' dir='ltr'>ρήματα;</span> <span class='ocrx_word' id='word_1_718' title='bbox 597 5004 834 5075; x_wconf 82' lang='grc' dir='ltr'>Μωῦσῆς</span> <span class='ocrx_word' id='word_1_719' title='bbox 862 5004 964 5056; x_wconf 81' lang='grc' dir='ltr'><strong>οὑκ</strong></span> <span class='ocrx_word' id='word_1_720' title='bbox 990 4997 1111 5054; x_wconf 84' lang='grc' dir='ltr'>εἷπε</span> <span class='ocrx_word' id='word_1_721' title='bbox 1131 5043 1146 5068; x_wconf 89' lang='grc'><strong><em>,</em></strong></span> <span class='ocrx_word' id='word_1_722' title='bbox 1191 5001 1484 5073; x_wconf 82' lang='grc' dir='ltr'>προφητῶν</span> <span class='ocrx_word' id='word_1_723' title='bbox 1514 5003 1609 5055; x_wconf 78' lang='grc' dir='ltr'>καὶ</span> <span class='ocrx_word' id='word_1_724' title='bbox 1647 5004 1875 5061; x_wconf 82' lang='grc' dir='ltr'>ἀποστό-</span> 
     </span>
    </p>
   </div>
   <div class='ocr_carea' id='block_1_102' title="bbox 298 5093 1873 5171">
    <p class='ocr_par' dir='ltr' id='par_1_102' title="bbox 298 5093 1873 5171">
     <span class='ocr_line' id='line_1_102' title="bbox 298 5093 1873 5171; baseline 0.001 -22"><span class='ocrx_word' id='word_1_725' title='bbox 298 5096 409 5149; x_wconf 81' lang='grc' dir='ltr'><strong>λων</strong></span> <span class='ocrx_word' id='word_1_726' title='bbox 440 5096 543 5151; x_wconf 80' lang='grc' dir='ltr'>οὐκ</span> <span class='ocrx_word' id='word_1_727' title='bbox 584 5093 836 5168; x_wconf 70' lang='grc' dir='ltr'>ἥκουσιν,</span> <span class='ocrx_word' id='word_1_728' title='bbox 868 5094 1250 5163; x_wconf 74' lang='grc' dir='ltr'>εὐαγγελισταὶ</span> <span class='ocrx_word' id='word_1_729' title='bbox 1282 5093 1380 5157; x_wconf 84' lang='grc' dir='ltr'>τὰς</span> <span class='ocrx_word' id='word_1_730' title='bbox 1405 5094 1658 5158; x_wconf 85' lang='grc' dir='ltr'>τοιαύτας</span> <span class='ocrx_word' id='word_1_731' title='bbox 1690 5096 1873 5171; x_wconf 64' lang='grc' dir='ltr'>φωνὰς</span> 
     </span>
    </p>
   </div>
   <div class='ocr_carea' id='block_1_103' title="bbox 296 5184 1871 5259">
    <p class='ocr_par' dir='ltr' id='par_1_103' title="bbox 296 5184 1871 5259">
     <span class='ocr_line' id='line_1_103' title="bbox 296 5184 1871 5259; baseline -0.001 -18"><span class='ocrx_word' id='word_1_732' title='bbox 296 5189 691 5259; x_wconf 77' lang='grc' dir='ltr'>σεσιγήκασιν,</span> <span class='ocrx_word' id='word_1_733' title='bbox 718 5187 974 5257; x_wconf 73' lang='grc' dir='ltr'>οὐδεμιᾶς</span> <span class='ocrx_word' id='word_1_734' title='bbox 1002 5184 1118 5238; x_wconf 75' lang='grc' dir='ltr'>ἐστι</span> <span class='ocrx_word' id='word_1_735' title='bbox 1146 5184 1370 5256; x_wconf 86' lang='grc' dir='ltr'>Γραφῆς</span> <span class='ocrx_word' id='word_1_736' title='bbox 1392 5184 1566 5238; x_wconf 79' lang='grc' dir='ltr'>ταῦτα</span> <span class='ocrx_word' id='word_1_737' title='bbox 1589 5185 1871 5241; x_wconf 86' lang='grc' dir='ltr'>διδασκού-</span> 
     </span>
    </p>
   </div>
   <div class='ocr_carea' id='block_1_104' title="bbox 296 5274 1871 5351">
    <p class='ocr_par' dir='ltr' id='par_1_104' title="bbox 296 5274 1871 5351">
     <span class='ocr_line' id='line_1_104' title="bbox 296 5274 1871 5351; baseline 0 -18"><span class='ocrx_word' id='word_1_738' title='bbox 296 5297 403 5351; x_wconf 85' lang='grc' dir='ltr'><strong>σης</strong></span> <span class='ocrx_word' id='word_1_739' title='bbox 436 5279 645 5351; x_wconf 81' lang='grc' dir='ltr'>μαθεῖν.</span> <span class='ocrx_word' id='word_1_740' title='bbox 678 5280 848 5333; x_wconf 78' lang='grc' dir='ltr'>Πόθεν</span> <span class='ocrx_word' id='word_1_741' title='bbox 885 5274 981 5333; x_wconf 85' lang='grc' dir='ltr'>οὖν</span> <span class='ocrx_word' id='word_1_742' title='bbox 1007 5276 1155 5348; x_wconf 81' lang='grc' dir='ltr'><strong>αύτῷ</strong></span> <span class='ocrx_word' id='word_1_743' title='bbox 1199 5278 1260 5331; x_wconf 81' lang='grc' dir='ltr'>τὸ</span> <span class='ocrx_word' id='word_1_744' title='bbox 1303 5276 1475 5341; x_wconf 81' lang='grc' dir='ltr'>οὕτως</span> <span class='ocrx_word' id='word_1_745' title='bbox 1509 5280 1719 5345; x_wconf 61' lang='lat' dir='ltr'><strong>simiai;</strong></span> <span class='ocrx_word' id='word_1_746' title='bbox 1746 5275 1871 5351; x_wconf 63' lang='grc' dir='ltr'><strong>Ἆρ’</strong></span> 
     </span>
    </p>
   </div>
   <div class='ocr_carea' id='block_1_105' title="bbox 294 5366 1874 5442">
    <p class='ocr_par' dir='ltr' id='par_1_105' title="bbox 294 5366 1874 5442">
     <span class='ocr_line' id='line_1_105' title="bbox 294 5366 1874 5442; baseline -0.001 -16"><span class='ocrx_word' id='word_1_747' title='bbox 294 5373 424 5442; x_wconf 69' lang='grc' dir='ltr'>οὒχὶ</span> <span class='ocrx_word' id='word_1_748' title='bbox 451 5372 552 5441; x_wconf 83' lang='grc' dir='ltr'>τῆς</span> <span class='ocrx_word' id='word_1_749' title='bbox 592 5370 687 5424; x_wconf 81' lang='grc' dir='ltr'>τοῦ</span> <span class='ocrx_word' id='word_1_750' title='bbox 729 5370 974 5433; x_wconf 72' lang='grc' dir='ltr'>εἰπόντος</span> <span class='ocrx_word' id='word_1_751' title='bbox 1004 5367 1243 5431; x_wconf 84' lang='grc' dir='ltr'>διανοίας</span> <span class='ocrx_word' id='word_1_752' title='bbox 1277 5366 1496 5440; x_wconf 74' lang='grc' dir='ltr'>εὕρημα</span> <span class='ocrx_word' id='word_1_753' title='bbox 1517 5407 1533 5434; x_wconf 88' lang='grc'><strong><em>,</em></strong></span> <span class='ocrx_word' id='word_1_754' title='bbox 1576 5371 1607 5423; x_wconf 84' lang='grc'>6</span> <span class='ocrx_word' id='word_1_755' title='bbox 1636 5370 1874 5435; x_wconf 77' lang='grc' dir='ltr'>τοιοῦτος</span> 
     </span>
    </p>
   </div>
   <div class='ocr_carea' id='block_1_106' title="bbox 295 5458 1873 5534">
    <p class='ocr_par' dir='ltr' id='par_1_106' title="bbox 295 5458 1873 5534">
     <span class='ocr_line' id='line_1_106' title="bbox 295 5458 1873 5534; baseline 0.001 -18"><span class='ocrx_word' id='word_1_756' title='bbox 295 5465 461 5533; x_wconf 84' lang='grc' dir='ltr'>λόγος</span> <span class='ocrx_word' id='word_1_757' title='bbox 510 5464 659 5516; x_wconf 70' lang='grc' dir='ltr'>ἐστὶν</span> <span class='ocrx_word' id='word_1_758' title='bbox 678 5502 694 5527; x_wconf 86' lang='grc'><em>,</em></span> <span class='ocrx_word' id='word_1_759' title='bbox 731 5464 761 5517; x_wconf 79' lang='grc' dir='ltr'><strong>ὁ</strong></span> <span class='ocrx_word' id='word_1_760' title='bbox 801 5461 901 5534; x_wconf 76' lang='grc' dir='ltr'>τὴν</span> <span class='ocrx_word' id='word_1_761' title='bbox 953 5460 1111 5517; x_wconf 82' lang='grc' dir='ltr'>ποιὰν</span> <span class='ocrx_word' id='word_1_762' title='bbox 1141 5458 1237 5514; x_wconf 77' lang='grc' dir='ltr'>τοῦ</span> <span class='ocrx_word' id='word_1_763' title='bbox 1288 5462 1557 5532; x_wconf 83' lang='grc' dir='ltr'>νοήματος</span> <span class='ocrx_word' id='word_1_764' title='bbox 1601 5464 1873 5534; x_wconf 78' lang='grc' dir='ltr'>οημασίαν</span> 
     </span>
    </p>
   </div>
   <div class='ocr_carea' id='block_1_107' title="bbox 296 5549 1875 5627">
    <p class='ocr_par' dir='ltr' id='par_1_107' title="bbox 296 5549 1875 5627">
     <span class='ocr_line' id='line_1_107' title="bbox 296 5549 1875 5627; baseline -0.001 -15"><span class='ocrx_word' id='word_1_765' title='bbox 296 5554 597 5624; x_wconf 69' lang='grc' dir='ltr'>ἀναλογίαν</span> <span class='ocrx_word' id='word_1_766' title='bbox 626 5553 1064 5627; x_wconf 78' lang='grc' dir='ltr'>προσαγορεύων.</span> <span class='ocrx_word' id='word_1_767' title='bbox 1099 5552 1224 5618; x_wconf 85' lang='grc' dir='ltr'>Πῶς</span> <span class='ocrx_word' id='word_1_768' title='bbox 1265 5549 1358 5608; x_wconf 81' lang='grc' dir='ltr'>οὖν</span> <span class='ocrx_word' id='word_1_769' title='bbox 1404 5554 1464 5607; x_wconf 81' lang='grc' dir='ltr'><strong>ού</strong></span> <span class='ocrx_word' id='word_1_770' title='bbox 1509 5554 1752 5627; x_wconf 86' lang='grc' dir='ltr'>συνίησιν</span> <span class='ocrx_word' id='word_1_771' title='bbox 1791 5552 1875 5619; x_wconf 76' lang='grc' dir='ltr'><strong>οἷς</strong></span> 
     </span>
    </p>
   </div>
   <div class='ocr_carea' id='block_1_108' title="bbox 298 5646 1875 5720">
    <p class='ocr_par' dir='ltr' id='par_1_108' title="bbox 298 5646 1875 5720">
     <span class='ocr_line' id='line_1_108' title="bbox 298 5646 1875 5720; baseline -0.001 -17"><span class='ocrx_word' id='word_1_772' title='bbox 298 5649 574 5720; x_wconf 79' lang='grc' dir='ltr'>πολεμεῖ,</span> <span class='ocrx_word' id='word_1_773' title='bbox 607 5646 818 5712; x_wconf 87' lang='grc' dir='ltr'>τούτοις</span> <span class='ocrx_word' id='word_1_774' title='bbox 854 5648 1157 5719; x_wconf 76' lang='grc' dir='ltr'>συμμάχοις</span> <span class='ocrx_word' id='word_1_775' title='bbox 1188 5647 1325 5718; x_wconf 77' lang='grc' dir='ltr'>πρὸς</span> <span class='ocrx_word' id='word_1_776' title='bbox 1350 5647 1439 5701; x_wconf 74' lang='grc' dir='ltr'><strong>τὸν</strong></span> <span class='ocrx_word' id='word_1_777' title='bbox 1469 5646 1700 5716; x_wconf 84' lang='grc' dir='ltr'>πόλεμον</span> <span class='ocrx_word' id='word_1_778' title='bbox 1732 5648 1875 5720; x_wconf 80' lang='grc' dir='ltr'>χρώ-</span> 
     </span>
    </p>
   </div>
   <div class='ocr_carea' id='block_1_109' title="bbox 308 5737 1873 5811">
    <p class='ocr_par' dir='ltr' id='par_1_109' title="bbox 308 5737 1873 5811">
     <span class='ocr_line' id='line_1_109' title="bbox 308 5737 1873 5811; baseline -0.001 -18"><span class='ocrx_word' id='word_1_779' title='bbox 308 5755 497 5811; x_wconf 72' lang='grc' dir='ltr'>μενοςς</span> <span class='ocrx_word' id='word_1_780' title='bbox 538 5738 769 5807; x_wconf 72' lang='grc' dir='ltr'>Πολεμεῖ</span> <span class='ocrx_word' id='word_1_781' title='bbox 800 5738 855 5792; x_wconf 81' lang='grc' dir='ltr'>δὲ</span> <span class='ocrx_word' id='word_1_782' title='bbox 905 5737 1021 5791; x_wconf 86' lang='grc' dir='ltr'>κατ’</span> <span class='ocrx_word' id='word_1_783' title='bbox 1069 5738 1310 5792; x_wconf 75' lang='grc' dir='ltr'>ἐπίνοιαν</span> <span class='ocrx_word' id='word_1_784' title='bbox 1362 5737 1504 5808; x_wconf 75' lang='grc' dir='ltr'>λόγῳ</span> <span class='ocrx_word' id='word_1_785' title='bbox 1552 5737 1741 5803; x_wconf 73' lang='grc' dir='ltr'>αὐτὸς,</span> <span class='ocrx_word' id='word_1_786' title='bbox 1786 5737 1873 5791; x_wconf 65' lang='grc' dir='ltr'>διὰ</span> 
     </span>
    </p>
   </div>
   <div class='ocr_carea' id='block_1_110' title="bbox 2050 4813 3546 4894">
    <p class='ocr_par' dir='ltr' id='par_1_110' title="bbox 2050 4813 3546 4894">
     <span class='ocr_line' id='line_1_110' title="bbox 2050 4813 3546 4894; baseline -0.011 -14"><span class='ocrx_word' id='word_1_787' title='bbox 2050 4823 2326 4894; x_wconf 74' lang='lat' dir='ltr'><strong>Analogia:</strong></span> <span class='ocrx_word' id='word_1_788' title='bbox 2351 4822 2619 4886; x_wconf 91' lang='lat' dir='ltr'><strong>meminit,</strong></span> <span class='ocrx_word' id='word_1_789' title='bbox 2633 4828 2687 4876; x_wconf 90' lang='lat' dir='ltr'><strong>et</strong></span> <span class='ocrx_word' id='word_1_790' title='bbox 2708 4835 2772 4875; x_wconf 83' lang='lat' dir='ltr'><strong>ex</strong></span> <span class='ocrx_word' id='word_1_791' title='bbox 2791 4834 2855 4874; x_wconf 90' lang='lat' dir='ltr'><strong>ea</strong></span> <span class='ocrx_word' id='word_1_792' title='bbox 2871 4816 3297 4887; x_wconf 80' lang='lat' dir='ltr'><strong>homonymiam,</strong></span> <span class='ocrx_word' id='word_1_793' title='bbox 3312 4813 3427 4868; x_wconf 83' lang='lat' dir='ltr'><strong>sive</strong></span> <span class='ocrx_word' id='word_1_794' title='bbox 3442 4825 3546 4866; x_wconf 83' lang='lat' dir='ltr'><strong>no-</strong></span> 
     </span>
    </p>
   </div>
   <div class='ocr_carea' id='block_1_111' title="bbox 1982 4904 3553 4975">
    <p class='ocr_par' dir='ltr' id='par_1_111' title="bbox 1982 4904 3553 4975">
     <span class='ocr_line' id='line_1_111' title="bbox 1982 4904 3553 4975; baseline -0.01 -5"><span class='ocrx_word' id='word_1_795' title='bbox 1982 4915 2149 4971; x_wconf 85' lang='lat' dir='ltr'><strong>minis</strong></span> <span class='ocrx_word' id='word_1_796' title='bbox 2192 4914 2635 4970; x_wconf 89' lang='lat' dir='ltr'><strong>communionem</strong></span> <span class='ocrx_word' id='word_1_797' title='bbox 2676 4912 2847 4967; x_wconf 90' lang='lat' dir='ltr'><strong>novit.</strong></span> <span class='ocrx_word' id='word_1_798' title='bbox 2880 4904 3038 4975; x_wconf 77' lang='lat' dir='ltr'><strong>Unde</strong></span> <span class='ocrx_word' id='word_1_799' title='bbox 3069 4908 3261 4965; x_wconf 86' lang='lat' dir='ltr'><strong>didicit</strong></span> <span class='ocrx_word' id='word_1_800' title='bbox 3289 4914 3343 4962; x_wconf 91' lang='lat' dir='ltr'><strong>et</strong></span> <span class='ocrx_word' id='word_1_801' title='bbox 3374 4920 3406 4959; x_wconf 90' lang='lat' dir='ltr'><strong>a</strong></span> <span class='ocrx_word' id='word_1_802' title='bbox 3444 4918 3553 4973; x_wconf 89' lang='lat' dir='ltr'><strong>quo</strong></span> 
     </span>
    </p>
   </div>
   <div class='ocr_carea' id='block_1_112' title="bbox 1980 4998 3544 5073">
    <p class='ocr_par' dir='ltr' id='par_1_112' title="bbox 1980 4998 3544 5073">
     <span class='ocr_line' id='line_1_112' title="bbox 1980 4998 3544 5073; baseline -0.008 -14"><span class='ocrx_word' id='word_1_803' title='bbox 1980 5006 2144 5061; x_wconf 80' lang='lat' dir='ltr'><strong>verba</strong></span> <span class='ocrx_word' id='word_1_804' title='bbox 2173 5005 2319 5061; x_wconf 75' lang='lat' dir='ltr'><strong>htec?</strong></span> <span class='ocrx_word' id='word_1_805' title='bbox 2340 5003 2515 5061; x_wconf 78' lang='lat' dir='ltr'><strong>Moses</strong></span> <span class='ocrx_word' id='word_1_806' title='bbox 2544 5018 2653 5058; x_wconf 90' lang='lat' dir='ltr'><strong>non</strong></span> <span class='ocrx_word' id='word_1_807' title='bbox 2675 5002 2842 5066; x_wconf 80' lang='lat' dir='ltr'><strong>dixit,</strong></span> <span class='ocrx_word' id='word_1_808' title='bbox 2869 5002 3160 5073; x_wconf 80' lang='lat' dir='ltr'><strong>prophetas</strong></span> <span class='ocrx_word' id='word_1_809' title='bbox 3182 5008 3237 5055; x_wconf 90' lang='lat' dir='ltr'><strong>et</strong></span> <span class='ocrx_word' id='word_1_810' title='bbox 3267 4998 3544 5067; x_wconf 78' lang='lat' dir='ltr'><strong>apostolos</strong></span> 
     </span>
    </p>
   </div>
   <div class='ocr_carea' id='block_1_113' title="bbox 1981 5087 3550 5160">
    <p class='ocr_par' dir='ltr' id='par_1_113' title="bbox 1981 5087 3550 5160">
     <span class='ocr_line' id='line_1_113' title="bbox 1981 5087 3550 5160; baseline -0.008 -9"><span class='ocrx_word' id='word_1_811' title='bbox 1981 5097 2068 5153; x_wconf 84' lang='lat' dir='ltr'><strong>his</strong></span> <span class='ocrx_word' id='word_1_812' title='bbox 2098 5097 2322 5153; x_wconf 80' lang='lat' dir='ltr'><strong>vocibus</strong></span> <span class='ocrx_word' id='word_1_813' title='bbox 2356 5104 2575 5151; x_wconf 88' lang='lat' dir='ltr'><strong>utentes</strong></span> <span class='ocrx_word' id='word_1_814' title='bbox 2621 5108 2729 5149; x_wconf 91' lang='lat' dir='ltr'><strong>non</strong></span> <span class='ocrx_word' id='word_1_815' title='bbox 2769 5092 2995 5160; x_wconf 87' lang='lat' dir='ltr'><strong>audivit,</strong></span> <span class='ocrx_word' id='word_1_816' title='bbox 3037 5089 3381 5159; x_wconf 73' lang='lat' dir='ltr'><strong>evangelista:</strong></span> <span class='ocrx_word' id='word_1_817' title='bbox 3416 5087 3550 5141; x_wconf 80' lang='lat' dir='ltr'><strong>tales</strong></span> 
     </span>
    </p>
   </div>
   <div class='ocr_carea' id='block_1_114' title="bbox 1978 5180 3547 5257">
    <p class='ocr_par' dir='ltr' id='par_1_114' title="bbox 1978 5180 3547 5257">
     <span class='ocr_line' id='line_1_114' title="bbox 1978 5180 3547 5257; baseline -0.006 -15"><span class='ocrx_word' id='word_1_818' title='bbox 1978 5203 2143 5245; x_wconf 82' lang='lat' dir='ltr'><strong>voces</strong></span> <span class='ocrx_word' id='word_1_819' title='bbox 2197 5188 2416 5244; x_wconf 77' lang='lat' dir='ltr'><strong>silentio</strong></span> <span class='ocrx_word' id='word_1_820' title='bbox 2444 5189 2751 5251; x_wconf 87' lang='lat' dir='ltr'><strong>involvunt,</strong></span> <span class='ocrx_word' id='word_1_821' title='bbox 2797 5202 2973 5257; x_wconf 86' lang='lat' dir='ltr'><strong>neque</strong></span> <span class='ocrx_word' id='word_1_822' title='bbox 3010 5201 3076 5240; x_wconf 78' lang='lat' dir='ltr'><strong>ex</strong></span> <span class='ocrx_word' id='word_1_823' title='bbox 3125 5182 3233 5236; x_wconf 86' lang='lat' dir='ltr'><strong>ulla</strong></span> <span class='ocrx_word' id='word_1_824' title='bbox 3265 5180 3547 5249; x_wconf 85' lang='lat' dir='ltr'><strong>Scriptura</strong></span> 
     </span>
    </p>
   </div>
   <div class='ocr_carea' id='block_1_115' title="bbox 1981 5272 3548 5350">
    <p class='ocr_par' dir='ltr' id='par_1_115' title="bbox 1981 5272 3548 5350">
     <span class='ocr_line' id='line_1_115' title="bbox 1981 5272 3548 5350; baseline -0.006 -16"><span class='ocrx_word' id='word_1_825' title='bbox 1981 5282 2097 5337; x_wconf 70' lang='lat' dir='ltr'><strong>bare</strong></span> <span class='ocrx_word' id='word_1_826' title='bbox 2128 5281 2359 5336; x_wconf 86' lang='lat' dir='ltr'><strong>docente</strong></span> <span class='ocrx_word' id='word_1_827' title='bbox 2394 5280 2522 5335; x_wconf 80' lang='lat' dir='ltr'><strong>licet</strong></span> <span class='ocrx_word' id='word_1_828' title='bbox 2568 5279 2865 5350; x_wconf 88' lang='lat' dir='ltr'><strong>percipere.</strong></span> <span class='ocrx_word' id='word_1_829' title='bbox 2903 5277 3059 5333; x_wconf 90' lang='lat' dir='ltr'><strong>Unde</strong></span> <span class='ocrx_word' id='word_1_830' title='bbox 3084 5276 3247 5345; x_wconf 81' lang='lat' dir='ltr'><strong>igitur</strong></span> <span class='ocrx_word' id='word_1_831' title='bbox 3274 5272 3473 5328; x_wconf 85' lang='lat' dir='ltr'><strong>accidit</strong></span> <span class='ocrx_word' id='word_1_832' title='bbox 3499 5274 3548 5327; x_wconf 90' lang='lat' dir='ltr'><strong>ei</strong></span> 
     </span>
    </p>
   </div>
   <div class='ocr_carea' id='block_1_116' title="bbox 1978 5364 3549 5437">
    <p class='ocr_par' dir='ltr' id='par_1_116' title="bbox 1978 5364 3549 5437">
     <span class='ocr_line' id='line_1_116' title="bbox 1978 5364 3549 5437; baseline -0.006 -10"><span class='ocrx_word' id='word_1_833' title='bbox 1978 5372 2061 5427; x_wconf 87' lang='lat' dir='ltr'><strong>sic</strong></span> <span class='ocrx_word' id='word_1_834' title='bbox 2086 5370 2308 5426; x_wconf 84' lang='lat' dir='ltr'><strong>dicere?</strong></span> <span class='ocrx_word' id='word_1_835' title='bbox 2333 5371 2417 5427; x_wconf 78' lang='lat' dir='ltr'><strong>An</strong></span> <span class='ocrx_word' id='word_1_836' title='bbox 2458 5385 2566 5426; x_wconf 91' lang='lat' dir='ltr'><strong>non</strong></span> <span class='ocrx_word' id='word_1_837' title='bbox 2605 5371 2880 5426; x_wconf 88' lang='lat' dir='ltr'><strong>inventum</strong></span> <span class='ocrx_word' id='word_1_838' title='bbox 2914 5366 3283 5437; x_wconf 71' lang='lat' dir='ltr'><strong>intelligentia:</strong></span> <span class='ocrx_word' id='word_1_839' title='bbox 3314 5364 3433 5436; x_wconf 86' lang='lat' dir='ltr'><strong>ejus</strong></span> <span class='ocrx_word' id='word_1_840' title='bbox 3454 5364 3549 5435; x_wconf 90' lang='lat' dir='ltr'><strong>qui</strong></span> 
     </span>
    </p>
   </div>
   <div class='ocr_carea' id='block_1_117' title="bbox 1977 5455 3549 5530">
    <p class='ocr_par' dir='ltr' id='par_1_117' title="bbox 1977 5455 3549 5530">
     <span class='ocr_line' id='line_1_117' title="bbox 1977 5455 3549 5530; baseline -0.006 -11"><span class='ocrx_word' id='word_1_841' title='bbox 1977 5477 2101 5529; x_wconf 80' lang='lat' dir='ltr'><strong>eum</strong></span> <span class='ocrx_word' id='word_1_842' title='bbox 2137 5461 2380 5529; x_wconf 80' lang='lat' dir='ltr'><strong>protulit,</strong></span> <span class='ocrx_word' id='word_1_843' title='bbox 2412 5462 2536 5517; x_wconf 86' lang='lat' dir='ltr'><strong>talis</strong></span> <span class='ocrx_word' id='word_1_844' title='bbox 2574 5471 2659 5518; x_wconf 87' lang='lat' dir='ltr'><strong>est</strong></span> <span class='ocrx_word' id='word_1_845' title='bbox 2694 5475 2895 5524; x_wconf 85' lang='lat' dir='ltr'><strong>sermo,</strong></span> <span class='ocrx_word' id='word_1_846' title='bbox 2929 5458 3022 5530; x_wconf 92' lang='lat' dir='ltr'><strong>qui</strong></span> <span class='ocrx_word' id='word_1_847' title='bbox 3063 5458 3223 5513; x_wconf 86' lang='lat' dir='ltr'><strong>talem</strong></span> <span class='ocrx_word' id='word_1_848' title='bbox 3256 5455 3549 5527; x_wconf 84' lang='lat' dir='ltr'><strong>quamdam</strong></span> 
     </span>
    </p>
   </div>
   <div class='ocr_carea' id='block_1_118' title="bbox 1979 5540 3539 5620">
    <p class='ocr_par' dir='ltr' id='par_1_118' title="bbox 1979 5540 3539 5620">
     <span class='ocr_line' id='line_1_118' title="bbox 1979 5540 3539 5620; baseline -0.007 -13"><span class='ocrx_word' id='word_1_849' title='bbox 1979 5551 2218 5607; x_wconf 85' lang='lat' dir='ltr'><strong>notiouis</strong></span> <span class='ocrx_word' id='word_1_850' title='bbox 2268 5549 2682 5620; x_wconf 87' lang='lat' dir='ltr'><strong>signiﬁcantiam</strong></span> <span class='ocrx_word' id='word_1_851' title='bbox 2740 5546 3045 5619; x_wconf 84' lang='lat' dir='ltr'><strong>analogiam</strong></span> <span class='ocrx_word' id='word_1_852' title='bbox 3093 5545 3348 5616; x_wconf 83' lang='lat' dir='ltr'><strong>appellat.</strong></span> <span class='ocrx_word' id='word_1_853' title='bbox 3389 5540 3539 5610; x_wconf 58' lang='lat' dir='ltr'><strong>Quo.</strong></span> 
     </span>
    </p>
   </div>
   <div class='ocr_carea' id='block_1_119' title="bbox 1982 5634 3545 5714">
    <p class='ocr_par' dir='ltr' id='par_1_119' title="bbox 1982 5634 3545 5714">
     <span class='ocr_line' id='line_1_119' title="bbox 1982 5634 3545 5714; baseline -0.006 -15"><span class='ocrx_word' id='word_1_854' title='bbox 1982 5645 2143 5700; x_wconf 89' lang='lat' dir='ltr'><strong>modo</strong></span> <span class='ocrx_word' id='word_1_855' title='bbox 2200 5644 2363 5714; x_wconf 84' lang='lat' dir='ltr'><strong>igitur</strong></span> <span class='ocrx_word' id='word_1_856' title='bbox 2417 5659 2524 5698; x_wconf 89' lang='lat' dir='ltr'><strong>non</strong></span> <span class='ocrx_word' id='word_1_857' title='bbox 2601 5642 2851 5713; x_wconf 82' lang='lat' dir='ltr'><strong>intelligit</strong></span> <span class='ocrx_word' id='word_1_858' title='bbox 2907 5655 3046 5711; x_wconf 88' lang='lat' dir='ltr'><strong>quos</strong></span> <span class='ocrx_word' id='word_1_859' title='bbox 3102 5646 3377 5709; x_wconf 85' lang='lat' dir='ltr'><strong>oppugnat</strong></span> <span class='ocrx_word' id='word_1_860' title='bbox 3459 5634 3545 5690; x_wconf 83' lang='lat' dir='ltr'><strong>bis</strong></span> 
     </span>
    </p>
   </div>
   <div class='ocr_carea' id='block_1_120' title="bbox 1982 5726 3544 5807">
    <p class='ocr_par' dir='ltr' id='par_1_120' title="bbox 1982 5726 3544 5807">
     <span class='ocr_line' id='line_1_120' title="bbox 1982 5726 3544 5807; baseline -0.009 -16"><span class='ocrx_word' id='word_1_861' title='bbox 1982 5735 2392 5793; x_wconf 73' lang='lat' dir='ltr'><strong>auxiliatoribus</strong></span> <span class='ocrx_word' id='word_1_862' title='bbox 2414 5734 2477 5790; x_wconf 88' lang='lat' dir='ltr'><strong>ad</strong></span> <span class='ocrx_word' id='word_1_863' title='bbox 2498 5735 2692 5791; x_wconf 79' lang='lat' dir='ltr'><strong>bellum</strong></span> <span class='ocrx_word' id='word_1_864' title='bbox 2718 5731 3042 5789; x_wconf 83' lang='lat' dir='ltr'><strong>uti?Bcl|utn</strong></span> <span class='ocrx_word' id='word_1_865' title='bbox 3068 5739 3246 5787; x_wconf 85' lang='lat' dir='ltr'><strong>autem</strong></span> <span class='ocrx_word' id='word_1_866' title='bbox 3267 5728 3409 5807; x_wconf 45' lang='lat' dir='ltr'><strong>gerit.</strong></span> <span class='ocrx_word' id='word_1_867' title='bbox 3428 5726 3544 5795; x_wconf 85' lang='lat' dir='ltr'><strong>ipse</strong></span> 
     </span>
    </p>
   </div>
  </div>
