4010 6212
490 327 627 383 1015

1762 314 1821 370 S.
1860 310 2194 369 GREGORII
2234 305 2525 365 NYSSENI

3597 290 3735 345 1016

487 454 682 499 contra
721 454 1050 502 sermonem,
1089 437 1182 508 qui
1233 446 1331 492 es;
1373 434 1672 491 secundum
1724 439 2063 488 commenta-

2166 425 2273 480 τῶν
2297 426 2397 496 τῆς
2424 419 2667 483 ἐπινοίας
2691 416 2865 486 λόγων
2887 454 2901 472 .
2932 414 2995 468 τὸ
3023 411 3098 484 μὴ
3122 411 3230 465 δεῖν
3258 409 3379 463 κατ’
3407 407 3655 461 ἐπίνοιάν
3690 423 3741 461 τι

489 538 731 598 tionem,
769 547 866 602 per
917 543 1200 585 sermones
1243 526 1337 598 qui
1379 534 1512 581 sunt
1563 522 2061 584 eommentationis.

488 640 598 680 non
653 630 902 694 oportere
940 635 1038 691 per
1081 619 1595 675 commentationem
1649 616 1855 686 aliquid
1882 615 2065 669 dicere

488 718 617 771 dum
642 714 861 770 astruit.
896 713 1000 768 Sed
1035 712 1233 777 nullus,
1258 710 1456 781 inquit,
1481 716 1797 764 sanctorum
1835 706 1940 760 hoc
1966 704 2065 767 do-

491 811 625 863 cuit.
678 805 759 861 Tu
794 820 959 860 'vero
1016 804 1071 858 in
1138 817 1298 873 quem
1348 809 1589 855 veterum
1649 798 1854 853 referre
1912 805 2065 866 potes

477 899 814 971 ῥιγεννησίας
840 911 1047 959 vocem,
1079 902 1133 949 et
1163 892 1304 964 quod
1332 894 1440 947 tale
1456 904 1652 944 nomen
1679 889 1746 944 de
1765 887 1860 942 Dei
1877 901 2065 941 essen-

491 996 562 1045 tia
582 990 926 1061 prwdicatur,
949 986 1056 1039 imo
1087 999 1214 1039 vero
1247 983 1423 1053 ipsum
1445 979 1743 1051 ingenitum
1762 985 1848 1034 est
1875 991 2064 1033 essen-

491 1080 605 1133 tia?
631 1080 713 1131 Au
739 1078 833 1133 tibi
874 1075 1089 1147 quidem
1124 1074 1270 1139 licet,
1309 1073 1362 1125 in
1386 1070 1585 1141 quibus
1610 1068 1812 1139 aliquid
1842 1067 2065 1136 impium

490 1168 931 1226 concludendum
988 1174 1106 1230 est,
1154 1164 1430 1235 placentes
1480 1176 1639 1217 voces
1700 1161 1961 1214 innovare
2013 1166 2067 1213 et

490 1260 843 1331 excogitare?
892 1258 939 1314 si
985 1263 1166 1311 autem
1210 1255 1413 1325 aliquid
1464 1253 1529 1307 ad
1581 1252 1876 1323 impietatis
1913 1266 2066 1307 ever-

492 1357 700 1410 sionem
730 1354 797 1407 ab
833 1351 939 1404 alio
984 1348 1214 1413 dicatur,
1246 1345 1637 1400 eontradicenti
1667 1344 1807 1398 hanc
1835 1349 2069 1413 potesta-

490 1457 597 1499 tein
634 1443 870 1505 auturre,
926 1454 1079 1495 saeva:
1134 1435 1438 1508 tyrannidis
1502 1450 1629 1491 reus
1695 1433 2068 1503 deprehensus

491 1537 682 1600 fueris,
716 1534 761 1589 si
808 1534 950 1588 hanc
1002 1531 1099 1586 tibi
1149 1530 1251 1601 ipsi
1301 1538 1625 1599 potestatem
1683 1526 1959 1588 vindices,
2010 1530 2069 1576 ut

491 1642 612 1698 uiue
659 1627 716 1680 in
766 1625 887 1679 aliis
936 1622 1227 1694 prohibes,
1263 1622 1374 1675 haec
1428 1619 1604 1676 facere
1640 1619 1742 1675 soli
1779 1617 1876 1677 tibi
1905 1615 2069 1671 licere

491 1708 795 1784 c-xistitnes,
832 1727 884 1772 et
917 1730 1037 1784 qua:
1072 1714 1188 1784 ipse
1228 1729 1327 1783 pro
1379 1712 1596 1766 licentia
1639 1709 1830 1776 audes,
1862 1709 1931 1763 ab
1980 1707 2066 1763 his

2166 517 2346 585 λέγειν
2373 510 2815 574 κατασκευάζων.
2844 506 2983 561 Ἀλλ’
3011 503 3185 566 οὐδεὶς
3210 541 3224 565 ,
3260 502 3415 572 φησὶ,
3440 498 3606 552 τοῦτο
3632 497 3741 550 τῶν

2164 608 2335 676 ἁγίων
2389 602 2647 668 ἐδίδαξεν.
2700 602 2773 655 Σὺ
2815 599 2871 654 δὲ
2900 600 2980 661 εἰς
3010 596 3129 650 τίνα
3167 593 3274 646 τῶν
3317 590 3564 662 ἀρχαίων
3610 590 3740 641 ἀνα-

2140 728 2141 731 η
2165 703 2349 773 φέρειν
2370 698 2514 770 ἔχεις
2538 696 2638 767 τὴν
2658 695 2765 765 ’τῆς
2780 691 3101 763 ἀγεννησίας
3117 685 3319 758 φωνὴν,
3346 684 3443 738 καὶ
3466 684 3549 737 ὅτι
3569 682 3741 752 αὐτῆς

2164 772 2546 860 κατηγορεῖται
2570 786 2631 839 τὸ
2655 786 2827 854 ὄνομα
2855 781 2946 836 τοῦ
2972 778 3109 834 Θεοῦ
3153 778 3251 848 τῆς
3276 774 3465 837 οὐσίας
3491 772 3741 842 ,μᾶλλον

2163 885 2220 938 δέ
2254 882 2383 936 αὐτό
2428 882 2575 934 ἐστιν
2623 877 2913 946 ἀγέννητον
2944 875 2978 944 ἡ
3033 869 3229 934 obuia;
3271 869 3345 921 Ἥ
3378 883 3461 920 σοι
3522 865 3624 936 μὲν
3656 864 3742 929 ἐξ·

2166 991 2311 1027 εττιν
2333 973 2390 1024 ἐν
2409 967 2489 1035 οἷς
2517 971 2584 1024 ἂν
2613 968 2779 1040 μέλλῃ
2802 982 2856 1018 τι
2881 963 2988 1018 τῶν
3017 958 3227 1015 ἀσεϐῶν
3252 953 3737 1028 συμπεραίνεσθαι,

2139 1065 2507 1135 ’καινοτομεῖν
2562 1078 2621 1115 τε
2659 1060 2752 1114 καὶ
2807 1055 3195 1127 παρευρίσκειν
3248 1049 3348 1113 τάς
3397 1045 3739 1118 ἀρεσκούσας

2168 1154 2349 1225 φωνάς
2376 1169 2389 1217 ;
2442 1154 2489 1205 εί
2518 1150 2576 1204 δέ
2603 1167 2655 1203 τι
2686 1147 2822 1219 πρὸς
2870 1145 2972 1215 τὴν
2997 1145 3095 1213 τῆς
3138 1138 3391 1202 ἀσεϐείας
3416 1136 3742 1201 καθαίρεσιν

2167 1245 2298 1315 παρ’
2326 1241 2512 1314 ἐτέρου
2540 1240 2749 1304 λέγοιτο
2772 1281 2786 1303 ,
2821 1232 3208 1306 παραιρεῖσθαι
3247 1229 3347 1299 τῆς
3373 1227 3625 1295 ἐξουσίας
3650 1225 3741 1278 τὸν

2168 1335 2511 1404 ἀντιλέγοντα
2534 1374 2549 1395 ,
2601 1331 2842 1403 μεγάλης
2901 1327 2950 1381 τ’
2984 1326 3051 1380 ἂν
3084 1324 3202 1393 εἴης
3247 1319 3560 1391 τυραννίδος
3591 1320 3741 1371 ἐπιδ

2167 1425 2473 1497 λημμένος,
2505 1425 2555 1475 εί
2598 1420 2801 1488 ταύτην
2850 1414 3057 1487 σεαυτῷ
3098 1413 3197 1484 τὴν
3240 1410 3490 1476 ἐξουσίαν
3532 1405 3741 1477 κρατύ-

2168 1533 2314 1579 νειας
2336 1556 2352 1579 ,
2386 1515 2461 1578 ὼς
2503 1514 2648 1584 άπερ
2697 1511 2789 1564 ἐπὶ
2826 1508 2935 1563 τῶν
2962 1507 3137 1562 ἄλλων
3163 1501 3390 1565 κωλύεις
3410 1540 3426 1565 ,
3460 1497 3545 1554 σοὶ
3567 1497 3741 1552 ταῦτα

2169 1594 2339 1661 ποιεῖν
2367 1606 2567 1671 ἐξεῖναι
2612 1603 2794 1674 μόνῳ,
2832 1599 2925 1653 καὶ
2963 1594 3297 1668 ἀπερκαύτδς
3335 1595 3454 1647 κατ’
3491 1590 3745 1658 ἐξουσίαν

2168 1697 2371 1767 τολμᾷς
2393 1713 2408 1760 ;
2430 1693 2632 1748 τούτων
2662 1692 2944 1763 ἀπείργειν
2976 1689 3101 1751 τοὺς
3127 1687 3339 1747 ἄλλους.
3369 1683 3467 1737 Διὰ
3496 1682 3742 1754 προστά-

491 1810 630 1864 alios
676 1823 881 1863 arcere.
921 1804 1086 1872 Quasi
1122 1820 1218 1875 per
1262 1804 1498 1858 edictum
1554 1803 1784 1873 abi-ngas
1829 1801 1941 1856 haec
1970 1815 2066 1870 per

2166 1804 2372 1857 γματος
2408 1784 2619 1847 ἀθετεῖς
2644 1782 2705 1836 τὺ
2732 1781 2852 1836 κατ’
2891 1780 3131 1834 ἐπίνοιαν
3161 1777 3416 1846 λέγεσθαι
3447 1775 3623 1829 ταῦτα
3662 1773 3745 1845 τῷ

489 1899 946 1971 excogitationem
1016 1897 1121 1951 diei
1202 1895 1269 1949 de
1336 1894 1558 1950 Christo
1616 1894 1877 1956 nomina,
1937 1893 2066 1963 quia

490 1996 672 2049 nullus
705 1999 1016 2049 sanctorum
1061 1997 1315 2059 oportere
1350 1988 1435 2043 sic
1465 1985 1578 2042 diei
1638 1985 1888 2041 edixerit.
1919 1982 2066 2051 Quo-

491 2085 652 2139 modo
683 2083 851 2155 igitur
902 2081 1272 2151 pergingeniti
1318 2095 1502 2135 vocem
1554 2081 1700 2134 velut
1734 2080 1904 2149 legem
1938 2093 2066 2149 pro-

490 2176 706 2245 mulgas
740 2173 806 2227 de
846 2172 1137 2226 verborum
1171 2161 1518 2236 rectitudine,
1556 2179 1699 2224 utea
1738 2170 1852 2225 sola
1888 2168 2069 2239 profe—

488 2274 682 2320 rantur
708 2279 828 2334 qurc
863 2278 889 2315 a
923 2261 1030 2316 Deo
1085 2262 1383 2331 inspiratus
1428 2277 1607 2316 sermo
1636 2262 1931 2331 Scriptura:
1969 2276 2067 2316 ex-

489 2356 777 2426 posuerit?
812 2354 885 2408 Ex
916 2356 1026 2407 tuis
1055 2353 1219 2424 igitur
1244 2354 1464 2424 scriptis
1495 2353 1717 2424 ingeniti
1749 2369 1941 2407 nomen
1972 2353 2067 2408 de-

488 2447 710 2501 lendum
759 2452 863 2512 est,
900 2444 1027 2514 quia
1084 2444 1267 2499 t'mllus
1324 2453 1640 2499 sanctorum
1691 2460 1875 2499 vocem
1926 2445 2065 2499 hanc

490 2537 824 2594 auctoritate
869 2551 967 2589 sua
1015 2534 1298 2603 probavit:
1335 2534 1429 2589 sed
1470 2543 1687 2605 propter
1734 2535 2065 2590 intellectum

490 2633 581 2702 qui
618 2631 747 2685 huic
781 2627 1046 2683 vocabulo
1080 2627 1288 2687 subest.
1323 2627 1615 2690 dictionem
1648 2627 1939 2698 approbas.
1958 2625 2067 2682 Nos

491 2722 660 2777 simili
690 2719 849 2777 modo
874 2726 1096 2789 propter
1126 2733 1347 2773 sensum
1380 2718 1433 2771 in
1460 2733 1521 2772 ea
1550 2717 1841 2782 inclusum,
1881 2732 2065 2773 vocem

437 2822 441 2827 '
488 2815 631 2867 Itane
664 2810 923 2877 ἐπινοίας,
951 2810 1001 2863 id
1025 2818 1107 2864 est
1136 2808 1591 2862 commentationis
1617 2809 1958 2874 admisimus,
1984 2808 2069 2863 vel

483 2887 603 2958 duo
634 2920 697 2959 ex
732 2920 835 2959 usu
883 2903 1208 2964 exiunrmns,
1239 2901 1323 2955 vel
1377 2908 1630 2954 neutrum
1673 2900 1886 2965 horum,
1919 2899 2066 2969 quia,

489 2995 535 3049 si
559 2986 668 3058 iiut,
694 3009 790 3064 per
810 3001 1040 3062 utraque
1070 2992 1372 3046 vincemus.
1407 2988 1540 3043 Nam
1575 2989 1620 3043 si
1656 2990 1870 3059 penitus
1897 2988 2068 3042 dictio

490 3082 815 3156 ἀγεννησίας
850 3083 1070 3137 silentio
1098 3080 1385 3143 obruatur,
1422 3079 1601 3134 omnis
1627 3079 2064 3135 adversariorum

490 3184 681 3229 contra
713 3175 990 3229 veritatem
1043 3190 1140 3228 vox
1178 3173 1445 3228 exstincta
1491 3162 1595 3226 est.
1636 3172 1811 3242 Atque
1864 3169 2067 3242 Unige-

491 3266 608 3320 nito
644 3265 752 3320 Deo
784 3266 953 3335 gloria
984 3267 1052 3320 ab
1077 3266 1333 3319 omnibus
1375 3262 1671 3333 etl'ulgebit,
1698 3263 1823 3333 quia
1858 3264 2066 3317 nullum

489 3356 594 3411 erit
624 3368 819 3410 nomen
861 3371 928 3409 ex
960 3355 1235 3409 contraria
1273 3354 1636 3424 oppositione,
1670 3355 1815 3423 quod
1850 3352 2065 3408 Domini

497 3433 839 3516 majestatem
881 3444 1189 3497 imminuat.
1242 3442 1297 3498 Si
1350 3444 1510 3495 ambo
1557 3449 1834 3506 maneant,
1893 3452 1945 3498 et
1990 3445 2071 3499 sic

480 3530 779 3591 nobiseum
827 3524 1010 3590 vincet
1040 3537 1265 3596 veritas,
1297 3533 1365 3588 ad
1410 3533 1677 3597 ἐπίνοιαν,
1710 3533 1764 3589 id
1794 3541 1897 3599 est,
1929 3550 2073 3588 com-

492 3613 882 3691 mentationem,
915 3626 981 3683 ex
1026 3628 1266 3683 essentia
1311 3627 1578 3683 translato
1627 3626 2073 3697 ἀγεννησίαςιιο-

494 3720 660 3774 mine.
703 3717 809 3772 Sed
848 3717 1085 3788 q‘uamliu
1132 3733 1198 3773 ex
1240 3717 1356 3773 suis
1385 3717 1603 3788 scriptis
1634 3717 1860 3788 ingeniti
1884 3732 2072 3773 vocem

492 3823 600 3862 non
637 3808 846 3871 eximit.
897 3808 1135 3877 seipsum
1184 3807 1506 3863 ahhortetur
1554 3807 1645 3878 qui
1701 3824 1803 3864 nos
1856 3808 2074 3864 lacessit

490 3897 821 3959 Pharisaaus.
848 3914 916 3954 ne
941 3888 1093 3969 prius
1112 3898 1178 3953 ad
1204 3907 1444 3953 nostram
1469 3898 1737 3953 festucam
1757 3899 2069 3974 perspiciat.

482 3986 652 4058 quam
700 3989 908 4043 trabem
944 3989 1048 4046 sibi
1107 3989 1509 4044 incumbentem
1561 3996 1617 4043 et
1667 3989 1950 4043 molestam
1999 4001 2071 4042 ex

492 4083 674 4136 oculis
698 4074 983 4152 eiiciat".
1017 4080 1123 4136 Sed
1157 4080 1323 4144 Deus,
1358 4080 1559 4150 inquit,
1593 4087 1645 4135 et
1677 4077 2068 4134 inﬁrmissimis

490 4189 681 4227 eorum
731 4189 853 4243 quze
908 4173 961 4227 in
990 4180 1136 4229 terra
1191 4173 1487 4235 exsistunt,
1537 4171 1931 4242 pretiosissima
1976 4171 2073 4225 tri-

496 4267 615 4320 buit
645 4267 889 4331 nomina,
932 4282 1041 4321 non
1080 4265 1411 4336 dignitatum
1433 4265 1794 4334 aequalitatem
1830 4263 2073 4335 imperti-

493 4369 604 4422 tus,
650 4366 704 4412 et
753 4356 1232 4428 principalissimis
1278 4356 1583 4419 vilissima,
1630 4372 1735 4411 non
1783 4363 1964 4409 tamen
2005 4368 2071 4408 ex

2164 1877 2385 1950 Χριστῷ
2415 1876 2483 1929 τά
2510 1876 2748 1946 ὀνόματα
2773 1915 2787 1939 ,
2826 1874 2907 1927 ὅτι
2944 1872 3132 1943 μηδεὶς
3173 1870 3281 1923 τῶν
3314 1868 3483 1937 ἁγίων
3519 1867 3581 1920 τὸ
3627 1866 3741 1943 δεῖν

2165 1970 2307 2023 οὕτω
2333 1966 2585 2036 λέγεσθαι
2612 1965 2911 2031 διετάξατο.
2936 1961 3071 2026 Πῶς
3099 1955 3192 2015 οὖν
3216 1962 3284 2030 τῇ
3311 1957 3404 2011 τοῦ
3440 1957 3739 2026 ἀγεννήτου

2165 2061 2317 2129 φωνῇ
2342 2055 2650 2127 νομοθετεῖς
2682 2054 2788 2107 τῶν
2833 2052 3090 2124 ῥημάτων
3118 2049 3413 2119 ὀρθότητας
3438 2086 3453 2111 ,
3483 2048 3546 2100 τὺ
3581 2046 3741 2115 μόνον

2166 2153 2349 2204 ἐκεῖνα
2377 2146 2709 2218 φθέγγεσθαι
2741 2147 2882 2215 ἆπερ
2910 2143 2976 2198 ἂν
3003 2147 3032 2197 ὀ
3065 2142 3419 2205 θεόπνευστος
3459 2138 3619 2206 λόγος
3642 2138 3743 2206 τῆς

2166 2241 2391 2313 Γραφῆς
2421 2240 2767 2310 ὑφηγήσηται
2791 2255 2806 2303 ;
2846 2233 3217 2302 Ἐξαλειπτέον
3260 2232 3326 2287 ἂν
3356 2231 3443 2302 εἴη
3469 2229 3583 2283 τῶν
3611 2244 3742 2294 συγ-

2165 2332 2507 2404 γραμμάτων
2546 2347 2639 2383 σου
2662 2368 2677 2394 ,
2700 2328 2762 2382 τὸ
2796 2327 3086 2397 ἀγέννητον
3110 2326 3279 2395 ὄνομα
3301 2364 3318 2387 ,
3355 2320 3587 2394 μηδενὸς
3631 2319 3744 2372 τῶν

2167 2424 2336 2494 ἁγίων
2354 2424 2451 2496 τὴν
2482 2422 2665 2493 φωνὴν
2688 2418 2890 2489 ταύτην
2921 2415 3415 2488 θεσμοθετήσαντος
3435 2429 3450 2442 ·
3484 2410 3626 2465 ἀλλά
3651 2409 3745 2462 διὰ

2165 2516 2257 2570 τὸν
2289 2515 2603 2586 ἐγκείμενον
2628 2511 2703 2583 τῷ
2733 2511 3082 2581 προσρήματι
3106 2507 3278 2577 τούτῳ
3303 2504 3427 2560 γοῦν
3459 2500 3744 2573 παραδέχῃ

2167 2606 2440 2678 τὴνλέξιν.
2472 2604 2581 2658 Καὶ
2614 2604 2773 2675 ἡμεῖς
2811 2599 3071 2661 ὡσαύτως
3118 2597 3206 2650 διά
3256 2596 3357 2666 τὴν
3411 2592 3744 2663 ἐγκειμένην

2168 2697 2392 2761 ἔννοιαν,
2418 2694 2514 2766 τὴν
2542 2694 2723 2763 φωνὴν
2747 2693 2844 2760 τῆς
2873 2690 3111 2752 ἐπινοίας
3141 2684 3578 2759 παρεδεξάμεθα.
3601 2683 3761 2735 Οὐκς

2167 2787 2261 2842 οὖν
2290 2787 2324 2858 ἢ
2349 2785 2419 2840 τά
2441 2783 2534 2838 δύο
2560 2784 2661 2855 τῆς
2709 2783 2956 2853 χρήσεως
2982 2778 3367 2852 ἐξαιρήσομεν,
3398 2775 3432 2846 ἢ
3471 2772 3587 2826 οὗθ’
3619 2772 3744 2825 ἔτει

2170 2894 2292 2951 ρον·
2316 2880 2416 2931 ὅτι
2437 2875 2483 2929 δ’
2523 2872 2589 2926 ἂν
2621 2873 2846 2943 γένηται
2893 2869 3097 2924 τούτων
3122 2909 3138 2933 ,
3169 2866 3237 2920 δι’
3265 2865 3547 2934 ἑκατέρων
3583 2861 3744 2931 νική-

2170 2985 2351 3039 σομεν.
2385 2964 2761 3034 Σιωπηθείσης
2817 2962 2916 3032 μὲν
2959 2960 3067 3031 γὰρ
3114 2957 3341 3012 καθόλου
3369 2958 3469 3025 τῆς
3512 2957 3748 3023 ἁγεννη-

2172 3060 2291 3123 σίας
2309 3101 2324 3124 ,
2358 3059 2506 3126 πᾶσα
2532 3050 2974 3123 συγκατεσϐέσθη
3001 3049 3110 3104 τῶν
3130 3046 3384 3102 ἐναντίων
3415 3047 3448 3115 ἡ
3477 3043 3622 3097 κατά
3644 3043 3748 3112 τῆς

2169 3151 2423 3224 ἀληθείας
2442 3148 2611 3220 φωνὴ,
2641 3148 2735 3200 καὶ
2754 3145 3035 3219 πρέπουσα
3055 3142 3135 3213 τῷ
3157 3141 3452 3209 Μονογενεῖ
3469 3137 3592 3208 Θεῷ
3605 3137 3734 3203 δόξα

2169 3242 2319 3314 παρά
2352 3241 2569 3294 πάντων
2596 3237 2863 3309 ἐκλάμψει
2883 3278 2899 3302 ,
2928 3233 3153 3306 μηδενὸς
3181 3231 3332 3294 ὕντος
3358 3231 3626 3300 ὀνόματος
3648 3225 3745 3280 τοῦ

2172 3334 2232 3400 ἐξ
2261 3332 2696 3404 ἀντιδιαιρέσεως
2719 3330 2779 3383 τδ
2814 3329 3098 3401 μεγαλεῖον
3125 3325 3219 3380 τοῦ
3237 3323 3443 3395 Κυρίου
3469 3337 3745 3390 κατασμι-

2172 3425 2481 3498 κρύνοντος.
2518 3423 2657 3475 Εἰδέ
2691 3421 2839 3492 μένοι
2872 3418 3174 3489 ἀμφότερα,
3202 3417 3297 3470 καὶ
3319 3414 3493 3477 οὕτως
3521 3414 3744 3482 ἐπικρα-
3817 3469 3823 3475 δ

2169 3520 2321 3589 τήσει
2356 3516 2476 3587 μεθ’
2505 3516 2536 3585 ἠ
2548 3514 2661 3585 μῶν
2689 3515 2722 3584 ἡ
2758 3509 3022 3581 ἀληθεία,
3055 3510 3133 3572 εἰς
3158 3508 3254 3576 τὴν
3278 3505 3525 3559 ἐπίνοιαν
3552 3506 3617 3557 ἐκ
3646 3502 3744 3572 τῆς

2169 3609 2356 3672 οὐσίας
2414 3604 2797 3678 μετατεθέντος
2841 3600 2935 3654 τοῦ
2964 3601 3064 3671 τῆς
3094 3596 3417 3668 ἀγεννησίας
3456 3596 3738 3664 ὀνόματος.

2183 3700 2321 3755 Ἀλλ’
2364 3698 2470 3761 ἕως
2515 3697 2615 3750 οὐκ
2652 3694 2858 3765 ἐξαιρεῖ
2907 3690 3016 3747 τῶν
3080 3689 3222 3744 ἰδίων
3264 3686 3442 3755 λόγων
3487 3685 3590 3757 τὴν
3649 3683 3739 3737 τοῦ

2171 3791 2462 3860 ἀγεννήτου
2515 3785 2696 3857 φωνὴν
2714 3824 2731 3848 ,
2785 3782 3159 3854 νουθετησάτω
3204 3778 3392 3833 ἐαυτὸν
3440 3777 3568 3831 καθ’
3599 3777 3739 3847 ἡμᾶς

2168 3883 2457 3952 Φαρισαῖος
2475 3919 2489 3942 ,
2516 3876 2589 3948 μὴ
2618 3876 2878 3945 πρότερον
2899 3872 3036 3944 πρὸς
3064 3871 3126 3925 τὸ
3149 3870 3411 3941 ⁴ἡμέτερον
3437 3867 3741 3922 διαϐλέπειν

2170 3973 2413 4043 κάρφος,
2464 3968 2600 4039 πρὸς
2629 3967 2727 4037 τὴν
2769 3963 3095 4033 ἐγκειμένην
3129 3959 3278 4031 αὐτῷ
3325 3959 3483 4013 δοκὸν
3540 3956 3741 4012 άποϐαυ

2169 4064 2282 4117 λεϊν
2329 4062 2438 4115 τῶν
2493 4058 2775 4130 ὀμμάτων.
2819 4054 2957 4108 Ἀλλ’
3002 4056 3032 4107 ὀ
3062 4052 3195 4116 Θεὸς
3218 4091 3233 4114 ,
3290 4051 3424 4121 φησὶ
3444 4090 3460 4114 ,
3489 4050 3589 4104 καὶ
3634 4050 3740 4112 τοῖς

2169 4152 2577 4214 ἀσθενεστάτοις
2625 4148 2737 4202 τῶν
2767 4146 2892 4219 περὶ
2934 4145 3037 4215 γῆν
3066 4142 3409 4214 τιμιωτάτων
3442 4140 3738 4211 μεταδέδω·

2172 4263 2267 4301 κεν
2294 4243 2575 4314 ὀνομάτων
2592 4280 2607 4306 ,
2640 4237 2716 4310 μὴ
2749 4234 3126 4308 συμμεταδοὺς
3155 4235 3255 4303 τῆς
3280 4232 3387 4285 τῶν
3416 4226 3740 4302 atng

2173 4334 2508 4408 ἰσομοιρίας,
2558 4330 2652 4385 καὶ
2697 4331 2810 4391 τοῖς
2862 4323 3217 4398 κυριωτάτοις
3233 4363 3255 4393 ,ι
3290 4321 3397 4376 τῶν
3419 4319 3739 4405 εὐτελεστάο

489 4449 805 4507 nominibus
826 4449 1041 4506 coillata
1064 4448 1298 4502 naturali
1334 4448 1558 4503 vilitate.
1591 4446 1716 4502 llaec
1743 4446 1809 4501 ad
1838 4446 2061 4500 verbum

2168 4442 2275 4482 των
2295 4466 2310 4491 ,
2342 4423 2416 4495 μὴ
2453 4418 2866 4492 συμφερομένης
2892 4415 2997 4469 ὑπὸ
3023 4415 3130 4468 τῶν
3175 4414 3455 4484 ὀνομάτων
3491 4413 3594 4482 τῆς
3641 4427 3733 4521 «pr-

491 4541 636 4594 dieta
681 4547 829 4604 sunt,
862 4540 1005 4595 sicut
1054 4539 1124 4593 ab
1171 4538 1325 4606 ipsis,
1374 4536 1456 4592 sle
1501 4551 1531 4590 a
1580 4536 1740 4592 nobis
1786 4534 2061 4604 descripta

493 4637 641 4685 sunt.
672 4628 728 4684 Si
760 4631 996 4699 aliquam
1029 4629 1083 4682 in
1140 4626 1410 4697 profundo
1440 4628 1748 4681 abstrusam
1789 4625 1951 4679 habet
1984 4624 2069 4677 in-

492 4723 848 4793 telligentiam
883 4735 1006 4791 qua:
1034 4735 1136 4774 nos
1162 4718 1352 4789 fugiat,
1381 4718 1567 4772 dicant
1584 4718 1674 4787 qui
1709 4715 2069 4784 comprehen-

491 4814 691 4869 derunt
715 4828 775 4867 ea
808 4826 925 4881 quae
969 4811 1184 4880 longius
1233 4809 1433 4864 absunt
1468 4823 1497 4861 a
1532 4815 1724 4863 nostro
1749 4812 2068 4875 conspectu,

490 4907 583 4977 qui
613 4905 811 4960 initiati
839 4911 969 4958 sunt
998 4911 1052 4957 et
1077 4901 1254 4957 edocti
1305 4900 1554 4955 intimam
1588 4899 1770 4961 istam,
1793 4906 1847 4953 et
1876 4895 2069 4952 inetia-

491 4999 655 5054 bllem
689 4995 1070 5053 initiationem.
1114 4992 1268 5058 Quod
1301 4993 1347 5048 si
1397 4991 1532 5045 nihil
1566 4990 1797 5059 amplius
1839 4988 1922 5042 his
1948 5002 2071 5059 quae

493 5092 547 5144 in
575 5096 829 5161 promptu
879 5076 1257 5155 intelliguntur
1294 5085 1747 5153 interpretantur,
1778 5080 1923 5136 haud
1953 5080 2069 5135 scio

493 5188 647 5234 utros
694 5177 883 5234 alteris
934 5173 1361 5231 miserabiliores
1409 5172 1805 5242 reputaverim,
1859 5186 1926 5225 an
1971 5184 2067 5227 eos

493 5272 584 5340 qni
610 5270 737 5323 talia
761 5268 973 5329 dicunt.
1012 5281 1082 5321 an
1124 5280 1218 5321 eos
1247 5264 1341 5335 qui
1376 5278 1537 5320 aures
1565 5263 1768 5319 talibus
1798 5262 2062 5332 praebent.

496 5361 910 5424 lnﬂrmissimis,
946 5359 1043 5423 ait,
1070 5358 1414 5413 terrestrium
1450 5354 1844 5427 pretiosissima
1873 5354 2066 5409 tribuit

498 5451 743 5517 nomina,
798 5448 906 5506 non
955 5450 1117 5505 simul
1171 5450 1497 5521 dignitatum
1547 5466 1557 5477 ν
1614 5468 1635 5472 δ-
1722 5448 1729 5456 ’
1874 5470 1879 5475 π
1928 5447 1969 5499 .“

496 5542 664 5613 gitus.

564 5710 831 5797 "Matth.
867 5755 963 5805 vn,
997 5740 1048 5794 5.
1081 5755 1196 5808 Stl‘l-

2169 4519 2326 4587 σικῆς
2379 4511 2667 4574 εὐτελείας.
2727 4508 2912 4562 Ταῦτα
2959 4508 3078 4560 κατ’
3137 4504 3307 4575 αὐτὴν
3363 4503 3582 4576 εἴρηται
3644 4500 3736 4572 τὴν

2168 4607 2334 4672 λέξιν,
2354 4602 2500 4658 οὕτω
2524 4604 2650 4674 παρ’
2669 4600 2849 4655 αὐτῶν
2876 4598 2951 4663 ὡς
2975 4599 3102 4666 παρ’
3126 4595 3285 4667 ἡμῶν
3308 4594 3731 4665 ἀναγέγραπται.

2172 4698 2239 4753 El.
2275 4698 2374 4769 μέν
2399 4712 2522 4749 τινα
2553 4692 2693 4748 κατά
2725 4691 2787 4745 τὸ
2816 4690 2977 4762 βάθος
3003 4687 3457 4759 ἐγκεκρυμμένην
3484 4687 3599 4757 ἔχει
3631 4684 3733 4740 διά-

2172 4806 2322 4845 νοιαν
2352 4787 2452 4859 τὴν
2475 4786 2624 4859 ἡμᾶς
2650 4782 3046 4851 διαφεύγουσαν
3064 4821 3080 4846 ,
3121 4779 3433 4848 λεγέτωσαν
3463 4778 3515 4831 oi
3562 4792 3736 4832 κατει·

2174 4881 2522 4956 ληφόπς¹τά
2551 4879 2739 4951 πόρρω
2774 4877 2875 4947 τῆς
2919 4876 3189 4947 ἡμετέρας
3227 4871 3509 4942 ἐπόψεως,
3549 4870 3602 4924 οί
3648 4884 3733 4956 με·

2178 4953 2447 5049 μυημένοι
2481 4973 2608 5044 παρ’
2633 4968 2798 5025 αὐτοῦ
2827 4967 2924 5039 τὴν
2960 4966 3294 5038 ἐσωτερικήν
3328 4980 3389 5017 τε
3435 4962 3532 5017 καὶ
3571 4953 3731 5031 άπόῥο

2177 5072 2338 5142 ῥητον
2364 5064 2658 5139 μύησιν.Εί
2685 5062 2742 5116 δὲ
2761 5060 2924 5115 πλέον
2948 5059 3100 5113 οὐδὲν
3119 5057 3226 5111 τῶν
3246 5058 3311 5111 ἐκ
3330 5055 3424 5109 τοῦ
3454 5053 3729 5125 προχείρου

2174 5158 2479 5231 νοουμένων
2506 5151 2970 5224 διερμηνεύουσιν,
2997 5149 3098 5203 οὐκ
3130 5143 3248 5202 οἶδα
3277 5145 3540 5216 ποτέρως
3566 5143 3629 5197 ἄν
3656 5154 3730 5231 τις

2174 5228 2568 5321 ἐλεεινοτέρους
2592 5243 2699 5297 τῶν
2734 5241 2935 5313 ἐτέρων
2958 5240 3259 5308 λογίσαιτο,
3305 5237 3433 5300 τοὺς
3476 5234 3547 5289 τὰ

2169 5360 2237 5397 τα
2263 5317 2548 5408 λέγοντας,
2594 5334 2782 5406 ἢτοὺς
2819 5331 2919 5396 τάς
2959 5331 3127 5394 ἀκοάς
3169 5332 3284 5393 τοῖς
3330 5326 3585 5388 τοιούτοις
3610 5317 3727 5376 ύπέ·

2040 5474 2065 5486 -
2168 5449 2383 5506 χοντας.
2423 5431 2548 5492 Τοῖς
2593 5423 3005 5487 ἀσθενεστάτοις
3024 5462 3041 5487 ,
3091 5420 3257 5493 φησὶ,
3298 5420 3411 5473 τῶν
3458 5414 3582 5486 περὶ
3608 5410 3721 5481 γῆν,

2070 5514 2077 5522 ’
2171 5526 2277 5580 τῶν
2301 5520 2643 5595 τιμιωτάτων
2684 5516 3053 5590 μεταδέδωκεν
3086 5513 3397 5585 ὀνομάτων,
3451 5508 3525 5583 μὴ
3567 5517 3720 5577 μετα·

2172 5616 2294 5679 δοὺς
2322 5618 2421 5686 τῆς
2452 5612 2559 5667 τῶν
2595 5610 2919 5682 ἀξιωμάτων
2956 5607 3277 5680 ἰσομοιρίας.
