4010 6212
263 325 401 381 1017

1344 292 1621 415 eorum
1662 325 2051 393 wuouwu,
2090 296 2221 384 Lm.
2246 301 2378 385 'xn.

3372 322 3513 383 ’1018

338 441 552 499 υῦκοῦν
583 443 944 516 σκοπήσωμεν
969 444 1065 517 τὴν
1096 445 1205 500 τῶν
1234 445 1537 516 εἰρημένων
1563 445 1801 500 διάνοιαν
1823 463 1837 478 ο

2016 422 2158 517 Ergo
2188 426 2461 500 dictorum
2503 455 2729 497 sensum
2761 441 3197 498 consideremus.
3233 440 3507 511 Inﬁrmis-

264 537 348 590 Τὰ
369 535 801 599 ἀσθενέστατα,
837 536 991 606 φησὶ,
1025 535 1218 606 ψιλῆς
1240 537 1546 600 ἀξιοῦνται
1573 536 1685 607 τῆς
1720 536 1841 591 τῶν

215 698 221 705 ι
260 630 476 698 τιμίων
512 628 920 698 προσηγορίας
941 669 956 691 ,
990 630 1102 683 οὐκ
1133 628 1278 683 ὄντα
1306 627 1421 696 τὴν
1464 630 1654 709 φύσιν
1689 628 1840 697 ἅπερ

262 719 743 789 κατονομάζεται.
780 720 889 774 Καὶ
933 719 1087 773 τοῦτο
1126 720 1285 793 ἔργον
1318 716 1456 775 εἶναι
1498 720 1644 791 λέγει
1680 720 1837 787 Θεοῦ,

262 810 731 881 τὸδιαᾲεύδεσθαι
774 813 842 882 τῇ
889 812 1189 884 τιμιωτέρᾳ
1235 812 1423 884 κλήσει
1476 812 1575 885 τὴν
1624 814 1840 884 χείρονα

264 902 461 970 φύσιν,
489 901 673 957 καὶτὸ
714 900 950 974 ἔμπαλιν
999 903 1099 968 τὰς
1144 904 1471 977 ἀτιμοτέρας
1516 904 1699 974 φωνὰς
1727 907 1839 969 τοῖς

264 992 405 1047 κατὰ
452 992 614 1062 φύσιν
664 991 956 1064 προέχουσι
991 993 1085 1048 τὸν
1117 993 1249 1048 Θεὸν
1295 995 1625 1067 ἐφαρμόζειν
1665 996 1836 1064 λέγει,

248 1086 342 1155 ςμὴ
384 1083 927 1155 συμμετατιθεμένης
978 1084 1043 1154 τῇ
1090 1082 1281 1155 κλήσει
1330 1085 1433 1156 τῆς
1472 1085 1705 1155 φύσεως.
1751 1086 1839 1150 Ὠς

261 1177 308 1229 δ’
338 1176 406 1230 ἂν
439 1175 672 1247 μάλιστα
699 1174 1007 1245 καταφανὲς
1040 1176 1171 1247 ήμῖν
1199 1176 1259 1229 τὸ
1286 1176 1573 1246 λεγόμενον
1605 1178 1836 1247 γένοιτο,

264 1270 353 1321 ἐπ’
386 1267 566 1322 αὐτῶν
609 1264 950 1337 δειχθήσεται
996 1265 1109 1321 τῶν
1150 1267 1490 1339 πραγμάτων
1537 1270 1569 1339 ή
1615 1268 1834 1325 ἀτοπία.

264 1357 333 1411 Εἴ
355 1374 442 1422 τις
468 1357 559 1410 τὸν
589 1356 678 1410 διὰ
724 1355 905 1429 πάσης
944 1355 1144 1428 ἀρετῆς
1191 1356 1473 1428 εὐδόκιμον
1494 1399 1509 1424 ,
1541 1358 1837 1413 ἀκόλαστον

262 1451 412 1519 λέγοι
434 1466 448 1480 ο
478 1449 510 1521 ἢ
540 1448 884 1521 ἀναστρέψας
909 1487 924 1512 ,
952 1448 1043 1502 τὸν
1079 1448 1167 1521 ῖσῃ
1197 1449 1367 1522 κακίᾳ⁵
1396 1450 1836 1522 διαϐεϐλημένον,

263 1541 469 1611 ἀγαθὸν
492 1543 636 1595 είποι
660 1541 755 1595 καὶ
785 1542 1012 1613 κόσμιον
1030 1557 1043 1572 ⁵
1068 1537 1175 1614 ἄρα
1200 1545 1496 1614 σωφρονεῖν
1518 1544 1546 1597 6
1574 1542 1835 1609 τοιοῦτος,

264 1636 298 1705 ή
335 1651 459 1688 τινα
496 1633 594 1705 τῆς
621 1632 877 1703 ἀληθείας
919 1632 1061 1705 ἔχειν
1092 1634 1345 1706 φροντίδα
1392 1633 1543 1706 παρά
1565 1630 1684 1698 ’τοῖς
1710 1634 1836 1689 νοῦν

263 1728 448 1798 ἔχουσι
484 1726 901 1798 νομισθήσεται,
932 1725 1335 1798 ἐνηλλαγμένας
1363 1726 1500 1798 πρὸς
1528 1727 1835 1782 τούναντίον

1941 539 2099 602 sima,
2149 538 2352 607 inquit,
2409 535 2573 605 digna
2615 543 2893 588 censentur
2943 533 3072 588 exili
3123 533 3513 588 honorabilia»:

1941 628 2309 697 appellatione,
2337 643 2455 681 cum
2478 642 2581 679 non
2609 626 2718 679 sint
2747 637 2946 679 natura
2986 626 3123 679 sicut
3146 627 3509 679 nominantur.

1940 721 2018 775 Ae
2046 720 2140 776 Dei
2170 735 2309 791 Opus
2332 720 2431 775 hoc
2453 734 2574 775 esse
2594 720 2690 779 ait.
2720 718 3082 789 appellatione
3105 718 3510 775 honorabiliore

1940 823 2191 867 naturam
2246 811 2574 866 deteriorem
2628 810 2921 873 ementiri,
2968 824 3032 864 ac
3100 825 3295 866 rursus
3348 826 3510 868 voces

1941 905 2123 959 minus
2173 902 2544 967 honorabiles,
2581 910 2775 956 natura
2822 902 3297 971 praestantioribus
3341 902 3510 957 Deum
3608 944 3611 949 .

1940 995 2240 1051 attribucre
2269 995 2426 1060 dicit,
2460 1002 2653 1049 natura
2686 1010 2783 1065 per
2818 994 3236 1063 appellationem
3285 994 3511 1049 minime

1939 1088 2243 1143 immutata.
2289 1086 2359 1143 Ut
2412 1095 2594 1141 autem
2632 1086 2776 1157 quod
2811 1085 3036 1151 dicitur,
3095 1088 3330 1141 maxime
3383 1103 3509 1158 pera

1939 1181 2189 1250 spicuum
2220 1180 2381 1235 nobis
2409 1178 2523 1243 ﬂat,
2567 1179 2620 1233 in
2676 1179 2813 1250 ipsis
2847 1179 3010 1234 rebus
3045 1179 3513 1235 demonstrabitur

1938 1269 2271 1325 absurditas.
2301 1267 2360 1323 Si
2386 1269 2510 1339 quis
2532 1267 2681 1322 omni
2711 1268 2929 1323 virtutis
2959 1267 3116 1323 laude
3144 1269 3506 1336 cumulatum,

1939 1358 2386 1429 intemperantem
2426 1344 2613 1422 dicat;
2655 1356 2739 1411 vel
2766 1370 2797 1411 e
2827 1357 3104 1410 contrario
3152 1358 3343 1428 aequali
3376 1360 3508 1414 vitio

1937 1452 2485 1512 damnatum.honum
2505 1458 2561 1506 et
2588 1448 2893 1503 modestum
2918 1448 3137 1509 dixerit,
3162 1458 3343 1503 utrum
3364 1465 3511 1506 sana:

1937 1544 2139 1599 mentis
2173 1543 2337 1597 homo
2356 1542 2483 1596 talis
2505 1556 2650 1605 esse,
2678 1540 2761 1594 vel
2784 1539 3022 1610 aliquam
3055 1540 3300 1595 veritatis
3322 1556 3507 1595 curam

1939 1635 2146 1690 habere
2184 1632 2330 1705 apud
2365 1632 2564 1687 mentis
2599 1641 2877 1701 compotes
2916 1630 3255 1697 censebitur,
3294 1632 3347 1685 in
3380 1647 3511 1687 con-

1937 1726 2169 1781 trarium
2231 1724 2649 1795 appellationem
2719 1730 3086 1785 eommutaus,
3147 1723 3508 1793 significantia
3614 1722 3619 1727 ’

262 1818 364 1881 τὰς
394 1814 765 1889 προσηγορίας
804 1814 1163 1899 ⁹ποιούμενος,
1218 1815 1293 1889 μὴ
1340 1814 1834 1887 συμμαρτυρούσης

1943 1818 2220 1872 nominum
2256 1831 2364 1870 non
2425 1814 2785 1870 conveniente
2822 1814 3070 1868 natum?
3099 1813 3211 1883 Ego
3258 1816 3509 1886 equidem

263 1909 329 1979 τῇ
370 1906 616 1979 σημασίᾳ
661 1906 769 1960 τῶν
803 1906 1080 1978 ὀνομάτων
1127 1906 1227 1977 τῆς
1268 1906 1514 1975 φύσεως;
1557 1907 1697 1977 Ἐγὼ
1739 1909 1836 1979 μὲν

262 2001 364 2053 οὐκ
400 1994 575 2070 οἶμαι.
602 1998 788 2052 Ταῦτα
815 1998 992 2053 τοίνυν
1022 1996 1152 2069 περί
1188 1998 1281 2052 τοῦ
1308 1997 1443 2052 Θεοῦ
1470 1998 1714 2068 γίνεσθαί
1734 2017 1839 2070 φη-

263 2107 351 2143 σιν
400 2082 555 2154 οὗτος
579 2129 595 2153 ,
625 2087 660 2142 ἀ
700 2087 824 2141 οὕτε
871 2089 990 2154 ταῖς
1031 2091 1236 2152 κοιναῖς
1281 2088 1389 2143 τῶν
1434 2090 1683 2156 ἐννοιῶν,
1714 2089 1837 2144 οὔτε

259 2184 385 2244 ταῖς
434 2182 730 2253 γραφικαῖς
766 2179 1092 2253 μαρτυρίαις
1127 2180 1433 2252 συμϐαίνει.
1476 2182 1565 2235 Ἑν
1604 2183 1702 2253 μὲν
1729 2183 1838 2255 γὰρ

259 2275 328 2343 τῇ
365 2271 508 2325 κατά
543 2271 634 2326 τὸν
665 2270 778 2342 βίον
803 2270 960 2343 ήμῶν
985 2270 1262 2343 συνηθείᾳ,
1295 2272 1469 2343 μόνων
1506 2272 1613 2326 τῶν
1642 2275 1707 2327 ἐκ
1738 2274 1836 2345 μέ·-

263 2365 369 2434 θης
405 2364 439 2435 ἢ
476 2364 779 2435 φρενίτιδος
821 2364 1242 2436 παραπαιόντων
1269 2364 1385 2418 ἐστὶ
1410 2404 1426 2429 ,
1459 2365 1521 2419 τὸ
1550 2365 1840 2421 διαπλανᾶ-

264 2457 393 2510 σθαι
424 2455 560 2528 πρὸς
581 2455 650 2509 τά
673 2438 930 2527 ὀνόματα,
957 2457 1049 2510 καὶ
1077 2456 1152 2527 μὴ
1180 2455 1320 2510 κατά
1347 2455 1410 2510 τὸ
1442 2457 1838 2529 σημαινόμενον

261 2550 386 2611 ταῖς
421 2547 513 2601 ἐπὶ
564 2547 672 2602 τῶν
703 2548 1044 2619 πραγμάτων
1089 2547 1387 2620 κεχρῆσθαι
1427 2544 1661 2619 φωναῖς,
1701 2549 1839 2605 ἀλλὰ

263 2637 406 2691 κύνα
438 2637 538 2707 μὲν
567 2637 769 2708 λέγειν,
803 2640 870 2693 ἂν
896 2638 1069 2703 οὕτως
1092 2639 1208 2712 ἔχῃ,
1242 2639 1334 2694 τὸν
1370 2640 1652 2711 ἄνθρωπον
1671 2658 1686 2673 ·
1716 2641 1839 2696 κυνὶ

262 2729 322 2782 δὲ
359 2729 521 2782 πάλιν
555 2728 886 2798 ἐφαρμόζειν
929 2727 1215 2800 ἀνθρώπου
1255 2728 1641 2801 προσηγορίαν.
1674 2729 1751 2806 βΗ
1781 2728 1839 2782 δὲ

265 2819 389 2873 θεία
409 2817 603 2890 Γραφὴ
635 2819 886 2874 τοσοῦτον
931 2819 1123 2891 ἀπέχει
1152 2819 1246 2874 τοῦ
1278 2821 1357 2892 τῇ,
1380 2820 1638 2891 συγχύσει
1665 2819 1838 2895 ταύτῃ

267 2908 630 2973 συντίθεσθαι,
661 2910 802 2962 ὥστε
838 2910 932 2962 καὶ
962 2910 1207 2983 φανερῶς
1232 2908 1347 2963 ἔστι
1381 2910 1479 2982 τῆς
1502 2909 1840 2982 προφητείας

265 2998 364 3052 ἐπὶ
409 2998 620 3062 τούτοις
647 2996 1064 3069 σχέτλιαζούσης
1105 2996 1343 3051 ἀκούειν.
1388 2996 1537 3052 οὐαὶ
1564 3000 1598 3051 ὁ
1623 2998 1836 3068 λέγων,

1937 1925 2047 1963 non
2100 1908 2360 1962 arbitror.
2422 1905 2548 1960 llaec
2601 1904 2766 1975 igitur
2802 1903 2869 1958 de
2907 1902 3015 1958 Deo
3051 1904 3167 1958 fieri
3218 1904 3306 1958 hic
3353 1906 3506 1969 dicit,

1936 2017 2058 2073 quae
2090 2016 2269 2070 neque
2291 1997 2676 2054 communibus
2708 1996 2951 2061 notitiis,
2989 2011 3165 2065 neque
3215 1996 3510 2065 Scriptura:

1938 2091 2270 2149 testimoniis
2283 2097 2615 2161 congruunt.
2638 2086 2771 2141 Nam
2808 2086 2862 2140 in
2880 2086 3276 2142 consuetudine
3310 2097 3511 2144 nostra:

1938 2185 2061 2239 vitae
2091 2183 2334 2239 solorum
2366 2188 2460 2237 'est
2499 2180 2763 2235 ebrietate
2792 2178 2875 2233 vel
2909 2179 3214 2248 plirenitide
3237 2178 3509 2251 desipien-

1937 2277 2095 2344 tium,
2115 2276 2170 2329 in
2200 2272 2512 2328 nominibus
2540 2286 2727 2325 errare
2745 2287 2773 2335 ;‘
2794 2277 2848 2324 ct
2876 2286 2984 2324 non
3018 2271 3318 2325 secundum
3346 2273 3512 2342 signi-

1939 2365 2157 2419 ﬁcatum
2200 2363 2256 2417 in
2294 2362 2458 2417 rebus
2490 2359 2568 2414 uti
2602 2354 2865 2424 vocibus‘;
2911 2358 3005 2413 sed
3049 2372 3238 2414 canem
3286 2359 3508 2430 quidem

1938 2456 2120 2511 dicere
2147 2455 2453 2521 hominem;
2506 2452 2630 2507 cani
2662 2466 2791 2506 vero
2822 2458 3012 2505 contra
3038 2450 3276 2506 hominis
3322 2452 3507 2522 appel-

1936 2544 2194 2599 lationem
2243 2541 2679 2597 accommodare.
2735 2537 2968 2592 Tantum
3016 2547 3195 2592 autem
3247 2538 3402 2593 abest
3451 2548 3510 2592 ut

1938 2636 2121 2691 divina
2168 2633 2449 2704 Scriptura
2492 2623 2629 2685 huic
2683 2628 2992 2685 confusioni
3043 2629 3398 2696 assentiatur,
3448 2639 3509 2684 ut

1937 2728 2099 2782 etiam
2133 2723 2419 2780 manifeste
2440 2721 2631 2777 audire
2648 2720 2809 2775 liceat
2841 2718 3156 2790 prapbctam
3181 2720 3251 2774 ob
3274 2720 3385 2774 haec
3406 2720 3507 2773 do-

1938 2818 2159 2873 lentem.
2193 2814 2304 2881 Va',
2330 2814 2526 2885 inquit,
2541 2813 2631 2883 qui
2651 2813 2778 2865 dicit
2803 2812 2969 2865 lucem
3002 2810 3258 2878 tenebras,
3283 2821 3333 2866 et
3367 2823 3509 2866 tene-

1940 2908 2060 2962 bras
2110 2907 2299 2971 lurem,
2329 2913 2379 2960 et
2433 2904 2524 2976 qui
2560 2904 2707 2973 ponit
2759 2919 3005 2957 amarum
3054 2903 3227 2967 dulce,
3267 2912 3316 2957 et
3358 2902 3511 2959 dulce

1941 3015 2185 3054 amarum
2205 2998 2272 3052 ⁵⁸.
2305 2995 2447 3064 Quid
2486 2995 2650 3066 igitur
2696 3002 2950 3065 spectans
2991 2993 3132 3049 hanc
3172 3000 3378 3047 tantam
3412 2995 3509 3048 ah-

266 3090 423 3160 φησὶ,
459 3090 527 3143 τὸ
563 3088 689 3159 φῶς
720 3090 972 3154 σκότος,
1007 3088 1105 3142 καί
1131 3087 1197 3142 τὸ
1225 3089 1445 3154 σκότος
1486 3088 1611 3158 φῶς
1633 3130 1649 3155 ,
1692 3091 1726 3143 ό
1751 3105 1837 3143 τι·

1943 3092 2262 3147 surditatem
2320 3094 2474 3158 putat
2505 3094 2760 3157 Oportere
2795 3084 2904 3139 Deo
2945 3084 3281 3139 attriliuere?
3319 3083 3510 3137 Dicant

267 3181 394 3248 θεὶς
422 3181 501 3235 τὸ.
520 3181 735 3250 ,πικρὸν
759 3180 975 3251 γλυκὺ,
1007 3179 1195 3234 καὶτὸ
1222 3180 1412 3250 γλυκὺ
1434 3181 1668 3249 πικρόν.
1695 3179 1840 3253 Πρὸς

265 3272 321 3325 τί
352 3270 532 3324 τοίνυν
562 3269 771 3341 βλέπων
792 3270 893 3342 τὴν
920 3268 1149 3323 ἀτοπίαν
1169 3268 1371 3340 ταύτην
1398 3271 1841 3341 προσμαρτυρεῖν

266 3363 439 3416 οἴεται
467 3362 575 3416 δεῖν
610 3360 688 3432 τῷ
723 3360 835 3432 ἰδίῳ
862 3360 1015 3431 Θεῷ;
1047 3361 1373 3415 Εἰπάτωσαν
1404 3361 1451 3414 οἰ
1482 3376 1843 3433 μυσταγωγη-

269 3454 456 3517 θέντες
492 3452 621 3523 παρ’
650 3451 800 3523 αύτῷ
840 3450 910 3505 τὰ
941 3451 1225 3525 ἀπόρρητα
1251 3489 1266 3515 ,
1319 3450 1375 3505 τί
1402 3451 1511 3505 τῶν
1556 3451 1685 3523 περὶ
1733 3450 1841 3522 γῆν

267 3544 660 3601 ἀσθενέστατον
717 3543 1030 3615 κρίνουσιν,
1090 3541 1120 3595 δ
1168 3543 1289 3606 ταῖς
1342 3540 1701 3612 τιμιωτάταις
1731 3540 1841 3595 τῶν

269 3635 595 3715 ὲπιονυμιῶν
621 3633 772 3707 παρά
798 3633 892 3687 τοῦ
914 3632 1049 3687 Θεοῦ
1080 3631 1842 3703 σεμνύνεται.·Ἀσθενέστατα

267 3728 380 3782 τῶν
408 3727 578 3781 ὄντων
608 3726 677 3780 τὰ
700 3724 921 3779 τοιαῦτα
940 3724 1047 3778 τῶν
1072 3722 1225 3789 ζώων
1255 3724 1403 3780 ἐστὶν
1422 3765 1438 3792 ,
1464 3718 1546 3789 οἷς
1570 3727 1602 3797 ή
1628 3726 1843 3795 γένεσις

268 3819 384 3875 ἀπὺ
412 3819 626 3891 σήψεως
650 3817 833 3891 ὑγρῶν
866 3816 965 3889 τὴν
995 3816 1253 3871 σύστασιν
1292 3816 1423 3887 ἔχει.
1447 3816 1763 3888 Τιμιὼτατα
1786 3819 1844 3874 δὲ

267 3912 383 3965 τῶν
416 3910 586 3967 ὄντων
610 3910 776 3983 ἀρετή
798 3926 858 3964 τε
891 3908 984 3963 καὶ
1020 3908 1273 3980 ἀγιότης,
1304 3909 1399 3963 καὶ
1425 3910 1479 3963 εἴ
1508 3925 1560 3962 τι
1589 3908 1740 3979 φίλον
1765 3910 1845 3982 τῷ

269 4001 413 4073 Θεῷ.
448 3996 577 4073 Ἆρ’
604 3996 699 4055 οὖν
731 4002 904 4071 μυῖαι,
937 4000 1031 4054 καὶ
1058 3998 1281 4063 κνίπες,
1316 3999 1410 4053 καὶ
1440 3999 1720 4073 βάτραχοι,
1749 4003 1845 4057 καὶ

269 4089 355 4156 οἷς
378 4093 443 4145 lx
466 4091 673 4163 κόπρου
698 4092 732 4162 ἡ
750 4087 977 4157 ’γένεσις
996 4130 1011 4155 ,
1032 4088 1206 4145 ταῦτα
1224 4091 1290 4162 τῇ
1315 4088 1412 4143 τοῦ
1435 4090 1593 4160 ἀγίου
1614 4132 1628 4155 ,
1656 4094 1748 4146 καὶ
1774 4095 1842 4166 τῇ

269 4182 374 4252 τῆς
401 4182 604 4253 ἀρετῆς
633 4182 915 4254 ἐπωνυμίᾳ
954 4179 1273 4252 τετίμηται,
1302 4179 1443 4235 ὥστε
1489 4183 1845 4254 σεμνύνεσθαι

275 4274 378 4345 μιν
403 4275 518 4333 τοῖς
543 4272 743 4344 τιμίοις
784 4270 893 4326 τῶν
922 4272 1201 4343 ὀνομάτων
1220 4313 1236 4340 ,
1261 4272 1337 4344 μὴ
1392 4274 1754 4346 συμμετέχειν
1788 4274 1845 4329 δὲ

270 4364 375 4433 τῆς
422 4360 534 4415 τῶν
566 4360 893 4433 ἀξιωμάτων
920 4360 1221 4431 ἰσομοιρίας
1238 4403 1253 4426 ,
1287 4359 1469 4425 καθώς
1496 4377 1660 4433 φησιν
1685 4363 1715 4415 6
1742 4363 1847 4416 Εὐ-

1941 3180 2034 3251 qui
2102 3180 2223 3249 ejus
2266 3174 2727 3232 arcanis'initiati
2764 3184 2914 3241 sunt,
2963 3177 3222 3245 quidnam
3272 3177 3326 3231 in
3368 3186 3511 3232 terra

1942 3268 2371 3324 infirmissimum
2395 3266 2645 3337 iudicant
2686 3266 2833 3336 quod
2890 3266 3387 3322 honorabilissimis
3413 3283 3511 3338 ap-

1942 3358 2329 3432 pellationibus
2354 3371 2385 3411 a
2414 3356 2525 3412 Deo
2546 3354 2890 3413 nobilitatur.
2919 3353 3295 3411 inﬁrmissima
3318 3372 3511 3412 eorum

1940 3466 2062 3522 quae
2102 3455 2229 3505 sunt
2281 3462 2346 3504 ea
2396 3453 2525 3503 sunt
2576 3445 2853 3510 animalia,
2907 3445 3111 3516 quibus
3152 3448 3433 3518 generatio
3480 3464 3512 3504 a

1941 3541 2231 3616 putredine
2285 3539 2633 3593 humidorum
2688 3536 2970 3593 consistit:
3035 3537 3512 3594 honorabilissima

1942 3650 2071 3693 vero
2093 3647 2283 3690 eorum
2340 3646 2461 3701 qua:
2508 3637 2656 3695 sunt,
2692 3629 2869 3684 virtus
2907 3635 2961 3684 et
3011 3631 3296 3694 sanctitas,
3353 3641 3407 3685 et
3461 3631 3507 3686 si

1941 3726 2071 3800 quid
2107 3724 2217 3780 Deo
2246 3721 2494 3778 charum.
2526 3719 2608 3773 An
2647 3718 2831 3789 igitur,
2882 3733 3091 3783 musca,
3116 3720 3344 3786 culices,
3369 3737 3515 3777 rana:

1942 3824 1996 3872 et
2022 3813 2220 3887 quibus
2244 3826 2275 3866 e
2298 3818 2543 3883 stercore
2565 3815 2741 3871 ortus,
2776 3808 2891 3861 hsce
2923 3822 2991 3861 ne
3017 3809 3192 3862 sancti
3222 3815 3277 3863 ct
3294 3809 3512 3865 virtutis

1944 3902 2305 3977 appellatione
2327 3899 2592 3955 honorata
2617 3905 2765 3962 sunt,
2794 3897 2868 3952 ita
2895 3905 2955 3952 ut
2983 3896 3393 3955 honorabilibus
3411 3915 3513 3956 no-

1944 3999 2185 4057 minibus
2240 3994 2625 4058 illustrentur,
2685 3991 2910 4047 minime
2962 4005 3093 4047 vero
3145 3993 3510 4063 aequalitatem

1945 4093 2271 4165 dignitatum
2298 4086 2648 4161 participent,
2688 4082 3146 4171 quemadmodum
3197 4084 3273 4139 ait
3318 4082 3509 4141 Euno-

1945 4184 2122 4241 mius?
2159 4179 2265 4237 Sed
2306 4177 2549 4234 nondum
2580 4176 2689 4231 tale
2735 4175 2865 4246 quid
2915 4174 3245 4242 audivimus,
3274 4177 3419 4248 quod
3448 4194 3513 4234 ea

1945 4291 2065 4348 qua:
2097 4280 2225 4331 sunt
2252 4270 2466 4326 inﬁrma
2492 4266 3048 4339 magniﬁcentioribus
3072 4270 3383 4326 nominibus
3414 4287 3511 4343 ap-

1946 4354 2143 4441 pellata
2176 4364 2305 4430 sint,
2333 4363 2417 4419 vel
2440 4360 2586 4432 quod
2635 4375 2888 4432 magnum
2939 4368 2994 4416 et
3043 4361 3362 4419 honorabile
3411 4380 3515 4420 na-

271 4453 483 4523 νόμιος.
523 4450 664 4504 Ἀλλ’
695 4449 849 4504 οὔπω
893 4449 956 4504 τὸ
1003 4449 1243 4503 τοιοῦτον
1284 4450 1630 4523 ἠκούσαμεν,
1657 4451 1741 4506 ὅτι
1778 4452 1842 4507 τὰ

1950 4470 2092 4523 tura,
2116 4457 2312 4513 horum
2341 4454 2507 4509 unius
2533 4452 2897 4524 appellatione
2925 4453 3319 4510 contumeliosa
3350 4452 3517 4511 fuerit

272 4541 481 4612 ἀσθενῆ
508 4540 686 4597 ταῦτα
713 4542 834 4604 ταῖς
864 4539 1393 4614 μεγαλοφυεστέραις
1433 4540 1544 4597 τῶν
1574 4558 1849 4616 προσηγο-

277 4632 412 4706 ριιῖιν
442 4632 879 4703 κατωνόμασται,
918 4631 954 4701 ἢ
981 4632 1064 4686 ὅτι
1088 4631 1152 4685 τδ
1182 4631 1325 4703 μέγα
1356 4634 1424 4704 τῇ
1453 4632 1611 4703 φύσει
1637 4635 1734 4689 καὶ
1763 4634 1848 4688 τί-

279 4741 441 4797 μιον,
488 4726 557 4796 τῇ
588 4723 706 4787 ἰνὸς
735 4722 939 4777 τούτων
980 4721 1340 4795 καθυϐρίσθαι
1366 4727 1722 4798 προσηγορίᾳ.
1760 4727 1850 4781 Δία

276 4831 436 4880 καιος
463 4809 534 4886 ἦν
559 4816 589 4869 6
626 4814 787 4879 Νῶε,
827 4815 992 4885 φησὶν
1023 4814 1057 4883 ή
1087 4813 1274 4887 Γραφὴ
1298 4853 1314 4879 ,
1349 4815 1539 4881 πιστὸς
1578 4817 1847 4891 Ἀϐραὰμ,

275 4905 377 4961 καὶ
400 4903 584 4977 πραῢς
612 4903 852 4975 Μωῦοῆς
870 4945 888 4969 ,
919 4902 1015 4957 καί⁵
1043 4903 1207 4973 σοφὸς
1236 4903 1433 4975 Δανιὴλ
1449 4943 1465 4970 ,
1499 4906 1595 4961 καὶ
1618 4905 1850 4982 σώφρων

274 4998 308 5052 6
352 4994 594 5068 Ἰωσὴφ,
643 4994 741 5050 καὶ
794 4995 1084 5066 ἄμεμπτος
1121 4992 1275 5061 Ἰὼϐ,
1319 4995 1414 5048 καὶ
1470 4996 1852 5069 μακροθυμίαν

276 5085 670 5159 κατωρθωκὼς
702 5089 733 5143 6
758 5085 940 5141 Δαϐἰδ.
968 5085 1292 5142 Είπάτωσαν
1316 5087 1519 5153 τοίνυν,
1556 5090 1611 5144 sl
1631 5107 1707 5159 πη
1732 5090 1855 5145 τού-

274 5198 389 5236 των
413 5179 645 5244 ῑκαστος
672 5180 738 5233 tu
762 5176 873 5233 τῶν
908 5177 1169 5233 ἔναντίων
1193 5176 1294 5244 τὰς
1328 5179 1641 5251 ιπωνυμίας
1673 5181 1853 5254 ἔσχεν,

276 5274 312 5345 ἢ
340 5273 442 5328 καὶ
479 5273 573 5325 ἰπὶ
602 5271 713 5327 τῶν
753 5270 892 5351 πρὸς
922 5270 985 5325 τὺ
1007 5272 1188 5342 χεῖρον
1220 5273 1680 5345 μαρτυρουμένων
1699 5316 1715 5342 ,
1743 5270 1857 5330 οἷον

277 5361 478 5417 Νάϐαλ
520 5363 550 5415 6
581 5361 927 5434 Καρμήλιος,
957 5361 1052 5416 καὶ
1078 5362 1277 5435 Φαραὼ
1306 5364 1337 5418 6
1383 5364 1676 5435 Αἰγύπτιος
1699 5406 1715 5432 ,
1758 5368 1854 5423 καὶ

290 5452 590 5524 Ἀϐιμέλεχ
617 5454 648 5508 6
687 5452 982 5523 ἀλλόφυλος
1003 5493 1020 5520 ,
1073 5454 1166 5509 καὶ
1207 5454 1407 5521 πάντες
1445 5458 1496 5513 οἰ
1544 5458 1638 5514 ἰπὶ
1684 5461 1854 5534 κακίᾳ

282 5542 774 5617 μνημονευόμενοι,
803 5546 853 5601 ιι
880 5547 1000 5612 ταῖς
1027 5544 1372 5619 δεξιωτίραις
1394 5548 1504 5607 τῶν
1532 5550 1854 5626 ιπωνυμιῶν

355 5723 403 5757 ’⁸
439 5722 545 5781 lsa.
573 5738 625 5791 ν,
655 5721 743 5778 20.
1359 5767 1393 5799 ,

1950 4549 2227 4607 allectum.
2255 4544 2445 4603 Justus
2478 4552 2597 4600 erat
2623 4541 2759 4610 Noe,
2786 4543 2964 4615 inquit
2999 4543 3299 4615 Scriptura,
3344 4545 3517 4604 ﬁdelis

1951 4642 2248 4706 Abraham,
2283 4646 2338 4696 et
2366 4644 2686 4693 mansuetus
2714 4633 2912 4701 Moses.
2941 4644 2994 4691 et
3025 4635 3247 4707 sapiens
3294 4636 3513 4704 Daniel,

1950 4744 2005 4791 et
2054 4742 2368 4805 temperans
2402 4719 2627 4800 loséph,
2668 4735 2723 4785 et
2793 4727 3103 4798 inculpatus
3140 4726 3266 4794 Job,
3317 4739 3372 4786 et
3423 4733 3517 4801 qui

1951 4832 2136 4897 partes
2197 4835 2388 4877 omnes
2437 4817 2861 4891 mquanimitatis
2919 4818 3034 4874 sive
3079 4818 3520 4878 mansuetudinis

1953 4914 2217 4988 implevit,
2281 4910 2471 4968 David.
2528 4910 2722 4965 Dicant
2767 4909 2953 4981 igitur,
2988 4910 3036 4966 si
3065 4910 3268 4967 alicubi
3321 4911 3515 4967 borum

1954 5007 2163 5078 quique
2197 5019 2263 5059 ex
2290 4999 2586 5058 contrariis
2616 5000 2837 5055 nomina
2863 5002 3043 5059 sortiti
3070 5002 3202 5069 sint,
3247 5017 3317 5058 an
3353 5003 3522 5060 etiam

1956 5098 2014 5153 bi
2041 5111 2276 5169 quorum
2307 5095 2497 5151 vitium
2534 5092 2818 5164 Scriptura
2856 5101 3109 5161 testatur,
3151 5095 3299 5150 velut
3349 5093 3522 5153 Nabal

1957 5187 2286 5252 Carmelius,
2341 5193 2398 5241 et
2459 5183 2674 5239 Pharao
2728 5183 3043 5257 Egyptius,
3097 5190 3153 5241 et
3208 5170 3522 5240 Abimelech

1958 5280 2288 5349 alienigena,
2314 5285 2479 5348 atque
2507 5286 2699 5331 omnes
2723 5276 2818 5347 qui
2849 5276 2920 5331 ob
2955 5275 3083 5331 vitia
3111 5275 3524 5331 commemorati

1957 5379 2107 5435 sunt,
2139 5384 2229 5434 an,
2264 5370 2511 5439 inquam,
2554 5366 3029 5424 favorabiliorihus
3047 5376 3102 5424 et
3133 5367 3526 5424 laventioribus

1958 5460 2274 5517 nominibus
2293 5473 2325 5514 a
2361 5457 2547 5515 divina
2576 5473 2713 5514 voce
2746 5457 3020 5513 honestati
3066 5458 3234 5516 sunt?
3260 5459 3380 5515 Non
3410 5459 3526 5515 haec

1961 5554 2038 5611 ita
2065 5558 2215 5619 sunt,
2254 5549 2351 5611 sed
2381 5558 2441 5610 ut
2473 5565 2534 5610 se
2556 5550 2719 5610 habet
2748 5558 2943 5608 natura
2965 5559 3019 5609 et
3045 5551 3273 5621 veritas,
3321 5551 3403 5609 sic
3437 5565 3524 5608 res
