4010 6212
527 310 663 366 ίθίθ

1776 300 1832 353 S.
1872 292 2198 353 CREGURII
2230 293 2528 350 NYSSENI

3625 287 3762 346 IO‘ZO

526 445 557 482 a
597 426 706 480 Deo
750 423 1068 494 iudicantur
1098 428 1151 476 et
1199 418 1478 484 dicuntur,
1542 431 1650 472 non
1705 424 1764 470 ut
1811 413 2091 469 contrario

2205 411 2343 482 παρὰ
2374 411 2472 482 τῆς
2496 409 2644 472 θείας
2673 406 2856 478 φωνῆς
2885 404 3254 476 ἐτιμήθησαν;
3281 405 3396 456 Οὐκ
3425 401 3542 455 ἐστι
3570 401 3763 461 ταῦτα,

527 517 688 572 modo
713 531 772 570 se
796 515 996 568 habent
1021 511 1334 575 nominata,
1356 511 1450 565 sed
1476 519 1533 563 ut
1554 523 1675 578 qua:
1715 506 2094 578 signiﬁcantur

527 606 815 661 manifesta
852 604 1003 668 ﬁant,
1046 602 1281 674 propriis
1326 599 1430 654 sibi
1465 607 1519 654 et
1545 596 1975 668 congruentibus
2001 609 2096 664 ap-

525 697 916 764 pellationibus
942 695 1320 752 enuntiantur;

600 962 703 1018 lste
716 977 844 1017 vero
861 961 950 1032 qui
980 967 1158 1014 mente
1176 959 1332 1013 ﬁrma
1351 955 1609 1028 praeditus
1628 963 1732 1023 est,
1758 955 1851 1026 qui
1883 955 2098 1010 usitatae

530 1055 945 1110 consuetudinis
973 1061 1261 1108 accusator
1274 1059 1373 1116 est,
1394 1051 1485 1122 qui
1510 1052 1563 1105 in
1579 1050 1786 1120 judicio
1803 1049 2099 1104 ratiocina-

531 1150 678 1203 tione
710 1148 970 1218 spoliatos
1014 1145 1369 1208 convitiatur,
1414 1146 1532 1199 haec
1564 1144 1632 1200 de
1662 1143 1848 1198 divina
1900 1149 2098 1196 natura

532 1254 863 1310 cognoscere
889 1237 1162 1306 supponit,
1188 1237 1285 1291 has
1305 1235 1372 1291 de
1402 1234 1511 1291 Deo
1531 1235 1820 1306 Opiniones
1854 1237 2096 1306 exponit,

533 1332 691 1396 quasi
724 1347 812 1384 res
841 1331 987 1398 ipsas
1015 1318 1448 1384 falsinominibiis
1496 1328 1722 1383 vocibus
1746 1327 2015 1390 derideat,
2046 1337 2100 1382 et

535 1419 925 1474 infirmissimis
980 1417 1486 1472 bonorabilissimas
1551 1417 1942 1486 appellationes
1990 1417 2097 1472 lar-

535 1515 736 1581 giatur,
769 1520 822 1565 et
849 1509 1189 1564 honorabilia
1222 1509 1422 1579 probro
1457 1507 1652 1562 alliciat
1695 1525 1875 1562 rerum
1909 1509 2095 1563 vilium

535 1604 756 1658 nomina
804 1602 938 1672 ipsis
968 1602 1405 1657 communicatis.
1459 1599 1602 1658 Fieri
1650 1601 1868 1671 quidem
1922 1607 2100 1672 potest

536 1703 596 1748 ut
626 1695 809 1757 homo,
857 1694 1071 1748 etiamsi
1108 1691 1270 1746 fuerit
1301 1708 1364 1746 ex
1399 1707 1588 1748 eorum
1620 1708 1849 1748 numero
1895 1693 1990 1763 qui
2043 1693 2108 1746 in

535 1791 817 1844 veritatem
870 1789 1170 1850 intuentur,
1223 1793 1376 1841 extra
1438 1786 1722 1840 veritatem
1775 1785 2099 1855 plerumque

536 1884 803 1937 abductus
835 1896 943 1950 prae
979 1880 1186 1949 pudore
1224 1867 1602 1934 absorbeatur.
1635 1877 1699 1930 At
1718 1878 1820 1932 iste
1867 1875 1976 1932 Deo
2007 1876 2104 1931 de-

537 1990 723 2027 corum
759 1973 1018 2028 honorem
1047 1970 1324 2025 existimat
1343 1969 1512 2023 videri
1540 1985 1624 2023 res
1647 1967 2100 2038 appellationibus

537 2066 690 2121 falsis
727 2063 996 2120 ementiri.
1044 2061 1161 2116 Non
1211 2061 1328 2114 bree
1375 2060 1572 2112 divinae
1613 2068 1824 2112 naturae
1878 2058 2101 2111 oracula

539 2155 801 2206 tribuunt.
827 2150 1170 2220 Longanimis
1198 2157 1246 2201 et
1273 2147 1497 2200 multant
1526 2145 1824 2199 misericors
1849 2156 1897 2198 ct
1951 2163 2102 2200 verus

540 2246 703 2307 Deus,
736 2245 808 2296 ait
835 2241 1002 2294 David
1033 2242 1075 2272 ⁵⁷
1108 2259 1120 2293 :
1153 2239 1427 2310 quomodo
1458 2240 1622 2310 igitur
1653 2254 1837 2300 verus,
1870 2240 1962 2309 qui
2011 2256 2101 2296 res

537 2334 851 2393 ementitur,
891 2333 1090 2401 quique
1133 2330 1414 2384 nominum
1470 2327 1961 2399 signiﬁcationibus
1999 2328 2103 2381 im-

539 2433 712 2480 mutat
745 2422 1062 2479 veritatem?
1093 2422 1296 2476 Rectus
1329 2421 1592 2476 Dominus
1633 2419 1776 2474 Deus
1810 2421 1879 2474 ab
1912 2420 2100 2476 eodem

543 2533 738 2572 rursus
778 2515 1081 2584 appellatur
1108 2513 1172 2566 ⁸⁸.
1203 2511 1397 2567 Utrum
1459 2512 1623 2582 igitur
1643 2511 1988 2568 rectitudinis
2023 2521 2107 2567 est

535 2605 1036 2662 bonarabilissimis
1085 2604 1397 2658 nominibus
1473 2603 1764 2657 honestare
1818 2602 2101 2672 ignobilia,

539 2701 845 2768 exilemque
875 2697 1302 2752 nominationem
1359 2694 1601 2749 tribuere
1650 2704 1703 2750 et
1748 2702 2103 2764 apparentem

541 2793 596 2845 in
632 2791 796 2845 verbo
830 2789 1142 2858 dignitatem
1195 2785 1438 2841 invidere
1475 2786 1522 2840 ei
1558 2785 1650 2854 qui
1685 2786 2103 2855 appellationem

542 2881 792 2950 accepit?
826 2878 940 2934 lloc
981 2878 1352 2948 theologorum
1408 2878 1637 2930 istorum
1670 2875 1738 2931 de
1786 2891 1927 2930 novo
1991 2875 2103 2931 Deo

541 2970 954 3035 testimonium;
1009 2969 1100 3023 hic
1153 2969 1480 3038 pervulgatae
1516 2967 1818 3023 dialectica:
1868 2968 2106 3023 solertia:

2195 502 2307 554 ἀλλ’
2347 505 2423 566 ὡς
2463 501 2574 572 ἔχει
2614 501 2776 569 φύσις
2801 517 2860 552 τε
2905 499 2998 551 καὶ
3029 495 3251 568 ἀλήθεια
3277 536 3291 561 ,
3333 494 3475 547 οὕτω
3521 493 3593 547 τὰ
3641 493 3769 546 ὅντα

2194 596 2346 666 παρὰ
2371 593 2463 648 τοῦ
2488 592 2620 646 Θεοῦ
2645 589 2890 662 κρίνεταί
2913 606 2971 642 τε
3008 589 3100 641 καὶ
3126 587 3357 654 λέγεται,
3377 585 3477 637 οὐκ
3508 582 3770 641 ἐναντίως

2194 691 2304 751 τοῖς
2334 683 2481 740 οὖσιν
2511 681 2909 754 ὀνομαζόμενα,
2952 678 3066 732 ἀλλ’
3099 677 3173 740 ὡς
3214 674 3280 729 ἂν
3314 674 3548 747 μάλιστα
3601 688 3770 725 κατα-

2195 780 2340 848 φανῆ
2381 777 2590 846 γένοιτο
2636 772 2704 827 τὰ
2754 771 3122 843 σημαινόμενα
3165 771 3286 832 ταῖς
3323 767 3553 829 οἰκείαις
3595 780 3768 834 προσ-

2195 867 2445 939 ηγορίαις
2474 863 2922 934 ἐξαγγελλόμενα.

2267 958 2452 1015 Ταῦτα
2478 959 2506 1011 6
2543 955 2800 1026 εύσθενὴς
2827 953 2924 1026 τὴν
2957 951 3215 1014 διάνοιαν,
3245 951 3274 1002 6
3305 949 3404 1019 τῆς
3433 947 3769 1019 πεφωρημέ-

2196 1071 2293 1124 νης
2332 1048 2618 1121 συνηθείας
2662 1048 2985 1118 κατήγορος,
3018 1045 3047 1097 6
3084 1042 3210 1105 τοὺς
3241 1040 3669 1113 παρῃρημένους
3713 1039 3768 1090 ἐν

2196 1144 2319 1214 δίκῃ
2348 1143 2439 1200 τὸν
2479 1138 2734 1210 λογισμὸν
2765 1135 3055 1206 διασύρων,
3101 1131 3272 1186 ταῦτα
3309 1131 3599 1200 γινώσκειν
3643 1131 3771 1201 περὶ

2199 1214 2477 1306 τῆςίθείας
2504 1229 2814 1285 ὑποτίθεται
2847 1226 3080 1296 φύσεως,
3105 1222 3307 1286 ταύτας
3341 1221 3468 1291 περὶ
3509 1221 3648 1274 Θεοῦ
3676 1223 3773 1284 τὰς

2199 1327 2355 1394 δόξας
2380 1323 2671 1388 ἐκτίθεται,
2705 1320 2779 1383 ὼς
2820 1313 3347 1388 κατειρωνευομένου
3381 1313 3489 1367 τῶν
3519 1313 3774 1383 πραγμά-

2197 1438 2306 1474 των
2325 1421 2446 1481 ταῖς
2465 1413 2836 1487 ψευδωνύμοις
2863 1411 3086 1478 φωναῖς,
3109 1407 3202 1462 καὶ
3226 1407 3335 1468 τοῖς
3358 1403 3773 1466 ἀσθενεστάτοις

2197 1513 2297 1575 τάς
2344 1508 2677 1580 τιμιωτάτας
2728 1501 3084 1576 χαριζομένου
3129 1496 3517 1568 προσηγορίας.
3560 1496 3655 1549 καὶ
3708 1496 3774 1548 τά

2198 1604 2353 1674 τίμια
2397 1597 2816 1670 καθυϐρίζοντες
2852 1597 2917 1665 τῇ
2968 1592 3104 1664 πρὸς
3145 1589 3213 1642 τά
3247 1589 3422 1658 φαῦλα
3465 1587 3574 1640 τῶν
3608 1588 3772 1640 ὄντων

2200 1688 2506 1764 ὁμωνυμίᾳ.
2541 1688 2649 1741 Καὶ
2688 1687 2970 1756 ἅνθρωπος
3007 1677 3106 1753 μέν
3137 1699 3218 1744 τις
3254 1679 3362 1732 τῶν
3407 1677 3544 1746 πρὸς
3574 1675 3772 1746 ἀρετὴν

2205 1783 2507 1856 βλεπόντων
2534 1779 2638 1844 ἔξω
2673 1779 2775 1852 τῆς
2806 1776 3059 1847 ἀληθείας
3083 1776 3176 1827 καὶ
3209 1771 3482 1834 ἀκουσίως
3514 1769 3774 1832 πολλάκις

2204 1873 2576 1947 παρενεχθεὶς,
2612 1871 2700 1924 ὑπ’
2741 1869 2921 1933 αἰδοῦς
2943 1867 3290 1921 καταδύεται.
3314 1863 3434 1934 Θεῷ
3458 1864 3513 1916 δὲ
3540 1863 3778 1934 πρέπουο

2205 1986 2304 2022 σαν
2337 1969 2551 2038 ἡγεῖται
2596 1963 2760 2034 τιμὴν
2804 1961 2864 2014 τὸ
2905 1960 3141 2029 φανῆναι
3191 1956 3606 2027 διαψευδὸμενον
3653 1956 3778 2016 ταῖς

2203 2057 2537 2128 ἐπωνυμίαις
2558 2054 2625 2108 τά
2655 2056 2970 2124 πράγματα.
3005 2051 3078 2103 Ού
3108 2049 3279 2104 ταῦτα
3323 2046 3691 2119 μαρτυροῦσιν
3720 2047 3775 2096 αἱ

2205 2151 2530 2220 προφητεῖαι
2558 2150 2624 2217 τῇ
2663 2145 2780 2216 θείᾳ
2806 2143 2983 2213 φύσει.
3021 2144 3402 2210 Μακρόθυμος
3435 2139 3533 2192 καὶ
3567 2135 3777 2190 πολι.ιέ-

2203 2247 2344 2307 λεος
2385 2241 2480 2294 καὶ
2516 2239 2804 2307 ἀληθινὸς
2839 2236 3003 2302 Θεὸς,
3036 2237 3197 2306 φησιν
3235 2235 3264 2286 6
3295 2232 3476 2287 Aa6i6.
3522 2232 3649 2294 Πῶς
3688 2227 3779 2283 οὖν

2204 2333 2453 2405 ἀληθινὸς
2505 2333 2532 2385 6
2590 2330 2698 2385 τῶν
2748 2328 3086 2400 πραγμάτων
3139 2325 3628 2396 καταψευδόμενος,
3685 2325 3778 2376 καὶ

2204 2425 2555 2479 ἐπαλλάσσων
2613 2425 2669 2476 ἐν
2718 2424 2836 2483 ταῖς
2885 2420 2992 2474 τῶν
3043 2420 3321 2490 ὀνομάτων
3364 2420 3639 2490 ἐμφάσεσι
3679 2419 3777 2489 τὴν

2205 2515 2495 2584 άλήθειανς
2529 2511 2702 2576 Εὐθὺς
2735 2510 2938 2580 Κύριος
2965 2512 2993 2563 6
3021 2509 3150 2571 Θεὸς
3183 2508 3331 2579 παρά
3358 2507 3452 2561 τοῦ
3483 2508 3651 2562 αὑτοῦ
3677 2507 3780 2560 πά-

2205 2605 2287 2658 λιν
2320 2603 2801 2676 προσαγορεύεται·
2827 2597 2916 2672 ἆρ’
2933 2597 3023 2654 οὖν
3046 2600 3336 2670 εύθύτητός
3365 2601 3482 2653 ἐστι
3507 2600 3568 2653 τὸ
3591 2618 3646 2652 σε
3655 2601 3783 2669 pur-.3-

2205 2714 2315 2750 νειν
2345 2699 2458 2760 τοῖς
2495 2695 2838 2764 τιμιωτάτοις
2884 2693 2990 2744 τῶν
3040 2691 3317 2760 ὀνομάτων
3353 2691 3421 2743 τά
3456 2690 3651 2761 ἄτιμα.
3685 2692 3784 2742 καὶ

2206 2787 2303 2856 τὴν
2332 2786 2644 2855 ἐπωνυμίαν
2668 2783 2875 2836 διδόντα
2896 2783 3053 2854 ψιλὴν
3075 2783 3171 2852 τῆς
3197 2783 3602 2852 ἐμφαινομένης
3625 2782 3787 2847 ἀξίας

2205 2876 2282 2948 τῷ
2311 2877 2512 2947 ῥήματι
2547 2874 2858 2944 βασκαίνειν
2885 2873 2962 2943 τῷ
2996 2873 3338 2943 μετειληφότι
3378 2872 3480 2941 τῆς
3514 2873 3783 2943 κλήσεως;

2205 2964 2354 3036 Αὕτη
2399 2966 2505 3019 τῶν
2544 2964 2808 3033 θεολόγων
2853 2963 3057 3016 τούτων
3104 2963 3137 3033 ἡ
3173 2963 3307 3033 περὶ
3344 2960 3438 3014 τοῦ
3490 2961 3612 3016 νέου
3647 2963 3781 3016 Θεοῦ

541 3061 831 3127 terminus,
891 3059 1266 3114 demonstrare
1300 3057 1467 3113 Deum
1519 3049 1774 3127 ipsorum
1820 3057 2103 3111 fraudibus

2212 3049 2484 3131 μαρτυρία
2507 3075 2520 3088 ·
2578 3057 2736 3110 τοῦτο
2793 3058 2889 3126 τῆς
2947 3055 3376 3127 πολυθρυλλήτου
3431 3055 3781 3124 διαλεκτικῆς

542 3152 822 3216 delectari,
857 3166 958 3206 nec
1014 3150 1228 3205 invidiae
1259 3150 1392 3204 vitio
1419 3165 1618 3220 purum
1671 3165 1813 3206 esse.
1872 3149 2106 3204 Fraudis

543 3244 714 3308 enim,
751 3257 858 3296 non
887 3252 945 3295 ut
977 3257 1035 3297 se
1064 3241 1228 3296 habet
1262 3249 1460 3298 natura
1488 3249 1542 3296 et
1562 3241 1802 3311 dignitas
1834 3257 1920 3296 res
1953 3242 2104 3295 inﬁr-

546 3346 665 3386 mas
713 3331 1030 3392 nominare,
1062 3329 1156 3384 sed
1205 3346 1268 3384 ex
1303 3331 1736 3400 prascellentibus
1795 3332 2109 3401 desumptas

547 3421 936 3490 appellationes
965 3421 1097 3489 ipsis
1138 3419 1336 3475 frustra
1368 3419 1553 3489 largiri
1580 3460 1595 3485 ,
1627 3436 1736 3476 non
1769 3436 1892 3476 cum
1922 3423 2109 3492 appel-

542 3511 747 3564 latione
797 3525 979 3563 rerum
1031 3524 1150 3579 qua;
1203 3509 1558 3562 nominantur
1611 3511 1812 3564 virtute
1861 3510 2105 3566 collata:

544 3595 760 3656 invidiae
794 3609 997 3665 autem,
1031 3610 1087 3655 ut
1141 3603 1233 3672 qui
1278 3601 1450 3671 possit
1483 3601 1858 3656 honorabilius
1912 3619 2107 3658 nomen

543 3692 729 3757 rebus,
761 3691 1058 3747 secundum
1079 3690 1130 3746 id
1157 3694 1299 3761 quod
1328 3692 1768 3761 praestantiusest
1789 3693 2104 3758 nominatis,

544 3782 860 3854 gratiﬁcari,
906 3782 1082 3853 ipsum
1115 3783 1344 3853 gratiam
1372 3783 1502 3839 dare
1539 3784 1739 3856 pigeat,
1771 3801 1835 3841 ac
1883 3787 1931 3842 si
1981 3803 2110 3857 pro-

547 3875 726 3945 prium
758 3875 1015 3929 damnum
1054 3873 1327 3943 judicaret
1357 3875 1719 3934 inﬁrmiorum
1768 3876 2105 3934 felicitatem.

548 3964 650 4020 Sed
679 3980 778 4036 ego
828 3965 1184 4035 prudentibus
1215 3966 1613 4028 consuluerim;
1631 3971 1848 4025 tametsi
1913 3971 2108 4028 horum

546 4055 914 4124 gnosticorum
977 4054 1120 4109 Deus
1166 4053 1290 4109 talis
1349 4069 1471 4110 esse
1525 4057 1798 4112 rationum
1849 4059 2108 4116 violentia

545 4133 780 4213 cegitur,
835 4159 942 4198 non
983 4144 1062 4198 sic
1094 4159 1279 4199 verum
1322 4143 1488 4200 Deum
1545 4146 1889 4220 Unigenitum
1937 4151 2108 4208 Deum

545 4243 759 4300 putare,
795 4234 889 4291 sed
933 4235 1112 4304 ipsum
1146 4239 1211 4290 ad
1261 4222 1631 4307 subjectorum
1667 4243 1948 4298 veritatem
1986 4261 2108 4300 cer-

546 4341 696 4390 nere,
727 4337 778 4380 et
809 4327 1005 4398 cuique
1035 4344 1131 4398 pro
1161 4332 1352 4385 merito
1377 4332 1639 4397 tribuere,
1672 4343 1833 4404 atque
1854 4353 1919 4392 ex
1944 4340 2108 4396 rebus

543 4420 949 4489 cognominare.
1019 4419 1215 4488 Venite,
1247 4423 1442 4492 inquit,
1477 4423 1732 4480 benedicti
1765 4427 1807 4460 ⁸³
1837 4447 1849 4482 :
1879 4439 1950 4494 et,
2001 4429 2102 4498 lle,

549 4511 817 4566 maledicti
848 4513 926 4568 ⁶⁰ι
965 4529 1138 4582 neque
1183 4529 1305 4568 eum
1339 4515 1431 4585 qui
1478 4519 1859 4575 maledictione
1909 4522 2104 4596 dignus

543 4613 648 4668 est,
672 4605 1066 4661 benedictionis
1108 4605 1327 4660 nomine
1365 4607 1663 4676 honorans,
1695 4627 1872 4682 neque
1912 4625 2102 4673 contra

540 4711 664 4749 eum
695 4697 784 4766 qui
810 4695 1236 4752 benedictionem
1259 4697 1362 4753 sibi
1395 4697 1803 4772 thesaurizavit,
1836 4721 1959 4763 cum
1987 4725 2109 4767 sce-

542 4786 730 4842 leratis
759 4788 1040 4854 abjieiens.

2210 3150 2486 3221 ἀγχινοίας
2525 3149 2586 3202 τὸ
2615 3149 2804 3218 πέρας,
2853 3147 2914 3199 τὸ
2950 3147 3117 3213 δεῖξαι
3151 3147 3242 3199 τὸν
3291 3145 3422 3200 Θεὸν
3471 3147 3652 3200 αὐτῶν
3689 3148 3780 3199 καὶ

2209 3245 2325 3304 ταῖς
2355 3242 2590 3304 ἀπάταις
2618 3239 3102 3311 περιτερπόμενον,
3134 3238 3340 3292 καὶτοῦ
3372 3239 3514 3292 κατὰ
3545 3239 3636 3292 τὸν
3659 3239 3780 3307 φθό-

2209 3349 2297 3386 νον
2326 3334 2529 3395 πάθους
2575 3332 2634 3384 ού
2685 3330 3076 3400 καθαρεύοντα.
3116 3329 3354 3400 Ἀπάτης
3393 3329 3493 3400 μὲν
3522 3331 3631 3402 γάρ
3666 3331 3777 3383 ἐστι

2211 3427 2268 3480 τὸ
2303 3425 2378 3497 μὴ
2407 3425 2481 3489 ὡς
2505 3423 2626 3494 ἔχει
2665 3421 2878 3492 φύσεώς
2909 3439 2968 3475 τε
3013 3423 3106 3475 καὶ
3138 3421 3292 3486 ἀξίας
3333 3421 3400 3476 τὰ
3427 3421 3632 3491 ἀσθενῆ
3674 3422 3778 3474 τῶν

2215 3515 2551 3586 πραγμάτων
2595 3515 3001 3593 κατονομάζειν,
3032 3515 3143 3570 ἀλλ’
3171 3517 3234 3569 ἐκ
3262 3513 3371 3566 τῶν
3399 3513 3776 3584 ὑπερεχόντων

2210 3609 2308 3670 τὰς
2337 3607 2648 3677 ἐπωνυμίας
2685 3608 2868 3671 αὐτοῖς
2919 3607 3096 3678 μάτην
3125 3605 3467 3678 χαρίζεσθαι,
3511 3608 3592 3678 μὴ
3637 3625 3772 3677 συμ-

2213 3697 2565 3764 μετατιθέντα
2614 3701 2680 3769 τῇ
2731 3698 2918 3770 κλήσει
2951 3698 3057 3752 τῶν
3108 3698 3630 3769 κατονομαζομὲνων
3682 3698 3773 3768 τὴν

2208 3788 2472 3859 δύναμιν·
2525 3789 2718 3859 φθόνου
2765 3789 2822 3842 δὲ
2874 3789 2935 3843 τὸ
2978 3789 3273 3860 δυνάμενον
3299 3789 3398 3861 τὴν
3448 3791 3770 3861 τιμιωτέραν

2211 3881 2354 3948 λέξιν
2390 3884 2501 3944 τοῖς
2531 3881 2665 3952 πρὸς
2689 3881 2749 3934 τὸ
2785 3883 3028 3952 κρεῖττον
3054 3881 3396 3951 όνομασθεῖσι
3431 3883 3766 3952 χαρίζεσθαι,

2209 3981 2387 4036 όκνεῑν
2426 3981 2521 4052 τὴν
2563 3981 2742 4050 χάριν,
2768 3980 2932 4032 οἱονεὶ
2971 3980 3173 4049 ζημίαν
3221 3977 3356 4032 ἰδίαν
3397 3980 3657 4047 κρίνοντα
3681 3977 3767 4046 τὴν

2210 4076 2318 4128 τῶν
2343 4074 2583 4130 ἀσθενῶν
2609 4072 2935 4143 εὐπραγίαν.
2984 4071 3121 4123 Ἀλλ’
3161 4070 3284 4140 ἐγὼ
3317 4067 3768 4140 συμϐουλεύσαιμ’

2213 4168 2279 4222 ἂν
2311 4171 2423 4229 τοῖς
2450 4183 2514 4233 γε
2535 4165 2656 4219 νοῦν
2679 4165 2884 4234 ἔχουσι,
2916 4164 3018 4218 κᾶν
3049 4165 3077 4216 ὁ
3107 4163 3214 4216 τῶν
3254 4163 3632 4234 Ἠωριστικῶν
3658 4161 3767 4214 τού-

2211 4277 2318 4313 των
2339 4260 2470 4323 Θεὸς
2501 4257 2738 4322 τοιοῦτος
2773 4253 2912 4311 εἶναι
2946 4256 3050 4310 ὑπὸ
3077 4257 3174 4326 τῆς
3201 4254 3309 4308 τῶν
3347 4255 3623 4323 λογισμῶν
3657 4254 3766 4323 βίας

2214 4351 2711 4420 καταναγκάξηται,
2737 4349 2813 4420 μὴ
2842 4347 2984 4402 οὕτω
3008 4349 3212 4401 καὶτὸν
3237 4346 3487 4416 ἀληθινὸν
3513 4347 3664 4410 Θεὸν,
3685 4346 3766 4398 τὸν

2207 4443 2484 4512 Μονογενῆ
2513 4441 2642 4494 Θεὸν
2667 4440 2894 4503 οἴεσθαι,
2929 4439 3063 4492 ἀλλὰ
3089 4439 3224 4509 πρὸς
3250 4438 3348 4508 τὴν
3376 4437 3636 4508 ἀλήθειαν
3669 4434 3766 4488 τῶν

2211 4537 2582 4610 ὑποκειμένων
2607 4535 2760 4605 όρᾷν,
2783 4533 2883 4594 ,καὶ
2910 4533 2973 4586 τὸ
3013 4533 3132 4586 κατ’
3177 4531 3334 4598 ἀξίαν
3365 4532 3583 4600 ἑκάστῳ
3611 4546 3766 4602 προσ-

2213 4628 2526 4698 μαρτυρεῖν,
2571 4626 2665 4678 καὶ
2721 4625 2787 4680 ἐκ
2826 4623 2934 4678 τῶν
2979 4623 3320 4694 πραγμάτων
3366 4622 3762 4692 κατονομάζειν.

2207 4723 2404 4784 Δεῦτε,
2446 4720 2637 4792 φησιν,
2667 4722 2721 4774 οἱ
2761 4716 3170 4786 εὐλογημένοι..
3190 4717 3309 4782 καὶ,
3339 4717 3689 4783 Πορεύεσθε,
3717 4715 3764 4766 οι

2201 4808 2602 4878 ,κατηραμένοι
2633 4847 2649 4872 ,
2702 4805 2824 4866 οὔτε
2873 4805 2964 4864 τὸν
3021 4806 3264 4875 κατάρας
3323 4805 3475 4872 ἄξιον
3541 4805 3620 4875 τῷ
3673 4804 3762 4872 τῆς

543 4879 789 4948 εὐλογίας
829 4881 1063 4951 τιμήσας
1092 4881 1346 4969 ὀνόματι.
1385 4883 1508 4938 οὔτε
1547 4885 1606 4938 τὸ
1651 4887 1884 4958 ἔμπαλιν
1919 4897 2009 4952 τὸν
2043 4901 2140 4974 τὴν
2189 4904 2438 4976 εὐλογίαν
2485 4900 2663 4972 ἑαυτῷ
2687 4899 3100 4971 υθησαυρίσανςα
3152 4900 3288 4971 μετά
3323 4899 3431 4954 τῶν
3467 4899 3758 4968 ,ἐξαγίστων

542 4975 1022 5047 ἀποπεμψάμενος.

613 5069 716 5122 Sed
744 5068 871 5137 quid
903 5066 1048 5121 dicta
1065 5066 1314 5138 scriptori
1351 5071 1576 5128 volunt?
1606 5075 1670 5130 Et
1698 5078 1762 5134 ad
1787 5096 1946 5152 quem
1976 5102 2103 5144 sco-

542 5173 668 5230 pum
733 5165 940 5228 spectat
986 5159 1105 5228 ejus
1147 5161 1332 5215 ratio?
1365 5161 1443 5218 Ne
1487 5180 1617 5220 vero
1653 5171 1942 5244 quisquam
2000 5182 2106 5236 hoc

542 5253 870 5322 suspicetur,
934 5254 1080 5323 quod
1136 5256 1422 5314 verborum
1471 5259 1652 5332 inopia
1715 5265 1994 5334 laborans,
2052 5283 2108 5328 ut

540 5360 702 5414 quam
737 5348 970 5404 maxime
1030 5348 1276 5406 videatur
1323 5352 1380 5405 in
1423 5353 1766 5418 latitudinem
1816 5363 2108 5419 extendere

541 5437 864 5500 orationem,
891 5438 943 5493 in
977 5439 1300 5508 quibusdam
1345 5458 1510 5498 sensu
1564 5450 1878 5507 carentibus
1917 5453 2103 5508 debla-

539 5533 722 5582 terans
807 5532 1181 5597 garrulitatem
1222 5535 1484 5592 extendit.
1541 5538 1645 5596 Sed
1687 5543 1850 5598 etiam
1903 5546 2102 5614 aliquid

610 5686 654 5719 "
692 5685 833 5742 Psal.
866 5705 1058 5760 Lxxxv,
1096 5695 1147 5758 5,
1180 5697 1276 5763 l5;
1302 5714 1478 5768 cxuv,
1510 5701 1561 5756 8.

1639 5705 1682 5738 ⁵³
1722 5705 1863 5762 Psal.
1903 5723 2006 5775 xcv,
2043 5710 2126 5764 16.

2287 5095 2447 5152 Ἀλλὰ
2467 5094 2517 5148 τί
2548 5093 2794 5165 βούλεται
2813 5091 2893 5161 τῷ
2922 5094 3245 5165 λογογράφῳ
3267 5092 3337 5146 τὰ
3355 5094 3638 5164 εἰρημένω
3664 5091 3757 5146 Καὶ

2203 5188 2340 5258 πρὸς
2385 5187 2506 5240 τίνα
2523 5186 2715 5256 ,βλέπει
2759 5184 2959 5238 σκοπὸν
2985 5187 3014 5238 ὁ
3039 5185 3194 5252 λόγος
3218 5184 3383 5238 αὐτοῦ
3407 5204 3422 5251 ;
3458 5187 3548 5256 Μὴ
3578 5187 3678 5255 γὰρ
3702 5182 3755 5251 δὴ

2201 5277 2357 5332 τοῦτό
2380 5294 2464 5340 τις
2501 5277 2815 5340 ύπονοείτω,
2847 5276 2928 5329 ὅτι
2960 5277 3026 5330 δι’
3049 5277 3280 5350 ἀπορίαν
3314 5278 3576 5349 ῥημάτων
3603 5278 3672 5341 ὡς
3698 5276 3753 5328 ἂν

2206 5370 2440 5439 μάλιστα
2461 5369 2661 5433 δόξειεν
2683 5372 2761 5433 είς
2788 5369 2990 5434 πλάτος
3019 5371 3278 5425 ἐκτείνειν
3307 5373 3401 5427 τὸν
3427 5373 3598 5441 λόγον,
3624 5371 3751 5424 66m-

2211 5458 2418 5528 νοήτοις
2446 5458 2586 5511 τισὶν
2609 5459 3043 5528 ὲμὸατταρίξων,
3072 5461 3170 5532 τὴν
3197 5461 3468 5532 φλυαρίαν
3492 5462 3748 5528 ἐξέτεινεν.

2224 5548 2359 5600 Ἀλλ’
2389 5547 2502 5617 ἔχει
2528 5565 2580 5602 τι
2605 5549 2702 5602 καὶ
2729 5551 2789 5604 τὸ
2818 5550 3041 5622 ἀνόητον
3067 5552 3176 5605 τῶν
3205 5555 3509 5626 εἰρημένων
3539 5555 3610 5618 ὡς
3633 5551 3748 5619 πῶς

2207 5711 2246 5743 ⁵ο
2280 5708 2466 5764 Matth.
2501 5726 2626 5778 xxv,
2820 5713 2864 5744 θ’
2895 5708 3026 5769 ibid.
3058 5714 3145 5768 Η.
