  <div class='ocr_page' id='page_1' title='image "/cluster/home/n/w/nwhite01/storage/ocr_20150623/45/hvd.32044073501876/528.png"; bbox 0 0 4010 6212; ppageno 0'>
   <div class='ocr_carea' id='block_1_1' title="bbox 274 291 404 346">
    <p class='ocr_par' dir='ltr' id='par_1_1' title="bbox 274 291 404 346">
     <span class='ocr_line' id='line_1_1' title="bbox 274 291 404 346; baseline 0 0"><span class='ocrx_word' id='word_1_1' title='bbox 274 291 404 346; x_wconf 72' lang='lat'><strong>1021</strong></span> 
     </span>
    </p>
   </div>
   <div class='ocr_carea' id='block_1_2' title="bbox 1354 287 2366 366">
    <p class='ocr_par' dir='ltr' id='par_1_2' title="bbox 1354 287 2366 366">
     <span class='ocr_line' id='line_1_2' title="bbox 1354 287 2366 366; baseline 0 -18"><span class='ocrx_word' id='word_1_2' title='bbox 1354 290 1628 348; x_wconf 70' lang='lat' dir='ltr'><strong>comm</strong></span> <span class='ocrx_word' id='word_1_3' title='bbox 1666 287 2211 366; x_wconf 71' lang='lat' dir='ltr'><strong>EUNOMIUM,LIB.</strong></span> <span class='ocrx_word' id='word_1_4' title='bbox 2250 291 2366 348; x_wconf 77' lang='lat' dir='ltr'><strong>xu.</strong></span> 
     </span>
    </p>
   </div>
   <div class='ocr_carea' id='block_1_3' title="bbox 3391 299 3528 354">
    <p class='ocr_par' dir='ltr' id='par_1_3' title="bbox 3391 299 3528 354">
     <span class='ocr_line' id='line_1_3' title="bbox 3391 299 3528 354; baseline -0.015 0"><span class='ocrx_word' id='word_1_5' title='bbox 3391 299 3528 354; x_wconf 62' lang='lat'><strong>{0&#39;22</strong></span> 
     </span>
    </p>
   </div>
   <div class='ocr_carea' id='block_1_4' title="bbox 273 406 1842 481">
    <p class='ocr_par' dir='ltr' id='par_1_4' title="bbox 273 406 1842 481">
     <span class='ocr_line' id='line_1_4' title="bbox 273 406 1842 481; baseline 0.001 -20"><span class='ocrx_word' id='word_1_6' title='bbox 273 411 376 477; x_wconf 64' lang='grc' dir='ltr'><strong>την</strong></span> <span class='ocrx_word' id='word_1_7' title='bbox 422 406 635 479; x_wconf 73' lang='grc' dir='ltr'><strong>αἵρεσιν</strong></span> <span class='ocrx_word' id='word_1_8' title='bbox 683 407 940 463; x_wconf 81' lang='grc' dir='ltr'><strong>ὕποπτον.</strong></span> <span class='ocrx_word' id='word_1_9' title='bbox 978 407 1052 461; x_wconf 81' lang='grc' dir='ltr'>Τὸ</span> <span class='ocrx_word' id='word_1_10' title='bbox 1093 409 1201 481; x_wconf 83' lang='grc' dir='ltr'><strong>γάρ</strong></span> <span class='ocrx_word' id='word_1_11' title='bbox 1233 410 1406 464; x_wconf 82' lang='grc' dir='ltr'><strong>είπείν</strong></span> <span class='ocrx_word' id='word_1_12' title='bbox 1456 411 1524 465; x_wconf 86' lang='grc' dir='ltr'><strong>τά</strong></span> <span class='ocrx_word' id='word_1_13' title='bbox 1552 407 1842 481; x_wconf 74' lang='grc' dir='ltr'><strong>τιμιώτατα</strong></span> 
     </span>
    </p>
   </div>
   <div class='ocr_carea' id='block_1_5' title="bbox 1944 406 3528 481">
    <p class='ocr_par' dir='ltr' id='par_1_5' title="bbox 1959 409 3528 480">
     <span class='ocr_line' id='line_1_5' title="bbox 1959 409 3528 480; baseline 0 -17"><span class='ocrx_word' id='word_1_14' title='bbox 1959 409 2119 465; x_wconf 87' lang='lat' dir='ltr'><strong>habet</strong></span> <span class='ocrx_word' id='word_1_15' title='bbox 2167 409 2310 480; x_wconf 91' lang='lat' dir='ltr'><strong>quod</strong></span> <span class='ocrx_word' id='word_1_16' title='bbox 2359 409 2524 466; x_wconf 82' lang='lat' dir='ltr'><strong>etiam</strong></span> <span class='ocrx_word' id='word_1_17' title='bbox 2573 410 2847 466; x_wconf 89' lang='lat' dir='ltr'><strong>dictorum</strong></span> <span class='ocrx_word' id='word_1_18' title='bbox 2884 420 3176 468; x_wconf 79' lang='lat' dir='ltr'><strong>amentiam</strong></span> <span class='ocrx_word' id='word_1_19' title='bbox 3222 411 3432 468; x_wconf 88' lang='lat' dir='ltr'><strong>redolet</strong></span> <span class='ocrx_word' id='word_1_20' title='bbox 3473 418 3528 467; x_wconf 89' lang='lat' dir='ltr'><strong>et</strong></span> 
     </span>
    </p>
   </div>
   <div class='ocr_carea' id='block_1_6' title="bbox 272 497 1852 570">
    <p class='ocr_par' dir='ltr' id='par_1_6' title="bbox 272 497 1852 570">
     <span class='ocr_line' id='line_1_6' title="bbox 272 497 1852 570; baseline 0.003 -20"><span class='ocrx_word' id='word_1_21' title='bbox 272 498 384 551; x_wconf 85' lang='grc' dir='ltr'><strong>τῶν</strong></span> <span class='ocrx_word' id='word_1_22' title='bbox 429 497 708 569; x_wconf 79' lang='grc' dir='ltr'><strong>ὀνομάτων</strong></span> <span class='ocrx_word' id='word_1_23' title='bbox 753 499 847 552; x_wconf 72' lang='grc' dir='ltr'><strong>καὶ</strong></span> <span class='ocrx_word' id='word_1_24' title='bbox 885 501 995 564; x_wconf 83' lang='grc' dir='ltr'><strong>τοῖς</strong></span> <span class='ocrx_word' id='word_1_25' title='bbox 1033 500 1442 566; x_wconf 76' lang='grc' dir='ltr'><strong>ἀσθενεστάτοις</strong></span> <span class='ocrx_word' id='word_1_26' title='bbox 1483 501 1852 570; x_wconf 85' lang='grc' dir='ltr'><strong>ἐπιλέγεσθαι,</strong></span> 
     </span>
    </p>
   </div>
   <div class='ocr_carea' id='block_1_7' title="bbox 273 591 1856 667">
    <p class='ocr_par' dir='ltr' id='par_1_7' title="bbox 273 591 1856 667">
     <span class='ocr_line' id='line_1_7' title="bbox 273 591 1856 667; baseline 0.002 -23"><span class='ocrx_word' id='word_1_27' title='bbox 273 591 380 645; x_wconf 67' lang='grc' dir='ltr'><strong>κᾶν</strong></span> <span class='ocrx_word' id='word_1_28' title='bbox 409 591 484 663; x_wconf 75' lang='grc' dir='ltr'><strong>μὴ</strong></span> <span class='ocrx_word' id='word_1_29' title='bbox 519 591 896 664; x_wconf 83' lang='grc' dir='ltr'><strong>ἰσομοιροῦντα</strong></span> <span class='ocrx_word' id='word_1_30' title='bbox 926 592 1066 667; x_wconf 78' lang='grc' dir='ltr'><strong>τύχῃ</strong></span> <span class='ocrx_word' id='word_1_31' title='bbox 1099 593 1238 647; x_wconf 81' lang='grc' dir='ltr'><strong>κατὰ</strong></span> <span class='ocrx_word' id='word_1_32' title='bbox 1261 594 1358 665; x_wconf 75' lang='grc' dir='ltr'><strong>τὴν</strong></span> <span class='ocrx_word' id='word_1_33' title='bbox 1388 593 1550 664; x_wconf 82' lang='grc' dir='ltr'><strong>φύσιν</strong></span> <span class='ocrx_word' id='word_1_34' title='bbox 1579 593 1674 648; x_wconf 88' lang='grc' dir='ltr'><strong>τοῦ</strong></span> <span class='ocrx_word' id='word_1_35' title='bbox 1701 594 1856 661; x_wconf 80' lang='grc' dir='ltr'><strong>ἀξιὼ-</strong></span> 
     </span>
    </p>
   </div>
   <div class='ocr_carea' id='block_1_8' title="bbox 277 683 1854 766">
    <p class='ocr_par' dir='ltr' id='par_1_8' title="bbox 277 683 1854 766">
     <span class='ocr_line' id='line_1_8' title="bbox 277 683 1854 766; baseline 0.002 -30"><span class='ocrx_word' id='word_1_36' title='bbox 277 698 469 751; x_wconf 82' lang='grc' dir='ltr'><strong>ματος,</strong></span> <span class='ocrx_word' id='word_1_37' title='bbox 499 684 814 754; x_wconf 82' lang='grc' dir='ltr'><strong>κατασκευή</strong></span> <span class='ocrx_word' id='word_1_38' title='bbox 841 683 923 748; x_wconf 89' lang='grc' dir='ltr'><strong>τίς</strong></span> <span class='ocrx_word' id='word_1_39' title='bbox 948 685 1098 738; x_wconf 84' lang='grc' dir='ltr'><strong>ἐστιν</strong></span> <span class='ocrx_word' id='word_1_40' title='bbox 1122 685 1271 756; x_wconf 87' lang='grc' dir='ltr'><strong>αὑτῷ</strong></span> <span class='ocrx_word' id='word_1_41' title='bbox 1294 685 1436 739; x_wconf 86' lang='grc' dir='ltr'><strong>κατά</strong></span> <span class='ocrx_word' id='word_1_42' title='bbox 1459 686 1518 740; x_wconf 80' lang='grc' dir='ltr'><strong>τὸ</strong></span> <span class='ocrx_word' id='word_1_43' title='bbox 1534 685 1767 766; x_wconf 46' lang='grc' dir='ltr'><strong>,λεληθὸς</strong></span> <span class='ocrx_word' id='word_1_44' title='bbox 1788 689 1854 758; x_wconf 78' lang='grc' dir='ltr'><strong>τῇ</strong></span> 
     </span>
    </p>
   </div>
   <div class='ocr_carea' id='block_1_9' title="bbox 277 773 1856 852">
    <p class='ocr_par' dir='ltr' id='par_1_9' title="bbox 277 773 1856 852">
     <span class='ocr_line' id='line_1_9' title="bbox 277 773 1856 852; baseline 0.006 -27"><span class='ocrx_word' id='word_1_45' title='bbox 277 773 596 844; x_wconf 75' lang='grc' dir='ltr'><strong>βλασφημίᾳ</strong></span> <span class='ocrx_word' id='word_1_46' title='bbox 644 775 744 845; x_wconf 81' lang='grc' dir='ltr'><strong>τὴν</strong></span> <span class='ocrx_word' id='word_1_47' title='bbox 779 775 1096 830; x_wconf 74' lang='grc' dir='ltr'><strong>ἀκολουθίαν</strong></span> <span class='ocrx_word' id='word_1_48' title='bbox 1138 779 1632 852; x_wconf 81' lang='grc' dir='ltr'><strong>ὑπευτρεπίζουσα,</strong></span> <span class='ocrx_word' id='word_1_49' title='bbox 1669 779 1746 844; x_wconf 82' lang='grc' dir='ltr'><strong>ὡς</strong></span> <span class='ocrx_word' id='word_1_50' title='bbox 1790 779 1856 834; x_wconf 82' lang='grc' dir='ltr'><strong>ἂν</strong></span> 
     </span>
    </p>
   </div>
   <div class='ocr_carea' id='block_1_10' title="bbox 274 863 1854 941">
    <p class='ocr_par' dir='ltr' id='par_1_10' title="bbox 274 863 1854 941">
     <span class='ocr_line' id='line_1_10' title="bbox 274 863 1854 941; baseline 0.006 -26"><span class='ocrx_word' id='word_1_51' title='bbox 274 863 432 916; x_wconf 79' lang='grc' dir='ltr'><strong>τοῦτο</strong></span> <span class='ocrx_word' id='word_1_52' title='bbox 471 863 601 936; x_wconf 82' lang='grc' dir='ltr'><strong>παρ’</strong></span> <span class='ocrx_word' id='word_1_53' title='bbox 633 865 801 919; x_wconf 88' lang='grc' dir='ltr'><strong>αὑτοῦ</strong></span> <span class='ocrx_word' id='word_1_54' title='bbox 844 866 1066 937; x_wconf 90' lang='grc' dir='ltr'><strong>μάθοιεν</strong></span> <span class='ocrx_word' id='word_1_55' title='bbox 1109 869 1160 922; x_wconf 79' lang='lat' dir='ltr'><strong>oi</strong></span> <span class='ocrx_word' id='word_1_56' title='bbox 1197 869 1266 924; x_wconf 88' lang='grc' dir='ltr'><strong>τά</strong></span> <span class='ocrx_word' id='word_1_57' title='bbox 1309 870 1517 924; x_wconf 88' lang='grc' dir='ltr'><strong>ἐκείνου</strong></span> <span class='ocrx_word' id='word_1_58' title='bbox 1558 871 1854 941; x_wconf 89' lang='grc' dir='ltr'><strong>μανθάνον-</strong></span> 
     </span>
    </p>
   </div>
   <div class='ocr_carea' id='block_1_11' title="bbox 277 956 1856 1034">
    <p class='ocr_par' dir='ltr' id='par_1_11' title="bbox 277 956 1856 1034">
     <span class='ocr_line' id='line_1_11' title="bbox 277 956 1856 1034; baseline 0.006 -26"><span class='ocrx_word' id='word_1_59' title='bbox 277 973 406 1020; x_wconf 86' lang='grc' dir='ltr'><strong>τες,</strong></span> <span class='ocrx_word' id='word_1_60' title='bbox 462 957 543 1010; x_wconf 82' lang='grc' dir='ltr'><strong>ὅτι</strong></span> <span class='ocrx_word' id='word_1_61' title='bbox 594 957 694 1010; x_wconf 83' lang='grc' dir='ltr'><strong>κᾶν</strong></span> <span class='ocrx_word' id='word_1_62' title='bbox 741 956 872 1021; x_wconf 79' lang='grc' dir='ltr'><strong>Θεὸς</strong></span> <span class='ocrx_word' id='word_1_63' title='bbox 919 961 948 1013; x_wconf 89' lang='grc' dir='ltr'><strong>ὁ</strong></span> <span class='ocrx_word' id='word_1_64' title='bbox 996 961 1304 1034; x_wconf 77' lang='grc' dir='ltr'><strong>Μονογενὴς</strong></span> <span class='ocrx_word' id='word_1_65' title='bbox 1356 963 1721 1034; x_wconf 78' lang='grc' dir='ltr'><strong>ὀνομάζηται,</strong></span> <span class='ocrx_word' id='word_1_66' title='bbox 1763 965 1856 1018; x_wconf 72' lang='grc' dir='ltr'><strong>καὶ</strong></span> 
     </span>
    </p>
   </div>
   <div class='ocr_carea' id='block_1_12' title="bbox 278 1048 1854 1127">
    <p class='ocr_par' dir='ltr' id='par_1_12' title="bbox 278 1048 1854 1127">
     <span class='ocr_line' id='line_1_12' title="bbox 278 1048 1854 1127; baseline 0.006 -28"><span class='ocrx_word' id='word_1_67' title='bbox 278 1049 471 1117; x_wconf 79' lang='grc' dir='ltr'><strong>σοφία,</strong></span> <span class='ocrx_word' id='word_1_68' title='bbox 523 1048 618 1102; x_wconf 63' lang='grc' dir='ltr'><strong>καί⁵</strong></span> <span class='ocrx_word' id='word_1_69' title='bbox 665 1048 930 1119; x_wconf 85' lang='grc' dir='ltr'><strong>δύναμις,</strong></span> <span class='ocrx_word' id='word_1_70' title='bbox 983 1052 1075 1105; x_wconf 69' lang='grc' dir='ltr'><strong>καὶ</strong></span> <span class='ocrx_word' id='word_1_71' title='bbox 1126 1053 1274 1122; x_wconf 85' lang='grc' dir='ltr'><strong>φῶς,</strong></span> <span class='ocrx_word' id='word_1_72' title='bbox 1325 1055 1419 1108; x_wconf 69' lang='grc' dir='ltr'><strong>καὶ</strong></span> <span class='ocrx_word' id='word_1_73' title='bbox 1465 1055 1720 1127; x_wconf 79' lang='grc' dir='ltr'><strong>ἀλήθεια,</strong></span> <span class='ocrx_word' id='word_1_74' title='bbox 1759 1055 1854 1108; x_wconf 76' lang='grc' dir='ltr'><strong>καὶ</strong></span> 
     </span>
    </p>
   </div>
   <div class='ocr_carea' id='block_1_13' title="bbox 277 1140 1854 1211">
    <p class='ocr_par' dir='ltr' id='par_1_13' title="bbox 277 1140 1854 1211">
     <span class='ocr_line' id='line_1_13' title="bbox 277 1140 1854 1211; baseline 0.005 -21"><span class='ocrx_word' id='word_1_75' title='bbox 277 1140 473 1210; x_wconf 72' lang='grc' dir='ltr'><strong>κριτὴς</strong></span> <span class='ocrx_word' id='word_1_76' title='bbox 495 1179 509 1204; x_wconf 93' lang='grc'><strong>,</strong></span> <span class='ocrx_word' id='word_1_77' title='bbox 547 1141 642 1193; x_wconf 67' lang='grc' dir='ltr'><strong>καὶ</strong></span> <span class='ocrx_word' id='word_1_78' title='bbox 690 1140 945 1211; x_wconf 71' lang='grc' dir='ltr'><strong>βασιλεὺς</strong></span> <span class='ocrx_word' id='word_1_79' title='bbox 967 1183 984 1206; x_wconf 88' lang='grc'><strong>,</strong></span> <span class='ocrx_word' id='word_1_80' title='bbox 1040 1145 1133 1197; x_wconf 80' lang='grc' dir='ltr'><strong>καὶ</strong></span> <span class='ocrx_word' id='word_1_81' title='bbox 1167 1147 1260 1198; x_wconf 71' lang='grc' dir='ltr'><strong>ἐπὶ</strong></span> <span class='ocrx_word' id='word_1_82' title='bbox 1293 1146 1511 1200; x_wconf 88' lang='grc' dir='ltr'><strong>πάντων</strong></span> <span class='ocrx_word' id='word_1_83' title='bbox 1559 1146 1723 1211; x_wconf 83' lang='grc' dir='ltr'><strong>Θεὸς,</strong></span> <span class='ocrx_word' id='word_1_84' title='bbox 1759 1146 1854 1200; x_wconf 78' lang='grc' dir='ltr'><strong>καὶ</strong></span> 
     </span>
    </p>
   </div>
   <div class='ocr_carea' id='block_1_14' title="bbox 281 1231 1852 1309">
    <p class='ocr_par' dir='ltr' id='par_1_14' title="bbox 281 1231 1852 1309">
     <span class='ocr_line' id='line_1_14' title="bbox 281 1231 1852 1309; baseline 0.006 -27"><span class='ocrx_word' id='word_1_85' title='bbox 281 1231 458 1300; x_wconf 79' lang='grc' dir='ltr'><strong>μέγας</strong></span> <span class='ocrx_word' id='word_1_86' title='bbox 514 1231 646 1294; x_wconf 74' lang='grc' dir='ltr'><strong>Θεὸς</strong></span> <span class='ocrx_word' id='word_1_87' title='bbox 702 1233 798 1286; x_wconf 71' lang='grc' dir='ltr'><strong>καὶ</strong></span> <span class='ocrx_word' id='word_1_88' title='bbox 851 1233 1033 1303; x_wconf 80' lang='grc' dir='ltr'><strong>ἄρχων</strong></span> <span class='ocrx_word' id='word_1_89' title='bbox 1089 1235 1340 1307; x_wconf 77' lang='grc' dir='ltr'><strong>εἰρήνης,</strong></span> <span class='ocrx_word' id='word_1_90' title='bbox 1388 1236 1483 1290; x_wconf 76' lang='grc' dir='ltr'><strong>καὶ</strong></span> <span class='ocrx_word' id='word_1_91' title='bbox 1521 1237 1708 1309; x_wconf 77' lang='grc' dir='ltr'><strong>Πατὴρ</strong></span> <span class='ocrx_word' id='word_1_92' title='bbox 1759 1237 1852 1290; x_wconf 86' lang='grc' dir='ltr'><strong>τοῦ</strong></span> 
     </span>
    </p>
   </div>
   <div class='ocr_carea' id='block_1_15' title="bbox 281 1321 1856 1400">
    <p class='ocr_par' dir='ltr' id='par_1_15' title="bbox 281 1321 1856 1400">
     <span class='ocr_line' id='line_1_15' title="bbox 281 1321 1856 1400; baseline 0.005 -26"><span class='ocrx_word' id='word_1_93' title='bbox 281 1321 565 1390; x_wconf 83' lang='grc' dir='ltr'><strong>μέλλοντος</strong></span> <span class='ocrx_word' id='word_1_94' title='bbox 601 1321 818 1388; x_wconf 86' lang='grc' dir='ltr'><strong>αἰῶνος,</strong></span> <span class='ocrx_word' id='word_1_95' title='bbox 851 1323 944 1377; x_wconf 80' lang='grc' dir='ltr'><strong>καὶ</strong></span> <span class='ocrx_word' id='word_1_96' title='bbox 977 1323 1152 1378; x_wconf 84' lang='grc' dir='ltr'><strong>πάντα</strong></span> <span class='ocrx_word' id='word_1_97' title='bbox 1179 1325 1247 1380; x_wconf 89' lang='grc' dir='ltr'><strong>τά</strong></span> <span class='ocrx_word' id='word_1_98' title='bbox 1267 1325 1511 1392; x_wconf 82' lang='grc' dir='ltr'><strong>τοιαῦτα,</strong></span> <span class='ocrx_word' id='word_1_99' title='bbox 1549 1329 1710 1400; x_wconf 83' lang='grc' dir='ltr'><strong>μέχρι</strong></span> <span class='ocrx_word' id='word_1_100' title='bbox 1745 1329 1856 1382; x_wconf 82' lang='grc' dir='ltr'><strong>ὀνό-</strong></span> 
     </span>
    </p>
   </div>
   <div class='ocr_carea' id='block_1_16' title="bbox 282 1413 1852 1492">
    <p class='ocr_par' dir='ltr' id='par_1_16' title="bbox 282 1413 1852 1492">
     <span class='ocr_line' id='line_1_16' title="bbox 282 1413 1852 1492; baseline 0.006 -27"><span class='ocrx_word' id='word_1_101' title='bbox 282 1431 452 1482; x_wconf 86' lang='grc' dir='ltr'><strong>ματος</strong></span> <span class='ocrx_word' id='word_1_102' title='bbox 487 1413 634 1484; x_wconf 86' lang='grc' dir='ltr'><strong>αὑτῷ</strong></span> <span class='ocrx_word' id='word_1_103' title='bbox 667 1414 826 1484; x_wconf 82' lang='grc' dir='ltr'><strong>μόνον</strong></span> <span class='ocrx_word' id='word_1_104' title='bbox 859 1415 1064 1488; x_wconf 76' lang='grc' dir='ltr'><strong>ἐστὶνὴ</strong></span> <span class='ocrx_word' id='word_1_105' title='bbox 1095 1418 1251 1488; x_wconf 86' lang='grc' dir='ltr'><strong>τιμή.</strong></span> <span class='ocrx_word' id='word_1_106' title='bbox 1276 1418 1351 1472; x_wconf 83' lang='grc' dir='ltr'><strong>Οὑ</strong></span> <span class='ocrx_word' id='word_1_107' title='bbox 1384 1419 1491 1492; x_wconf 86' lang='grc' dir='ltr'><strong>γὰρ</strong></span> <span class='ocrx_word' id='word_1_108' title='bbox 1524 1422 1852 1492; x_wconf 80' lang='grc' dir='ltr'><strong>συμμετέχει</strong></span> 
     </span>
    </p>
   </div>
   <div class='ocr_carea' id='block_1_17' title="bbox 277 1500 1847 1582">
    <p class='ocr_par' dir='ltr' id='par_1_17' title="bbox 277 1500 1847 1582">
     <span class='ocr_line' id='line_1_17' title="bbox 277 1500 1847 1582; baseline 0.007 -28"><span class='ocrx_word' id='word_1_109' title='bbox 277 1504 373 1555; x_wconf 68' lang='grc' dir='ltr'><strong>καὶ</strong></span> <span class='ocrx_word' id='word_1_110' title='bbox 398 1503 498 1574; x_wconf 79' lang='grc' dir='ltr'><strong>τῆς</strong></span> <span class='ocrx_word' id='word_1_111' title='bbox 522 1500 676 1569; x_wconf 78' lang='grc' dir='ltr'><strong>ἀξίας</strong></span> <span class='ocrx_word' id='word_1_112' title='bbox 705 1505 772 1576; x_wconf 75' lang='grc' dir='ltr'><strong>ἦν</strong></span> <span class='ocrx_word' id='word_1_113' title='bbox 804 1507 1059 1577; x_wconf 73' lang='grc' dir='ltr'><strong>ἐμφαίνει</strong></span> <span class='ocrx_word' id='word_1_114' title='bbox 1098 1506 1207 1560; x_wconf 91' lang='grc' dir='ltr'><strong>τῶν</strong></span> <span class='ocrx_word' id='word_1_115' title='bbox 1230 1507 1510 1579; x_wconf 82' lang='grc' dir='ltr'><strong>ὀνομάτων</strong></span> <span class='ocrx_word' id='word_1_116' title='bbox 1535 1512 1568 1582; x_wconf 82' lang='grc' dir='ltr'>ή</span> <span class='ocrx_word' id='word_1_117' title='bbox 1601 1510 1847 1581; x_wconf 89' lang='grc' dir='ltr'><strong>δύναμις.</strong></span> 
     </span>
    </p>
   </div>
   <div class='ocr_carea' id='block_1_18' title="bbox 279 1594 1849 1673">
    <p class='ocr_par' dir='ltr' id='par_1_18' title="bbox 279 1594 1849 1673">
     <span class='ocr_line' id='line_1_18' title="bbox 279 1594 1849 1673; baseline 0.006 -27"><span class='ocrx_word' id='word_1_118' title='bbox 279 1594 392 1646; x_wconf 70' lang='grc' dir='ltr'><strong>Καὶ</strong></span> <span class='ocrx_word' id='word_1_119' title='bbox 417 1595 555 1665; x_wconf 82' lang='grc' dir='ltr'><strong>ὅπερ</strong></span> <span class='ocrx_word' id='word_1_120' title='bbox 586 1595 756 1649; x_wconf 88' lang='grc' dir='ltr'><strong>ἐποίει</strong></span> <span class='ocrx_word' id='word_1_121' title='bbox 790 1599 903 1661; x_wconf 83' lang='grc' dir='ltr'><strong>τοῖς</strong></span> <span class='ocrx_word' id='word_1_122' title='bbox 949 1597 1313 1662; x_wconf 80' lang='grc' dir='ltr'><strong>Βαϐυλωνίοις</strong></span> <span class='ocrx_word' id='word_1_123' title='bbox 1359 1601 1388 1652; x_wconf 84' lang='grc' dir='ltr'><strong>ὁ</strong></span> <span class='ocrx_word' id='word_1_124' title='bbox 1422 1601 1583 1669; x_wconf 79' lang='grc' dir='ltr'><strong>σοφὸς</strong></span> <span class='ocrx_word' id='word_1_125' title='bbox 1631 1602 1849 1673; x_wconf 80' lang='grc' dir='ltr'><strong>Δανιὴλ,</strong></span> 
     </span>
    </p>
   </div>
   <div class='ocr_carea' id='block_1_19' title="bbox 274 1685 1850 1767">
    <p class='ocr_par' dir='ltr' id='par_1_19' title="bbox 274 1685 1850 1767">
     <span class='ocr_line' id='line_1_19' title="bbox 274 1685 1850 1767; baseline 0.009 -31"><span class='ocrx_word' id='word_1_126' title='bbox 274 1685 652 1756; x_wconf 73' lang='grc' dir='ltr'><strong>διορθούμενος</strong></span> <span class='ocrx_word' id='word_1_127' title='bbox 685 1688 867 1743; x_wconf 82' lang='grc' dir='ltr'><strong>αὑτῶν</strong></span> <span class='ocrx_word' id='word_1_128' title='bbox 901 1688 998 1761; x_wconf 74' lang='grc' dir='ltr'><strong>τὴν</strong></span> <span class='ocrx_word' id='word_1_129' title='bbox 1031 1691 1160 1761; x_wconf 71' lang='grc' dir='ltr'><strong>περὶ</strong></span> <span class='ocrx_word' id='word_1_130' title='bbox 1185 1691 1252 1745; x_wconf 82' lang='grc' dir='ltr'><strong>τά</strong></span> <span class='ocrx_word' id='word_1_131' title='bbox 1284 1691 1479 1746; x_wconf 69' lang='grc' dir='ltr'><strong>εἴδωλα</strong></span> <span class='ocrx_word' id='word_1_132' title='bbox 1518 1694 1745 1767; x_wconf 83' lang='grc' dir='ltr'><strong>πλάνην,</strong></span> <span class='ocrx_word' id='word_1_133' title='bbox 1775 1697 1850 1760; x_wconf 88' lang='grc' dir='ltr'><strong>ὡς</strong></span> 
     </span>
    </p>
   </div>
   <div class='ocr_carea' id='block_1_20' title="bbox 275 1771 1851 1856">
    <p class='ocr_par' dir='ltr' id='par_1_20' title="bbox 275 1771 1851 1856">
     <span class='ocr_line' id='line_1_20' title="bbox 275 1771 1851 1856; baseline 0.01 -32"><span class='ocrx_word' id='word_1_134' title='bbox 275 1771 341 1824; x_wconf 83' lang='grc' dir='ltr'><strong>ἂν</strong></span> <span class='ocrx_word' id='word_1_135' title='bbox 371 1773 445 1844; x_wconf 77' lang='grc' dir='ltr'><strong>μὴ</strong></span> <span class='ocrx_word' id='word_1_136' title='bbox 480 1775 572 1828; x_wconf 81' lang='grc' dir='ltr'><strong>τὸν</strong></span> <span class='ocrx_word' id='word_1_137' title='bbox 598 1776 817 1846; x_wconf 76' lang='grc' dir='ltr'><strong>χαλκὸν,</strong></span> <span class='ocrx_word' id='word_1_138' title='bbox 849 1778 880 1849; x_wconf 82' lang='grc' dir='ltr'>ἢ</span> <span class='ocrx_word' id='word_1_139' title='bbox 917 1779 1010 1832; x_wconf 79' lang='grc' dir='ltr'><strong>τὸν</strong></span> <span class='ocrx_word' id='word_1_140' title='bbox 1040 1779 1308 1852; x_wconf 85' lang='grc' dir='ltr'><strong>δράκοντα</strong></span> <span class='ocrx_word' id='word_1_141' title='bbox 1344 1781 1570 1850; x_wconf 79' lang='grc' dir='ltr'><strong>σέϐοιεν,</strong></span> <span class='ocrx_word' id='word_1_142' title='bbox 1601 1785 1661 1838; x_wconf 76' lang='grc' dir='ltr'><strong>τὸ</strong></span> <span class='ocrx_word' id='word_1_143' title='bbox 1681 1786 1851 1856; x_wconf 78' lang='grc' dir='ltr'><strong>ὄνομα</strong></span> 
     </span>
    </p>
   </div>
   <div class='ocr_carea' id='block_1_21' title="bbox 275 1863 1852 1947">
    <p class='ocr_par' dir='ltr' id='par_1_21' title="bbox 275 1863 1852 1947">
     <span class='ocr_line' id='line_1_21' title="bbox 275 1863 1852 1947; baseline 0.009 -31"><span class='ocrx_word' id='word_1_144' title='bbox 275 1863 371 1917; x_wconf 80' lang='grc' dir='ltr'><strong>τοῦ</strong></span> <span class='ocrx_word' id='word_1_145' title='bbox 401 1865 558 1930; x_wconf 88' lang='grc' dir='ltr'><strong>Θεοῦ,</strong></span> <span class='ocrx_word' id='word_1_146' title='bbox 591 1868 651 1920; x_wconf 86' lang='grc' dir='ltr'><strong>τὸ</strong></span> <span class='ocrx_word' id='word_1_147' title='bbox 681 1870 830 1940; x_wconf 68' lang='grc' dir='ltr'><strong>παρὶ</strong></span> <span class='ocrx_word' id='word_1_148' title='bbox 862 1869 970 1923; x_wconf 86' lang='grc' dir='ltr'><strong>τῶν</strong></span> <span class='ocrx_word' id='word_1_149' title='bbox 1013 1872 1256 1941; x_wconf 76' lang='grc' dir='ltr'><strong>ματαίων</strong></span> <span class='ocrx_word' id='word_1_150' title='bbox 1297 1875 1477 1938; x_wconf 81' lang='grc' dir='ltr'><strong>αὑτοῖς</strong></span> <span class='ocrx_word' id='word_1_151' title='bbox 1514 1877 1852 1947; x_wconf 72' lang='grc' dir='ltr'><strong>ἐπιπεφημι-</strong></span> 
     </span>
    </p>
   </div>
   <div class='ocr_carea' id='block_1_22' title="bbox 278 1955 1852 2034">
    <p class='ocr_par' dir='ltr' id='par_1_22' title="bbox 278 1955 1852 2034">
     <span class='ocr_line' id='line_1_22' title="bbox 278 1955 1852 2034; baseline 0.006 -27"><span class='ocrx_word' id='word_1_152' title='bbox 278 1955 478 2024; x_wconf 80' lang='grc' dir='ltr'><strong>σμένον</strong></span> <span class='ocrx_word' id='word_1_153' title='bbox 506 1957 829 2028; x_wconf 75' lang='grc' dir='ltr'><strong>αἰδούμενοι,</strong></span> <span class='ocrx_word' id='word_1_154' title='bbox 861 1961 953 2013; x_wconf 82' lang='grc' dir='ltr'><strong>καὶ</strong></span> <span class='ocrx_word' id='word_1_155' title='bbox 995 1961 1180 2030; x_wconf 73' lang='grc' dir='ltr'><strong>σαφῶς</strong></span> <span class='ocrx_word' id='word_1_156' title='bbox 1209 1962 1276 2016; x_wconf 79' lang='grc' dir='ltr'><strong>δι’</strong></span> <span class='ocrx_word' id='word_1_157' title='bbox 1313 1957 1388 2016; x_wconf 84' lang='grc' dir='ltr'><strong>ὧν</strong></span> <span class='ocrx_word' id='word_1_158' title='bbox 1415 1963 1667 2034; x_wconf 88' lang='grc' dir='ltr'><strong>ἐποίησεν</strong></span> <span class='ocrx_word' id='word_1_159' title='bbox 1715 1964 1852 2017; x_wconf 74' lang='grc' dir='ltr'><strong>ἔδει·</strong></span> 
     </span>
    </p>
   </div>
   <div class='ocr_carea' id='block_1_23' title="bbox 275 2046 1851 2127">
    <p class='ocr_par' dir='ltr' id='par_1_23' title="bbox 275 2046 1851 2127">
     <span class='ocr_line' id='line_1_23' title="bbox 275 2046 1851 2127; baseline 0.008 -30"><span class='ocrx_word' id='word_1_160' title='bbox 275 2046 388 2110; x_wconf 78' lang='grc' dir='ltr'><strong>ξεν,</strong></span> <span class='ocrx_word' id='word_1_161' title='bbox 415 2047 497 2100; x_wconf 81' lang='grc' dir='ltr'><strong>ὅτι</strong></span> <span class='ocrx_word' id='word_1_162' title='bbox 529 2049 589 2101; x_wconf 81' lang='grc' dir='ltr'><strong>οὑ</strong></span> <span class='ocrx_word' id='word_1_163' title='bbox 619 2049 902 2120; x_wconf 78' lang='grc' dir='ltr'><strong>συμϐαίνει</strong></span> <span class='ocrx_word' id='word_1_164' title='bbox 940 2052 1000 2104; x_wconf 80' lang='grc' dir='ltr'><strong>τὸ</strong></span> <span class='ocrx_word' id='word_1_165' title='bbox 1031 2051 1230 2123; x_wconf 66' lang='grc' dir='ltr'><strong>ὑψηλὸν</strong></span> <span class='ocrx_word' id='word_1_166' title='bbox 1256 2056 1354 2124; x_wconf 76' lang='grc' dir='ltr'><strong>τῆς</strong></span> <span class='ocrx_word' id='word_1_167' title='bbox 1391 2053 1641 2125; x_wconf 78' lang='grc' dir='ltr'><strong>θεότητος</strong></span> <span class='ocrx_word' id='word_1_168' title='bbox 1681 2055 1851 2127; x_wconf 71' lang='grc' dir='ltr'><strong>ὄνομα</strong></span> 
     </span>
    </p>
   </div>
   <div class='ocr_carea' id='block_1_24' title="bbox 275 2137 1851 2219">
    <p class='ocr_par' dir='ltr' id='par_1_24' title="bbox 275 2137 1851 2219">
     <span class='ocr_line' id='line_1_24' title="bbox 275 2137 1851 2219; baseline 0.008 -30"><span class='ocrx_word' id='word_1_169' title='bbox 275 2137 414 2208; x_wconf 70' lang='grc' dir='ltr'><strong>πρός</strong></span> <span class='ocrx_word' id='word_1_170' title='bbox 448 2155 508 2191; x_wconf 90' lang='grc' dir='ltr'><strong>τε</strong></span> <span class='ocrx_word' id='word_1_171' title='bbox 553 2140 613 2192; x_wconf 67' lang='grc' dir='ltr'><strong>τὸ</strong></span> <span class='ocrx_word' id='word_1_172' title='bbox 663 2142 888 2211; x_wconf 78' lang='grc' dir='ltr'><strong>ἑρπετὸν</strong></span> <span class='ocrx_word' id='word_1_173' title='bbox 917 2144 1127 2216; x_wconf 88' lang='grc' dir='ltr'><strong>θηρίου,</strong></span> <span class='ocrx_word' id='word_1_174' title='bbox 1162 2145 1255 2199; x_wconf 77' lang='grc' dir='ltr'><strong>καὶ</strong></span> <span class='ocrx_word' id='word_1_175' title='bbox 1306 2146 1441 2216; x_wconf 82' lang='grc' dir='ltr'><strong>πρὸς</strong></span> <span class='ocrx_word' id='word_1_176' title='bbox 1489 2146 1548 2200; x_wconf 84' lang='grc' dir='ltr'><strong>τὸ</strong></span> <span class='ocrx_word' id='word_1_177' title='bbox 1597 2149 1777 2219; x_wconf 80' lang='grc' dir='ltr'><strong>σχῆμα</strong></span> <span class='ocrx_word' id='word_1_178' title='bbox 1807 2143 1851 2217; x_wconf 82' lang='grc' dir='ltr'>ᾧ</span> 
     </span>
    </p>
   </div>
   <div class='ocr_carea' id='block_1_25' title="bbox 269 2229 1852 2308">
    <p class='ocr_par' dir='ltr' id='par_1_25' title="bbox 269 2229 1852 2308">
     <span class='ocr_line' id='line_1_25' title="bbox 269 2229 1852 2308; baseline 0.008 -27"><span class='ocrx_word' id='word_1_179' title='bbox 269 2229 474 2298; x_wconf 75' lang='grc' dir='ltr'><strong>χαλκὸς</strong></span> <span class='ocrx_word' id='word_1_180' title='bbox 523 2231 849 2288; x_wconf 85' lang='grc' dir='ltr'><strong>ἐτετύπωτο.</strong></span> <span class='ocrx_word' id='word_1_181' title='bbox 899 2235 1086 2291; x_wconf 90' lang='grc' dir='ltr'><strong>Ταῦτα</strong></span> <span class='ocrx_word' id='word_1_182' title='bbox 1132 2237 1264 2308; x_wconf 78' lang='grc' dir='ltr'><strong>πρὸς</strong></span> <span class='ocrx_word' id='word_1_183' title='bbox 1301 2237 1362 2289; x_wconf 79' lang='grc' dir='ltr'><strong>τὸ</strong></span> <span class='ocrx_word' id='word_1_184' title='bbox 1413 2236 1653 2291; x_wconf 87' lang='grc' dir='ltr'><strong>ἐναντίον</strong></span> <span class='ocrx_word' id='word_1_185' title='bbox 1699 2239 1793 2293; x_wconf 70' lang='grc' dir='ltr'><strong>καὶ</strong></span> <span class='ocrx_word' id='word_1_186' title='bbox 1823 2241 1852 2292; x_wconf 91' lang='grc' dir='ltr'><strong>ό</strong></span> 
     </span>
    </p>
   </div>
   <div class='ocr_carea' id='block_1_26' title="bbox 270 2322 1852 2398">
    <p class='ocr_par' dir='ltr' id='par_1_26' title="bbox 270 2322 1852 2398">
     <span class='ocr_line' id='line_1_26' title="bbox 270 2322 1852 2398; baseline 0.009 -26"><span class='ocrx_word' id='word_1_187' title='bbox 270 2322 366 2391; x_wconf 83' lang='grc' dir='ltr'><strong>ἐχθ</strong></span> <span class='ocrx_word' id='word_1_188' title='bbox 377 2322 468 2393; x_wconf 70' lang='grc' dir='ltr'><strong>ρος</strong></span> <span class='ocrx_word' id='word_1_189' title='bbox 496 2323 589 2378; x_wconf 89' lang='grc' dir='ltr'><strong>τοῦ</strong></span> <span class='ocrx_word' id='word_1_190' title='bbox 611 2325 745 2378; x_wconf 83' lang='grc' dir='ltr'><strong>Θεοῦ</strong></span> <span class='ocrx_word' id='word_1_191' title='bbox 773 2327 864 2379; x_wconf 80' lang='grc' dir='ltr'><strong>ἐπὶ</strong></span> <span class='ocrx_word' id='word_1_192' title='bbox 887 2327 980 2381; x_wconf 84' lang='grc' dir='ltr'><strong>τοῦ</strong></span> <span class='ocrx_word' id='word_1_193' title='bbox 1005 2329 1342 2398; x_wconf 83' lang='grc' dir='ltr'><strong>Μονογενοῦς</strong></span> <span class='ocrx_word' id='word_1_194' title='bbox 1363 2329 1494 2383; x_wconf 89' lang='grc' dir='ltr'><strong>Θεοῦ</strong></span> <span class='ocrx_word' id='word_1_195' title='bbox 1522 2333 1852 2386; x_wconf 73' lang='grc' dir='ltr'><strong>κατασκευάσ</strong></span> 
     </span>
    </p>
   </div>
   <div class='ocr_carea' id='block_1_27' title="bbox 269 2413 1849 2493">
    <p class='ocr_par' dir='ltr' id='par_1_27' title="bbox 269 2413 1849 2493">
     <span class='ocr_line' id='line_1_27' title="bbox 269 2413 1849 2493; baseline 0.009 -29"><span class='ocrx_word' id='word_1_196' title='bbox 269 2414 386 2476; x_wconf 79' lang='grc' dir='ltr'><strong>ζειν</strong></span> <span class='ocrx_word' id='word_1_197' title='bbox 415 2413 504 2467; x_wconf 70' lang='grc' dir='ltr'><strong>διὰ</strong></span> <span class='ocrx_word' id='word_1_198' title='bbox 553 2415 662 2470; x_wconf 89' lang='grc' dir='ltr'><strong>τῶν</strong></span> <span class='ocrx_word' id='word_1_199' title='bbox 699 2417 982 2488; x_wconf 84' lang='grc' dir='ltr'><strong>δογμάτων</strong></span> <span class='ocrx_word' id='word_1_200' title='bbox 1016 2419 1328 2489; x_wconf 72' lang='grc' dir='ltr'><strong>φιλονεικεῖ,</strong></span> <span class='ocrx_word' id='word_1_201' title='bbox 1379 2423 1534 2476; x_wconf 84' lang='grc' dir='ltr'><strong>τοῦτο</strong></span> <span class='ocrx_word' id='word_1_202' title='bbox 1581 2423 1720 2493; x_wconf 87' lang='grc' dir='ltr'><strong>βοῶν</strong></span> <span class='ocrx_word' id='word_1_203' title='bbox 1762 2425 1849 2479; x_wconf 87' lang='grc' dir='ltr'><strong>διά</strong></span> 
     </span>
    </p>
   </div>
   <div class='ocr_carea' id='block_1_28' title="bbox 267 2507 1850 2588">
    <p class='ocr_par' dir='ltr' id='par_1_28' title="bbox 267 2507 1850 2588">
     <span class='ocr_line' id='line_1_28' title="bbox 267 2507 1850 2588; baseline 0.008 -31"><span class='ocrx_word' id='word_1_204' title='bbox 267 2507 474 2576; x_wconf 76' lang='grc' dir='ltr'><strong>ταύτης</strong></span> <span class='ocrx_word' id='word_1_205' title='bbox 505 2509 605 2578; x_wconf 81' lang='grc' dir='ltr'><strong>τῆς</strong></span> <span class='ocrx_word' id='word_1_206' title='bbox 629 2511 993 2582; x_wconf 80' lang='grc' dir='ltr'><strong>προκειμένης</strong></span> <span class='ocrx_word' id='word_1_207' title='bbox 1043 2512 1189 2583; x_wconf 89' lang='grc' dir='ltr'><strong>αὑτῷ</strong></span> <span class='ocrx_word' id='word_1_208' title='bbox 1217 2515 1460 2585; x_wconf 78' lang='grc' dir='ltr'><strong>ῥήσεως,</strong></span> <span class='ocrx_word' id='word_1_209' title='bbox 1491 2515 1572 2568; x_wconf 83' lang='grc' dir='ltr'><strong>ὅτι</strong></span> <span class='ocrx_word' id='word_1_210' title='bbox 1595 2515 1686 2587; x_wconf 81' lang='grc' dir='ltr'><strong>Μὴ</strong></span> <span class='ocrx_word' id='word_1_211' title='bbox 1713 2516 1850 2588; x_wconf 82' lang='grc' dir='ltr'><strong>πρὸς</strong></span> 
     </span>
    </p>
   </div>
   <div class='ocr_carea' id='block_1_29' title="bbox 267 2597 1850 2676">
    <p class='ocr_par' dir='ltr' id='par_1_29' title="bbox 267 2597 1850 2676">
     <span class='ocr_line' id='line_1_29' title="bbox 267 2597 1850 2676; baseline 0.007 -27"><span class='ocrx_word' id='word_1_212' title='bbox 267 2598 335 2650; x_wconf 64' lang='grc' dir='ltr'><strong>τὰ</strong></span> <span class='ocrx_word' id='word_1_213' title='bbox 366 2597 608 2669; x_wconf 83' lang='grc' dir='ltr'><strong>ὀνόματα</strong></span> <span class='ocrx_word' id='word_1_214' title='bbox 636 2600 728 2653; x_wconf 88' lang='grc' dir='ltr'><strong>τοῦ</strong></span> <span class='ocrx_word' id='word_1_215' title='bbox 757 2603 961 2673; x_wconf 84' lang='grc' dir='ltr'><strong>Κυρίου</strong></span> <span class='ocrx_word' id='word_1_216' title='bbox 1006 2601 1232 2672; x_wconf 85' lang='grc' dir='ltr'><strong>βλέπετε</strong></span> <span class='ocrx_word' id='word_1_217' title='bbox 1276 2599 1351 2658; x_wconf 82' lang='grc' dir='ltr'><strong>ὧν</strong></span> <span class='ocrx_word' id='word_1_218' title='bbox 1390 2605 1732 2676; x_wconf 78' lang='grc' dir='ltr'><strong>μετείληφεν,</strong></span> <span class='ocrx_word' id='word_1_219' title='bbox 1773 2607 1850 2670; x_wconf 84' lang='grc' dir='ltr'><strong>ὡς</strong></span> 
     </span>
    </p>
   </div>
   <div class='ocr_carea' id='block_1_30' title="bbox 268 2691 1848 2768">
    <p class='ocr_par' dir='ltr' id='par_1_30' title="bbox 268 2691 1848 2768">
     <span class='ocr_line' id='line_1_30' title="bbox 268 2691 1848 2768; baseline 0.006 -26"><span class='ocrx_word' id='word_1_220' title='bbox 268 2691 332 2742; x_wconf 80' lang='grc' dir='ltr'><strong>ἐκ</strong></span> <span class='ocrx_word' id='word_1_221' title='bbox 356 2691 561 2744; x_wconf 84' lang='grc' dir='ltr'><strong>τούτων</strong></span> <span class='ocrx_word' id='word_1_222' title='bbox 587 2691 647 2745; x_wconf 85' lang='grc' dir='ltr'><strong>τὺ</strong></span> <span class='ocrx_word' id='word_1_223' title='bbox 684 2692 960 2760; x_wconf 77' lang='grc' dir='ltr'><strong>ἄφραστον</strong></span> <span class='ocrx_word' id='word_1_224' title='bbox 990 2694 1153 2748; x_wconf 87' lang='grc' dir='ltr'><strong>αὑτοῦ</strong></span> <span class='ocrx_word' id='word_1_225' title='bbox 1188 2695 1278 2749; x_wconf 76' lang='grc' dir='ltr'><strong>καὶ</strong></span> <span class='ocrx_word' id='word_1_226' title='bbox 1313 2695 1513 2767; x_wconf 74' lang='grc' dir='ltr'><strong>ὑψηλὸν</strong></span> <span class='ocrx_word' id='word_1_227' title='bbox 1537 2697 1638 2768; x_wconf 80' lang='grc' dir='ltr'><strong>τῆς</strong></span> <span class='ocrx_word' id='word_1_228' title='bbox 1664 2698 1848 2762; x_wconf 82' lang='grc' dir='ltr'><strong>οὐσίας</strong></span> 
     </span>
    </p>
   </div>
   <div class='ocr_carea' id='block_1_31' title="bbox 265 2777 1848 2855">
    <p class='ocr_par' dir='ltr' id='par_1_31' title="bbox 265 2777 1848 2855">
     <span class='ocr_line' id='line_1_31' title="bbox 265 2777 1848 2855; baseline 0.007 -23"><span class='ocrx_word' id='word_1_229' title='bbox 265 2780 596 2850; x_wconf 78' lang='grc' dir='ltr'><strong>λογίζεσθαι.</strong></span> <span class='ocrx_word' id='word_1_230' title='bbox 631 2783 808 2837; x_wconf 84' lang='grc' dir='ltr'><strong>Πολλά</strong></span> <span class='ocrx_word' id='word_1_231' title='bbox 837 2784 944 2855; x_wconf 83' lang='grc' dir='ltr'><strong>γὰρ</strong></span> <span class='ocrx_word' id='word_1_232' title='bbox 984 2787 1078 2839; x_wconf 76' lang='grc' dir='ltr'><strong>καὶ</strong></span> <span class='ocrx_word' id='word_1_233' title='bbox 1109 2786 1242 2840; x_wconf 85' lang='grc' dir='ltr'><strong>ἀλλα</strong></span> <span class='ocrx_word' id='word_1_234' title='bbox 1288 2786 1396 2842; x_wconf 89' lang='grc' dir='ltr'><strong>τῶν</strong></span> <span class='ocrx_word' id='word_1_235' title='bbox 1443 2777 1848 2844; x_wconf 82' lang='grc' dir='ltr'><strong>ἀσθενεστάτων</strong></span> 
     </span>
    </p>
   </div>
   <div class='ocr_carea' id='block_1_32' title="bbox 266 2874 1848 2953">
    <p class='ocr_par' dir='ltr' id='par_1_32' title="bbox 266 2874 1848 2953">
     <span class='ocr_line' id='line_1_32' title="bbox 266 2874 1848 2953; baseline 0.008 -29"><span class='ocrx_word' id='word_1_236' title='bbox 266 2875 390 2936; x_wconf 78' lang='grc' dir='ltr'><strong>ταῖς</strong></span> <span class='ocrx_word' id='word_1_237' title='bbox 422 2874 815 2944; x_wconf 79' lang='grc' dir='ltr'><strong>ὑπερεχούσαις</strong></span> <span class='ocrx_word' id='word_1_238' title='bbox 849 2878 1186 2948; x_wconf 78' lang='grc' dir='ltr'><strong>ἐπωνυμίαις</strong></span> <span class='ocrx_word' id='word_1_239' title='bbox 1226 2879 1533 2952; x_wconf 84' lang='grc' dir='ltr'><strong>τετίμηται,</strong></span> <span class='ocrx_word' id='word_1_240' title='bbox 1573 2875 1648 2937; x_wconf 81' lang='grc' dir='ltr'><strong>ὧν</strong></span> <span class='ocrx_word' id='word_1_241' title='bbox 1685 2884 1718 2952; x_wconf 81' lang='grc' dir='ltr'><strong>ἡ</strong></span> <span class='ocrx_word' id='word_1_242' title='bbox 1751 2883 1848 2953; x_wconf 85' lang='grc' dir='ltr'><strong>μὲν</strong></span> 
     </span>
    </p>
   </div>
   <div class='ocr_carea' id='block_1_33' title="bbox 265 2966 1847 3044">
    <p class='ocr_par' dir='ltr' id='par_1_33' title="bbox 265 2966 1847 3044">
     <span class='ocr_line' id='line_1_33' title="bbox 265 2966 1847 3044; baseline 0.007 -27"><span class='ocrx_word' id='word_1_243' title='bbox 265 2966 467 3035; x_wconf 75' lang='grc' dir='ltr'><strong>κλῆσις</strong></span> <span class='ocrx_word' id='word_1_244' title='bbox 495 2967 554 3019; x_wconf 84' lang='grc' dir='ltr'><strong>τὸ</strong></span> <span class='ocrx_word' id='word_1_245' title='bbox 579 2967 781 3038; x_wconf 74' lang='grc' dir='ltr'><strong>ὑψηλὸν</strong></span> <span class='ocrx_word' id='word_1_246' title='bbox 811 2966 946 3037; x_wconf 73' lang='grc' dir='ltr'><strong>ἔχει,</strong></span> <span class='ocrx_word' id='word_1_247' title='bbox 974 2971 1005 3039; x_wconf 87' lang='grc' dir='ltr'>ἡ</span> <span class='ocrx_word' id='word_1_248' title='bbox 1039 2969 1094 3022; x_wconf 83' lang='grc' dir='ltr'>δὲ</span> <span class='ocrx_word' id='word_1_249' title='bbox 1128 2969 1287 3038; x_wconf 74' lang='grc' dir='ltr'><strong>φύσις</strong></span> <span class='ocrx_word' id='word_1_250' title='bbox 1316 2973 1452 3043; x_wconf 85' lang='grc' dir='ltr'><strong>πρὸς</strong></span> <span class='ocrx_word' id='word_1_251' title='bbox 1473 2975 1534 3027; x_wconf 81' lang='grc' dir='ltr'><strong>τὸ</strong></span> <span class='ocrx_word' id='word_1_252' title='bbox 1565 2975 1847 3044; x_wconf 84' lang='grc' dir='ltr'><strong>μεγαλεῖον</strong></span> 
     </span>
    </p>
   </div>
   <div class='ocr_carea' id='block_1_34' title="bbox 1955 502 3527 572">
    <p class='ocr_par' dir='ltr' id='par_1_34' title="bbox 1955 502 3527 572">
     <span class='ocr_line' id='line_1_34' title="bbox 1955 502 3527 572; baseline 0.001 -16"><span class='ocrx_word' id='word_1_253' title='bbox 1955 502 2022 557; x_wconf 90' lang='lat' dir='ltr'><strong>ad</strong></span> <span class='ocrx_word' id='word_1_254' title='bbox 2073 502 2322 558; x_wconf 62' lang='lat' dir='ltr'><strong>haeresim</strong></span> <span class='ocrx_word' id='word_1_255' title='bbox 2354 511 2668 572; x_wconf 85' lang='lat' dir='ltr'><strong>suspectum</strong></span> <span class='ocrx_word' id='word_1_256' title='bbox 2724 512 2828 560; x_wconf 82' lang='lat' dir='ltr'><strong>est.</strong></span> <span class='ocrx_word' id='word_1_257' title='bbox 2872 503 3006 558; x_wconf 86' lang='lat' dir='ltr'><strong>Nam</strong></span> <span class='ocrx_word' id='word_1_258' title='bbox 3065 505 3261 560; x_wconf 81' lang='lat' dir='ltr'><strong>aﬁ‘erre</strong></span> <span class='ocrx_word' id='word_1_259' title='bbox 3307 506 3527 559; x_wconf 88' lang='lat' dir='ltr'><strong>nomina</strong></span> 
     </span>
    </p>
   </div>
   <div class='ocr_carea' id='block_1_35' title="bbox 1953 593 3529 667">
    <p class='ocr_par' dir='ltr' id='par_1_35' title="bbox 1953 593 3529 667">
     <span class='ocr_line' id='line_1_35' title="bbox 1953 593 3529 667; baseline 0.001 -19"><span class='ocrx_word' id='word_1_260' title='bbox 1953 593 2433 650; x_wconf 86' lang='lat' dir='ltr'><strong>honorabilissima</strong></span> <span class='ocrx_word' id='word_1_261' title='bbox 2494 594 2601 650; x_wconf 91' lang='lat' dir='ltr'><strong>dici</strong></span> <span class='ocrx_word' id='word_1_262' title='bbox 2662 595 2731 651; x_wconf 91' lang='lat' dir='ltr'><strong>de</strong></span> <span class='ocrx_word' id='word_1_263' title='bbox 2786 595 3209 661; x_wconf 83' lang='lat' dir='ltr'><strong>inﬁrmissimis,</strong></span> <span class='ocrx_word' id='word_1_264' title='bbox 3278 597 3529 667; x_wconf 87' lang='lat' dir='ltr'><strong>quamvis</strong></span> 
     </span>
    </p>
   </div>
   <div class='ocr_carea' id='block_1_36' title="bbox 1953 681 3525 754">
    <p class='ocr_par' dir='ltr' id='par_1_36' title="bbox 1953 681 3525 754">
     <span class='ocr_line' id='line_1_36' title="bbox 1953 681 3525 754; baseline 0.001 -17"><span class='ocrx_word' id='word_1_265' title='bbox 1953 683 2218 752; x_wconf 61' lang='lat' dir='ltr'><strong>aqualem</strong></span> <span class='ocrx_word' id='word_1_266' title='bbox 2255 682 2556 737; x_wconf 87' lang='lat' dir='ltr'><strong>secundum</strong></span> <span class='ocrx_word' id='word_1_267' title='bbox 2603 681 2918 754; x_wconf 88' lang='lat' dir='ltr'><strong>dignitatem</strong></span> <span class='ocrx_word' id='word_1_268' title='bbox 2955 693 3206 740; x_wconf 89' lang='lat' dir='ltr'><strong>naturam</strong></span> <span class='ocrx_word' id='word_1_269' title='bbox 3266 703 3374 741; x_wconf 81' lang='lat' dir='ltr'><strong>non</strong></span> <span class='ocrx_word' id='word_1_270' title='bbox 3427 687 3525 740; x_wconf 86' lang='lat' dir='ltr'><strong>ha-</strong></span> 
     </span>
    </p>
   </div>
   <div class='ocr_carea' id='block_1_37' title="bbox 1955 773 3526 846">
    <p class='ocr_par' dir='ltr' id='par_1_37' title="bbox 1955 773 3526 846">
     <span class='ocr_line' id='line_1_37' title="bbox 1955 773 3526 846; baseline 0.003 -18"><span class='ocrx_word' id='word_1_271' title='bbox 1955 775 2137 837; x_wconf 87' lang='lat' dir='ltr'><strong>beant,</strong></span> <span class='ocrx_word' id='word_1_272' title='bbox 2169 773 2418 843; x_wconf 74' lang='lat' dir='ltr'><strong>quaedam</strong></span> <span class='ocrx_word' id='word_1_273' title='bbox 2471 781 2558 830; x_wconf 88' lang='lat' dir='ltr'><strong>est</strong></span> <span class='ocrx_word' id='word_1_274' title='bbox 2602 775 2868 830; x_wconf 89' lang='lat' dir='ltr'><strong>astructio</strong></span> <span class='ocrx_word' id='word_1_275' title='bbox 2908 775 3136 831; x_wconf 89' lang='lat' dir='ltr'><strong>latenter</strong></span> <span class='ocrx_word' id='word_1_276' title='bbox 3178 775 3526 846; x_wconf 70' lang='lat' dir='ltr'><strong>blasphemiae</strong></span> 
     </span>
    </p>
   </div>
   <div class='ocr_carea' id='block_1_38' title="bbox 1953 866 3524 938">
    <p class='ocr_par' dir='ltr' id='par_1_38' title="bbox 1953 866 3524 938">
     <span class='ocr_line' id='line_1_38' title="bbox 1953 866 3524 938; baseline 0.001 -19"><span class='ocrx_word' id='word_1_277' title='bbox 1953 866 2398 921; x_wconf 87' lang='lat' dir='ltr'><strong>consecutionem</strong></span> <span class='ocrx_word' id='word_1_278' title='bbox 2431 880 2767 936; x_wconf 64' lang='lat' dir='ltr'><strong>praeparans,</strong></span> <span class='ocrx_word' id='word_1_279' title='bbox 2799 875 2861 920; x_wconf 91' lang='lat' dir='ltr'><strong>ut</strong></span> <span class='ocrx_word' id='word_1_280' title='bbox 2910 868 3014 922; x_wconf 87' lang='lat' dir='ltr'><strong>hoc</strong></span> <span class='ocrx_word' id='word_1_281' title='bbox 3057 868 3125 922; x_wconf 89' lang='lat' dir='ltr'><strong>ab</strong></span> <span class='ocrx_word' id='word_1_282' title='bbox 3163 868 3282 938; x_wconf 87' lang='lat' dir='ltr'><strong>ipso</strong></span> <span class='ocrx_word' id='word_1_283' title='bbox 3309 869 3524 922; x_wconf 88' lang='lat' dir='ltr'><strong>discant</strong></span> 
     </span>
    </p>
   </div>
   <div class='ocr_carea' id='block_1_39' title="bbox 1952 956 3524 1028">
    <p class='ocr_par' dir='ltr' id='par_1_39' title="bbox 1952 956 3524 1028">
     <span class='ocr_line' id='line_1_39' title="bbox 1952 956 3524 1028; baseline 0.003 -18"><span class='ocrx_word' id='word_1_284' title='bbox 1952 956 2046 1025; x_wconf 89' lang='lat' dir='ltr'><strong>qui</strong></span> <span class='ocrx_word' id='word_1_285' title='bbox 2077 956 2227 1013; x_wconf 87' lang='lat' dir='ltr'><strong>illius</strong></span> <span class='ocrx_word' id='word_1_286' title='bbox 2280 957 2530 1028; x_wconf 78' lang='lat' dir='ltr'><strong>dogmata</strong></span> <span class='ocrx_word' id='word_1_287' title='bbox 2565 958 2907 1028; x_wconf 88' lang='lat' dir='ltr'><strong>percipiunt,</strong></span> <span class='ocrx_word' id='word_1_288' title='bbox 2943 959 3201 1028; x_wconf 87' lang='lat' dir='ltr'><strong>quoniam</strong></span> <span class='ocrx_word' id='word_1_289' title='bbox 3252 961 3355 1014; x_wconf 91' lang='lat' dir='ltr'><strong>etsi</strong></span> <span class='ocrx_word' id='word_1_290' title='bbox 3385 957 3524 1014; x_wconf 88' lang='lat' dir='ltr'><strong>Deus</strong></span> 
     </span>
    </p>
   </div>
   <div class='ocr_carea' id='block_1_40' title="bbox 1958 1045 3524 1119">
    <p class='ocr_par' dir='ltr' id='par_1_40' title="bbox 1958 1045 3524 1119">
     <span class='ocr_line' id='line_1_40' title="bbox 1958 1045 3524 1119; baseline 0.002 -18"><span class='ocrx_word' id='word_1_291' title='bbox 1958 1045 2287 1118; x_wconf 87' lang='lat' dir='ltr'><strong>Unigenitus</strong></span> <span class='ocrx_word' id='word_1_292' title='bbox 2311 1049 2652 1114; x_wconf 75' lang='lat' dir='ltr'><strong>nominatur,</strong></span> <span class='ocrx_word' id='word_1_293' title='bbox 2701 1057 2758 1104; x_wconf 92' lang='lat' dir='ltr'><strong>et</strong></span> <span class='ocrx_word' id='word_1_294' title='bbox 2801 1049 3087 1119; x_wconf 81' lang='lat' dir='ltr'><strong>sapientia,</strong></span> <span class='ocrx_word' id='word_1_295' title='bbox 3131 1058 3185 1106; x_wconf 89' lang='lat' dir='ltr'><strong>et</strong></span> <span class='ocrx_word' id='word_1_296' title='bbox 3227 1051 3422 1111; x_wconf 85' lang='lat' dir='ltr'><strong>virtus,</strong></span> <span class='ocrx_word' id='word_1_297' title='bbox 3470 1057 3524 1104; x_wconf 90' lang='lat' dir='ltr'><strong>et</strong></span> 
     </span>
    </p>
   </div>
   <div class='ocr_carea' id='block_1_41' title="bbox 1953 1138 3523 1210">
    <p class='ocr_par' dir='ltr' id='par_1_41' title="bbox 1953 1138 3523 1210">
     <span class='ocr_line' id='line_1_41' title="bbox 1953 1138 3523 1210; baseline 0.002 -19"><span class='ocrx_word' id='word_1_298' title='bbox 1953 1138 2067 1202; x_wconf 80' lang='lat' dir='ltr'><strong>lux,</strong></span> <span class='ocrx_word' id='word_1_299' title='bbox 2105 1149 2160 1194; x_wconf 91' lang='lat' dir='ltr'><strong>et</strong></span> <span class='ocrx_word' id='word_1_300' title='bbox 2204 1139 2424 1202; x_wconf 83' lang='lat' dir='ltr'><strong>veritas,</strong></span> <span class='ocrx_word' id='word_1_301' title='bbox 2473 1147 2526 1196; x_wconf 90' lang='lat' dir='ltr'><strong>et</strong></span> <span class='ocrx_word' id='word_1_302' title='bbox 2576 1139 2765 1210; x_wconf 82' lang='lat' dir='ltr'><strong>judcx,</strong></span> <span class='ocrx_word' id='word_1_303' title='bbox 2795 1148 2850 1195; x_wconf 91' lang='lat' dir='ltr'><strong>et</strong></span> <span class='ocrx_word' id='word_1_304' title='bbox 2904 1155 3019 1206; x_wconf 81' lang='lat' dir='ltr'><strong>rex,</strong></span> <span class='ocrx_word' id='word_1_305' title='bbox 3067 1148 3121 1194; x_wconf 90' lang='lat' dir='ltr'><strong>et</strong></span> <span class='ocrx_word' id='word_1_306' title='bbox 3175 1140 3230 1194; x_wconf 93' lang='lat' dir='ltr'><strong>in</strong></span> <span class='ocrx_word' id='word_1_307' title='bbox 3266 1139 3523 1194; x_wconf 89' lang='lat' dir='ltr'><strong>omnibus</strong></span> 
     </span>
    </p>
   </div>
   <div class='ocr_carea' id='block_1_42' title="bbox 1955 1221 3522 1301">
    <p class='ocr_par' dir='ltr' id='par_1_42' title="bbox 1955 1221 3522 1301">
     <span class='ocr_line' id='line_1_42' title="bbox 1955 1221 3522 1301; baseline 0.001 -20"><span class='ocrx_word' id='word_1_308' title='bbox 1955 1227 2118 1294; x_wconf 85' lang='lat' dir='ltr'><strong>Deus,</strong></span> <span class='ocrx_word' id='word_1_309' title='bbox 2151 1238 2206 1285; x_wconf 90' lang='lat' dir='ltr'><strong>et</strong></span> <span class='ocrx_word' id='word_1_310' title='bbox 2241 1245 2471 1301; x_wconf 85' lang='lat' dir='ltr'><strong>magnus</strong></span> <span class='ocrx_word' id='word_1_311' title='bbox 2503 1228 2668 1294; x_wconf 84' lang='lat' dir='ltr'><strong>Deus,</strong></span> <span class='ocrx_word' id='word_1_312' title='bbox 2693 1237 2747 1284; x_wconf 91' lang='lat' dir='ltr'><strong>et</strong></span> <span class='ocrx_word' id='word_1_313' title='bbox 2776 1229 3035 1299; x_wconf 78' lang='lat' dir='ltr'><strong>princeps</strong></span> <span class='ocrx_word' id='word_1_314' title='bbox 3073 1229 3245 1299; x_wconf 81' lang='lat' dir='ltr'><strong>pacis.</strong></span> <span class='ocrx_word' id='word_1_315' title='bbox 3279 1221 3522 1285; x_wconf 53' lang='lat' dir='ltr'><strong>et&#39;Pater</strong></span> 
     </span>
    </p>
   </div>
   <div class='ocr_carea' id='block_1_43' title="bbox 1952 1320 3521 1390">
    <p class='ocr_par' dir='ltr' id='par_1_43' title="bbox 1952 1320 3521 1390">
     <span class='ocr_line' id='line_1_43' title="bbox 1952 1320 3521 1390; baseline 0 -16"><span class='ocrx_word' id='word_1_316' title='bbox 1952 1320 2122 1376; x_wconf 78' lang='lat' dir='ltr'><strong>futuri</strong></span> <span class='ocrx_word' id='word_1_317' title='bbox 2150 1321 2355 1386; x_wconf 66' lang='lat' dir='ltr'><strong>seaculi,</strong></span> <span class='ocrx_word' id='word_1_318' title='bbox 2385 1328 2440 1376; x_wconf 92' lang='lat' dir='ltr'><strong>et</strong></span> <span class='ocrx_word' id='word_1_319' title='bbox 2459 1321 2642 1375; x_wconf 86' lang='lat' dir='ltr'><strong>omnia</strong></span> <span class='ocrx_word' id='word_1_320' title='bbox 2656 1335 2778 1390; x_wconf 66' lang='lat' dir='ltr'><strong>quae</strong></span> <span class='ocrx_word' id='word_1_321' title='bbox 2807 1327 2934 1376; x_wconf 89' lang='lat' dir='ltr'><strong>sunt</strong></span> <span class='ocrx_word' id='word_1_322' title='bbox 2959 1320 3286 1384; x_wconf 79' lang='lat' dir='ltr'><strong>istiusmodi,</strong></span> <span class='ocrx_word' id='word_1_323' title='bbox 3305 1320 3521 1374; x_wconf 89' lang='lat' dir='ltr'><strong>nomine</strong></span> 
     </span>
    </p>
   </div>
   <div class='ocr_carea' id='block_1_44' title="bbox 1952 1407 3523 1480">
    <p class='ocr_par' dir='ltr' id='par_1_44' title="bbox 1952 1407 3523 1480">
     <span class='ocr_line' id='line_1_44' title="bbox 1952 1407 3523 1480; baseline -0.001 -18"><span class='ocrx_word' id='word_1_324' title='bbox 1952 1416 2112 1465; x_wconf 91' lang='lat' dir='ltr'><strong>tenus</strong></span> <span class='ocrx_word' id='word_1_325' title='bbox 2143 1409 2247 1480; x_wconf 87' lang='lat' dir='ltr'><strong>ipsi</strong></span> <span class='ocrx_word' id='word_1_326' title='bbox 2275 1410 2450 1465; x_wconf 91' lang='lat' dir='ltr'><strong>solum</strong></span> <span class='ocrx_word' id='word_1_327' title='bbox 2487 1417 2570 1464; x_wconf 87' lang='lat' dir='ltr'><strong>est</strong></span> <span class='ocrx_word' id='word_1_328' title='bbox 2598 1409 2792 1464; x_wconf 88' lang='lat' dir='ltr'><strong>honor.</strong></span> <span class='ocrx_word' id='word_1_329' title='bbox 2826 1407 2944 1464; x_wconf 84' lang='lat' dir='ltr'><strong>Non</strong></span> <span class='ocrx_word' id='word_1_330' title='bbox 2971 1411 3114 1462; x_wconf 88' lang='lat' dir='ltr'><strong>enim</strong></span> <span class='ocrx_word' id='word_1_331' title='bbox 3142 1416 3223 1462; x_wconf 88' lang='lat' dir='ltr'><strong>est</strong></span> <span class='ocrx_word' id='word_1_332' title='bbox 3251 1408 3523 1478; x_wconf 74' lang='lat' dir='ltr'><strong>particeps</strong></span> 
     </span>
    </p>
   </div>
   <div class='ocr_carea' id='block_1_45' title="bbox 1951 1483 3522 1570">
    <p class='ocr_par' dir='ltr' id='par_1_45' title="bbox 1951 1483 3522 1570">
     <span class='ocr_line' id='line_1_45' title="bbox 1951 1483 3522 1570; baseline -0.003 -15"><span class='ocrx_word' id='word_1_333' title='bbox 1951 1483 2230 1570; x_wconf 82' lang='lat' dir='ltr'><strong>dignitatis</strong></span> <span class='ocrx_word' id='word_1_334' title='bbox 2284 1514 2445 1570; x_wconf 90' lang='lat' dir='ltr'><strong>quam</strong></span> <span class='ocrx_word' id='word_1_335' title='bbox 2497 1499 2738 1555; x_wconf 89' lang='lat' dir='ltr'><strong>ostendit</strong></span> <span class='ocrx_word' id='word_1_336' title='bbox 2797 1501 3077 1554; x_wconf 88' lang='lat' dir='ltr'><strong>nominum</strong></span> <span class='ocrx_word' id='word_1_337' title='bbox 3130 1499 3232 1553; x_wconf 75' lang='lat' dir='ltr'><strong>vis.</strong></span> <span class='ocrx_word' id='word_1_338' title='bbox 3289 1497 3354 1552; x_wconf 87' lang='lat' dir='ltr'><strong>Et</strong></span> <span class='ocrx_word' id='word_1_339' title='bbox 3376 1499 3522 1568; x_wconf 72' lang='lat' dir='ltr'><strong>quod</strong></span> 
     </span>
    </p>
   </div>
   <div class='ocr_carea' id='block_1_46' title="bbox 1955 1592 3617 1667">
    <p class='ocr_par' dir='ltr' id='par_1_46' title="bbox 1955 1592 3617 1667">
     <span class='ocr_line' id='line_1_46' title="bbox 1955 1592 3617 1667; baseline -0.004 -17"><span class='ocrx_word' id='word_1_340' title='bbox 1955 1595 2269 1667; x_wconf 80' lang='lat' dir='ltr'><strong>Babyloniis</strong></span> <span class='ocrx_word' id='word_1_341' title='bbox 2314 1594 2546 1650; x_wconf 80' lang='lat' dir='ltr'><strong>faciebat</strong></span> <span class='ocrx_word' id='word_1_342' title='bbox 2595 1594 2812 1666; x_wconf 85' lang='lat' dir='ltr'><strong>sapiens</strong></span> <span class='ocrx_word' id='word_1_343' title='bbox 2855 1592 3064 1658; x_wconf 87' lang='lat' dir='ltr'><strong>Daniel,</strong></span> <span class='ocrx_word' id='word_1_344' title='bbox 3101 1593 3343 1664; x_wconf 85' lang='lat' dir='ltr'><strong>ipsorum</strong></span> <span class='ocrx_word' id='word_1_345' title='bbox 3373 1593 3520 1647; x_wconf 85' lang='lat' dir='ltr'><strong>circa</strong></span> <span class='ocrx_word' id='word_1_346' title='bbox 3613 1640 3617 1644; x_wconf 87' lang='lat'><strong><em>_</em></strong></span> 
     </span>
    </p>
   </div>
   <div class='ocr_carea' id='block_1_47' title="bbox 1954 1685 3521 1751">
    <p class='ocr_par' dir='ltr' id='par_1_47' title="bbox 1954 1685 3521 1751">
     <span class='ocr_line' id='line_1_47' title="bbox 1954 1685 3521 1751; baseline -0.002 -9"><span class='ocrx_word' id='word_1_347' title='bbox 1954 1688 2096 1742; x_wconf 88' lang='lat' dir='ltr'><strong>idola</strong></span> <span class='ocrx_word' id='word_1_348' title='bbox 2132 1702 2372 1743; x_wconf 90' lang='lat' dir='ltr'><strong>errorem</strong></span> <span class='ocrx_word' id='word_1_349' title='bbox 2401 1687 2712 1751; x_wconf 88' lang='lat' dir='ltr'><strong>emendans,</strong></span> <span class='ocrx_word' id='word_1_350' title='bbox 2748 1702 2815 1741; x_wconf 92' lang='lat' dir='ltr'><strong>ne</strong></span> <span class='ocrx_word' id='word_1_351' title='bbox 2838 1702 2910 1742; x_wconf 65' lang='lat' dir='ltr'><strong>ars</strong></span> <span class='ocrx_word' id='word_1_352' title='bbox 2942 1687 3024 1741; x_wconf 88' lang='lat' dir='ltr'><strong>vel</strong></span> <span class='ocrx_word' id='word_1_353' title='bbox 3047 1686 3340 1740; x_wconf 84' lang='lat' dir='ltr'><strong>draconem</strong></span> <span class='ocrx_word' id='word_1_354' title='bbox 3375 1685 3521 1739; x_wconf 89' lang='lat' dir='ltr'><strong>cole-</strong></span> 
     </span>
    </p>
   </div>
   <div class='ocr_carea' id='block_1_48' title="bbox 1880 1763 3519 1848">
    <p class='ocr_par' dir='ltr' id='par_1_48' title="bbox 1880 1763 3519 1848">
     <span class='ocr_line' id='line_1_48' title="bbox 1880 1763 3519 1848; baseline -0.001 -15"><span class='ocrx_word' id='word_1_355' title='bbox 1880 1763 1923 1819; x_wconf 79' lang='grc' dir='ltr'><strong>Β</strong></span> <span class='ocrx_word' id='word_1_356' title='bbox 1954 1787 2095 1845; x_wconf 88' lang='lat' dir='ltr'><strong>rent,</strong></span> <span class='ocrx_word' id='word_1_357' title='bbox 2116 1794 2312 1833; x_wconf 85' lang='lat' dir='ltr'><strong>nomen</strong></span> <span class='ocrx_word' id='word_1_358' title='bbox 2346 1778 2461 1845; x_wconf 89' lang='lat' dir='ltr'><strong>Dei,</strong></span> <span class='ocrx_word' id='word_1_359' title='bbox 2497 1779 2640 1848; x_wconf 92' lang='lat' dir='ltr'><strong>quod</strong></span> <span class='ocrx_word' id='word_1_360' title='bbox 2693 1793 2722 1830; x_wconf 91' lang='lat' dir='ltr'><strong>a</strong></span> <span class='ocrx_word' id='word_1_361' title='bbox 2765 1779 2920 1834; x_wconf 89' lang='lat' dir='ltr'><strong>vanis</strong></span> <span class='ocrx_word' id='word_1_362' title='bbox 2953 1779 3072 1832; x_wconf 81' lang='lat' dir='ltr'><strong>istis</strong></span> <span class='ocrx_word' id='word_1_363' title='bbox 3113 1777 3425 1833; x_wconf 88' lang='lat' dir='ltr'><strong>hominibus</strong></span> <span class='ocrx_word' id='word_1_364' title='bbox 3453 1777 3519 1831; x_wconf 87' lang='lat' dir='ltr'><strong>de</strong></span> 
     </span>
    </p>
   </div>
   <div class='ocr_carea' id='block_1_49' title="bbox 1954 1867 3516 1938">
    <p class='ocr_par' dir='ltr' id='par_1_49' title="bbox 1954 1867 3516 1938">
     <span class='ocr_line' id='line_1_49' title="bbox 1954 1867 3516 1938; baseline -0.001 -17"><span class='ocrx_word' id='word_1_365' title='bbox 1954 1867 2089 1938; x_wconf 86' lang='lat' dir='ltr'><strong>ipsis</strong></span> <span class='ocrx_word' id='word_1_366' title='bbox 2138 1867 2544 1932; x_wconf 82' lang='lat' dir='ltr'><strong>celebrabatur,</strong></span> <span class='ocrx_word' id='word_1_367' title='bbox 2594 1875 2926 1933; x_wconf 82' lang='lat' dir='ltr'><strong>reverentes,</strong></span> <span class='ocrx_word' id='word_1_368' title='bbox 2981 1877 3034 1922; x_wconf 91' lang='lat' dir='ltr'><strong>et</strong></span> <span class='ocrx_word' id='word_1_369' title='bbox 3070 1875 3255 1936; x_wconf 87' lang='lat' dir='ltr'><strong>aperte</strong></span> <span class='ocrx_word' id='word_1_370' title='bbox 3309 1882 3404 1936; x_wconf 88' lang='lat' dir='ltr'><strong>per</strong></span> <span class='ocrx_word' id='word_1_371' title='bbox 3454 1882 3516 1922; x_wconf 83' lang='lat' dir='ltr'><strong>ea</strong></span> 
     </span>
    </p>
   </div>
   <div class='ocr_carea' id='block_1_50' title="bbox 1951 1957 3519 2029">
    <p class='ocr_par' dir='ltr' id='par_1_50' title="bbox 1951 1957 3519 2029">
     <span class='ocr_line' id='line_1_50' title="bbox 1951 1957 3519 2029; baseline -0.001 -17"><span class='ocrx_word' id='word_1_372' title='bbox 1951 1975 2071 2029; x_wconf 83' lang='lat' dir='ltr'><strong>quae</strong></span> <span class='ocrx_word' id='word_1_373' title='bbox 2097 1958 2223 2015; x_wconf 77' lang='lat' dir='ltr'><strong>fecit</strong></span> <span class='ocrx_word' id='word_1_374' title='bbox 2273 1958 2529 2023; x_wconf 87' lang='lat' dir='ltr'><strong>ostendit,</strong></span> <span class='ocrx_word' id='word_1_375' title='bbox 2577 1958 2721 2027; x_wconf 88' lang='lat' dir='ltr'><strong>quod</strong></span> <span class='ocrx_word' id='word_1_376' title='bbox 2767 1958 3045 2012; x_wconf 75' lang='lat' dir='ltr'><strong>excelsum</strong></span> <span class='ocrx_word' id='word_1_377' title='bbox 3087 1957 3388 2011; x_wconf 77' lang='lat' dir='ltr'><strong>divinitatis</strong></span> <span class='ocrx_word' id='word_1_378' title='bbox 3422 1972 3519 2010; x_wconf 85' lang='lat' dir='ltr'><strong>uo—</strong></span> 
     </span>
    </p>
   </div>
   <div class='ocr_carea' id='block_1_51' title="bbox 1952 2044 3515 2116">
    <p class='ocr_par' dir='ltr' id='par_1_51' title="bbox 1952 2044 3515 2116">
     <span class='ocr_line' id='line_1_51' title="bbox 1952 2044 3515 2116; baseline -0.004 -16"><span class='ocrx_word' id='word_1_379' title='bbox 1952 2062 2076 2101; x_wconf 90' lang='lat' dir='ltr'><strong>men</strong></span> <span class='ocrx_word' id='word_1_380' title='bbox 2109 2054 2164 2101; x_wconf 91' lang='lat' dir='ltr'><strong>et</strong></span> <span class='ocrx_word' id='word_1_381' title='bbox 2195 2047 2248 2100; x_wconf 90' lang='lat' dir='ltr'><strong>in</strong></span> <span class='ocrx_word' id='word_1_382' title='bbox 2290 2046 2536 2116; x_wconf 85' lang='lat' dir='ltr'><strong>reptilem</strong></span> <span class='ocrx_word' id='word_1_383' title='bbox 2570 2046 2739 2100; x_wconf 79' lang='lat' dir='ltr'><strong>feram</strong></span> <span class='ocrx_word' id='word_1_384' title='bbox 2785 2061 2896 2100; x_wconf 86' lang='lat' dir='ltr'><strong>non</strong></span> <span class='ocrx_word' id='word_1_385' title='bbox 2928 2045 3096 2108; x_wconf 83' lang='lat' dir='ltr'><strong>cadit,</strong></span> <span class='ocrx_word' id='word_1_386' title='bbox 3125 2055 3178 2098; x_wconf 89' lang='lat' dir='ltr'><strong>et</strong></span> <span class='ocrx_word' id='word_1_387' title='bbox 3205 2045 3258 2097; x_wconf 92' lang='lat' dir='ltr'><strong>in</strong></span> <span class='ocrx_word' id='word_1_388' title='bbox 3289 2044 3515 2113; x_wconf 86' lang='lat' dir='ltr'><strong>ﬁguram</strong></span> 
     </span>
    </p>
   </div>
   <div class='ocr_carea' id='block_1_52' title="bbox 1952 2135 3516 2209">
    <p class='ocr_par' dir='ltr' id='par_1_52' title="bbox 1952 2135 3516 2209">
     <span class='ocr_line' id='line_1_52' title="bbox 1952 2135 3516 2209; baseline -0.004 -17"><span class='ocrx_word' id='word_1_389' title='bbox 1952 2155 2059 2209; x_wconf 90' lang='lat' dir='ltr'><strong>qua</strong></span> <span class='ocrx_word' id='word_1_390' title='bbox 2086 2154 2160 2194; x_wconf 70' lang='lat' dir='ltr'><strong>ars</strong></span> <span class='ocrx_word' id='word_1_391' title='bbox 2185 2137 2530 2193; x_wconf 84' lang='lat' dir='ltr'><strong>ell‘ormatum</strong></span> <span class='ocrx_word' id='word_1_392' title='bbox 2579 2145 2718 2207; x_wconf 80' lang='lat' dir='ltr'><strong>erat.</strong></span> <span class='ocrx_word' id='word_1_393' title='bbox 2754 2136 2878 2192; x_wconf 82' lang='lat' dir='ltr'><strong>Haec</strong></span> <span class='ocrx_word' id='word_1_394' title='bbox 2901 2138 2954 2191; x_wconf 90' lang='lat' dir='ltr'><strong>in</strong></span> <span class='ocrx_word' id='word_1_395' title='bbox 2985 2136 3317 2191; x_wconf 78' lang='lat' dir='ltr'><strong>contrarium</strong></span> <span class='ocrx_word' id='word_1_396' title='bbox 3351 2135 3516 2189; x_wconf 90' lang='lat' dir='ltr'><strong>etiam</strong></span> 
     </span>
    </p>
   </div>
   <div class='ocr_carea' id='block_1_53' title="bbox 1953 2222 3519 2300">
    <p class='ocr_par' dir='ltr' id='par_1_53' title="bbox 1953 2222 3519 2300">
     <span class='ocr_line' id='line_1_53' title="bbox 1953 2222 3519 2300; baseline -0.006 -17"><span class='ocrx_word' id='word_1_397' title='bbox 1953 2229 2045 2284; x_wconf 90' lang='lat' dir='ltr'><strong>Dei</strong></span> <span class='ocrx_word' id='word_1_398' title='bbox 2076 2230 2333 2284; x_wconf 88' lang='lat' dir='ltr'><strong>inimicus</strong></span> <span class='ocrx_word' id='word_1_399' title='bbox 2363 2228 2417 2282; x_wconf 92' lang='lat' dir='ltr'><strong>in</strong></span> <span class='ocrx_word' id='word_1_400' title='bbox 2449 2227 2739 2300; x_wconf 85' lang='lat' dir='ltr'><strong>Unigenito</strong></span> <span class='ocrx_word' id='word_1_401' title='bbox 2763 2228 2875 2283; x_wconf 90' lang='lat' dir='ltr'><strong>Deo</strong></span> <span class='ocrx_word' id='word_1_402' title='bbox 2911 2237 3234 2298; x_wconf 72' lang='lat' dir='ltr'><strong>przestruere</strong></span> <span class='ocrx_word' id='word_1_403' title='bbox 3272 2239 3366 2295; x_wconf 88' lang='lat' dir='ltr'><strong>per</strong></span> <span class='ocrx_word' id='word_1_404' title='bbox 3386 2222 3519 2293; x_wconf 85' lang='lat' dir='ltr'><strong>dog-</strong></span> 
     </span>
    </p>
   </div>
   <div class='ocr_carea' id='block_1_54' title="bbox 1950 2315 3519 2392">
    <p class='ocr_par' dir='ltr' id='par_1_54' title="bbox 1950 2315 3519 2392">
     <span class='ocr_line' id='line_1_54' title="bbox 1950 2315 3519 2392; baseline -0.004 -17"><span class='ocrx_word' id='word_1_405' title='bbox 1950 2329 2096 2376; x_wconf 86' lang='lat' dir='ltr'><strong>mata</strong></span> <span class='ocrx_word' id='word_1_406' title='bbox 2127 2336 2455 2392; x_wconf 77' lang='lat' dir='ltr'><strong>magnopere</strong></span> <span class='ocrx_word' id='word_1_407' title='bbox 2485 2319 2786 2383; x_wconf 87' lang='lat' dir='ltr'><strong>contendit,</strong></span> <span class='ocrx_word' id='word_1_408' title='bbox 2813 2319 2915 2374; x_wconf 89' lang='lat' dir='ltr'><strong>hoc</strong></span> <span class='ocrx_word' id='word_1_409' title='bbox 2946 2319 3232 2374; x_wconf 85' lang='lat' dir='ltr'><strong>clamitans</strong></span> <span class='ocrx_word' id='word_1_410' title='bbox 3259 2331 3354 2387; x_wconf 91' lang='lat' dir='ltr'><strong>per</strong></span> <span class='ocrx_word' id='word_1_411' title='bbox 3377 2315 3519 2368; x_wconf 86' lang='lat' dir='ltr'><strong>hanc</strong></span> 
     </span>
    </p>
   </div>
   <div class='ocr_carea' id='block_1_55' title="bbox 1948 2405 3520 2484">
    <p class='ocr_par' dir='ltr' id='par_1_55' title="bbox 1948 2405 3520 2484">
     <span class='ocr_line' id='line_1_55' title="bbox 1948 2405 3520 2484; baseline -0.007 -17"><span class='ocrx_word' id='word_1_412' title='bbox 1948 2413 2052 2484; x_wconf 86' lang='lat' dir='ltr'><strong>ipsi</strong></span> <span class='ocrx_word' id='word_1_413' title='bbox 2101 2413 2434 2483; x_wconf 86' lang='lat' dir='ltr'><strong>propositam</strong></span> <span class='ocrx_word' id='word_1_414' title='bbox 2468 2411 2761 2466; x_wconf 86' lang='lat' dir='ltr'><strong>dictionem</strong></span> <span class='ocrx_word' id='word_1_415' title='bbox 2797 2429 2810 2464; x_wconf 89' lang='lat'><strong>:</strong></span> <span class='ocrx_word' id='word_1_416' title='bbox 2853 2409 2931 2464; x_wconf 79' lang='lat' dir='ltr'><strong>Ne</strong></span> <span class='ocrx_word' id='word_1_417' title='bbox 2973 2407 3281 2479; x_wconf 86' lang='lat' dir='ltr'><strong>respiciatis</strong></span> <span class='ocrx_word' id='word_1_418' title='bbox 3325 2405 3392 2459; x_wconf 91' lang='lat' dir='ltr'><strong>ad</strong></span> <span class='ocrx_word' id='word_1_419' title='bbox 3422 2420 3520 2459; x_wconf 85' lang='lat' dir='ltr'><strong>no-</strong></span> 
     </span>
    </p>
   </div>
   <div class='ocr_carea' id='block_1_56' title="bbox 1951 2496 3520 2574">
    <p class='ocr_par' dir='ltr' id='par_1_56' title="bbox 1951 2496 3520 2574">
     <span class='ocr_line' id='line_1_56' title="bbox 1951 2496 3520 2574; baseline -0.005 -15"><span class='ocrx_word' id='word_1_420' title='bbox 1951 2507 2095 2559; x_wconf 89' lang='lat' dir='ltr'><strong>mina</strong></span> <span class='ocrx_word' id='word_1_421' title='bbox 2135 2504 2346 2558; x_wconf 88' lang='lat' dir='ltr'><strong>Domini</strong></span> <span class='ocrx_word' id='word_1_422' title='bbox 2385 2518 2614 2574; x_wconf 91' lang='lat' dir='ltr'><strong>quorum</strong></span> <span class='ocrx_word' id='word_1_423' title='bbox 2643 2511 2728 2558; x_wconf 89' lang='lat' dir='ltr'><strong>est</strong></span> <span class='ocrx_word' id='word_1_424' title='bbox 2772 2503 3063 2573; x_wconf 87' lang='lat' dir='ltr'><strong>particeps,</strong></span> <span class='ocrx_word' id='word_1_425' title='bbox 3112 2501 3182 2554; x_wconf 90' lang='lat' dir='ltr'><strong>ita</strong></span> <span class='ocrx_word' id='word_1_426' title='bbox 3222 2507 3282 2552; x_wconf 91' lang='lat' dir='ltr'><strong>ut</strong></span> <span class='ocrx_word' id='word_1_427' title='bbox 3331 2512 3394 2552; x_wconf 80' lang='lat' dir='ltr'><strong>ex</strong></span> <span class='ocrx_word' id='word_1_428' title='bbox 3432 2496 3520 2551; x_wconf 87' lang='lat' dir='ltr'><strong>his</strong></span> 
     </span>
    </p>
   </div>
   <div class='ocr_carea' id='block_1_57' title="bbox 1951 2588 3519 2663">
    <p class='ocr_par' dir='ltr' id='par_1_57' title="bbox 1951 2588 3519 2663">
     <span class='ocr_line' id='line_1_57' title="bbox 1951 2588 3519 2663; baseline -0.004 -14"><span class='ocrx_word' id='word_1_429' title='bbox 1951 2594 2272 2650; x_wconf 71' lang='lat' dir='ltr'><strong>ineffabilem</strong></span> <span class='ocrx_word' id='word_1_430' title='bbox 2305 2595 2426 2663; x_wconf 87' lang='lat' dir='ltr'><strong>ejus</strong></span> <span class='ocrx_word' id='word_1_431' title='bbox 2475 2602 2528 2649; x_wconf 92' lang='lat' dir='ltr'><strong>et</strong></span> <span class='ocrx_word' id='word_1_432' title='bbox 2552 2594 2826 2649; x_wconf 64' lang='lat' dir='ltr'><strong>excelsam</strong></span> <span class='ocrx_word' id='word_1_433' title='bbox 2855 2593 3150 2649; x_wconf 87' lang='lat' dir='ltr'><strong>essentiam</strong></span> <span class='ocrx_word' id='word_1_434' title='bbox 3186 2588 3519 2660; x_wconf 78' lang='lat' dir='ltr'><strong>cogitatione</strong></span> 
     </span>
    </p>
   </div>
   <div class='ocr_carea' id='block_1_58' title="bbox 1949 2681 3522 2754">
    <p class='ocr_par' dir='ltr' id='par_1_58' title="bbox 1949 2681 3522 2754">
     <span class='ocr_line' id='line_1_58' title="bbox 1949 2681 3522 2754; baseline -0.004 -16"><span class='ocrx_word' id='word_1_435' title='bbox 1949 2684 2230 2754; x_wconf 88' lang='lat' dir='ltr'><strong>percipere</strong></span> <span class='ocrx_word' id='word_1_436' title='bbox 2276 2683 2456 2738; x_wconf 80' lang='lat' dir='ltr'><strong>liceat.</strong></span> <span class='ocrx_word' id='word_1_437' title='bbox 2506 2681 2671 2736; x_wconf 83' lang='lat' dir='ltr'><strong>Multa</strong></span> <span class='ocrx_word' id='word_1_438' title='bbox 2716 2683 2859 2736; x_wconf 90' lang='lat' dir='ltr'><strong>enim</strong></span> <span class='ocrx_word' id='word_1_439' title='bbox 2896 2683 3057 2737; x_wconf 89' lang='lat' dir='ltr'><strong>etiam</strong></span> <span class='ocrx_word' id='word_1_440' title='bbox 3106 2681 3208 2733; x_wconf 89' lang='lat' dir='ltr'><strong>alia</strong></span> <span class='ocrx_word' id='word_1_441' title='bbox 3239 2693 3360 2749; x_wconf 64' lang='lat' dir='ltr'><strong>quae</strong></span> <span class='ocrx_word' id='word_1_442' title='bbox 3391 2684 3522 2732; x_wconf 77' lang='lat' dir='ltr'><strong>sunt</strong></span> 
     </span>
    </p>
   </div>
   <div class='ocr_carea' id='block_1_59' title="bbox 1950 2769 3519 2843">
    <p class='ocr_par' dir='ltr' id='par_1_59' title="bbox 1950 2769 3519 2843">
     <span class='ocr_line' id='line_1_59' title="bbox 1950 2769 3519 2843; baseline -0.006 -14"><span class='ocrx_word' id='word_1_443' title='bbox 1950 2774 2326 2829; x_wconf 89' lang='lat' dir='ltr'><strong>inﬁrmissima</strong></span> <span class='ocrx_word' id='word_1_444' title='bbox 2367 2772 2899 2843; x_wconf 84' lang='lat' dir='ltr'><strong>supereminentibus</strong></span> <span class='ocrx_word' id='word_1_445' title='bbox 2937 2770 3388 2843; x_wconf 86' lang='lat' dir='ltr'><strong>appellationibus</strong></span> <span class='ocrx_word' id='word_1_446' title='bbox 3421 2769 3519 2822; x_wconf 58' lang='lat' dir='ltr'><strong>lio-</strong></span> 
     </span>
    </p>
   </div>
   <div class='ocr_carea' id='block_1_60' title="bbox 1950 2862 3516 2936">
    <p class='ocr_par' dir='ltr' id='par_1_60' title="bbox 1950 2862 3516 2936">
     <span class='ocr_line' id='line_1_60' title="bbox 1950 2862 3516 2936; baseline -0.007 -13"><span class='ocrx_word' id='word_1_447' title='bbox 1950 2875 2140 2923; x_wconf 91' lang='lat' dir='ltr'><strong>norata</strong></span> <span class='ocrx_word' id='word_1_448' title='bbox 2161 2875 2307 2933; x_wconf 89' lang='lat' dir='ltr'><strong>sunt,</strong></span> <span class='ocrx_word' id='word_1_449' title='bbox 2330 2879 2562 2936; x_wconf 87' lang='lat' dir='ltr'><strong>quorum</strong></span> <span class='ocrx_word' id='word_1_450' title='bbox 2590 2865 2880 2934; x_wconf 88' lang='lat' dir='ltr'><strong>appellatio</strong></span> <span class='ocrx_word' id='word_1_451' title='bbox 2893 2863 3108 2934; x_wconf 88' lang='lat' dir='ltr'><strong>quidem</strong></span> <span class='ocrx_word' id='word_1_452' title='bbox 3131 2862 3516 2917; x_wconf 70' lang='lat' dir='ltr'><strong>sublimitatem</strong></span> 
     </span>
    </p>
   </div>
   <div class='ocr_carea' id='block_1_61' title="bbox 1949 2955 3517 3025">
    <p class='ocr_par' dir='ltr' id='par_1_61' title="bbox 1949 2955 3517 3025">
     <span class='ocr_line' id='line_1_61' title="bbox 1949 2955 3517 3025; baseline -0.007 -11"><span class='ocrx_word' id='word_1_453' title='bbox 1949 2960 2005 3014; x_wconf 91' lang='lat' dir='ltr'><strong>in</strong></span> <span class='ocrx_word' id='word_1_454' title='bbox 2057 2974 2117 3015; x_wconf 92' lang='lat' dir='ltr'><strong>se</strong></span> <span class='ocrx_word' id='word_1_455' title='bbox 2172 2961 2442 3022; x_wconf 87' lang='lat' dir='ltr'><strong>continet,</strong></span> <span class='ocrx_word' id='word_1_456' title='bbox 2487 2965 2683 3012; x_wconf 81' lang='lat' dir='ltr'><strong>natura</strong></span> <span class='ocrx_word' id='word_1_457' title='bbox 2739 2968 2917 3011; x_wconf 89' lang='lat' dir='ltr'><strong>autem</strong></span> <span class='ocrx_word' id='word_1_458' title='bbox 2964 2956 3017 3009; x_wconf 93' lang='lat' dir='ltr'><strong>in</strong></span> <span class='ocrx_word' id='word_1_459' title='bbox 3066 2955 3382 3025; x_wconf 85' lang='lat' dir='ltr'><strong>dignitatem</strong></span> <span class='ocrx_word' id='word_1_460' title='bbox 3422 2967 3517 3021; x_wconf 84' lang='lat' dir='ltr'><strong>ap-</strong></span> 
     </span>
    </p>
   </div>
   <div class='ocr_carea' id='block_1_62' title="bbox 263 3045 1842 3153">
    <p class='ocr_par' dir='ltr' id='par_1_62' title="bbox 263 3058 1842 3133">
     <span class='ocr_line' id='line_1_62' title="bbox 263 3058 1842 3133; baseline 0.006 -24"><span class='ocrx_word' id='word_1_461' title='bbox 263 3059 368 3128; x_wconf 83' lang='grc' dir='ltr'><strong>τῆς</strong></span> <span class='ocrx_word' id='word_1_462' title='bbox 400 3058 771 3130; x_wconf 81' lang='grc' dir='ltr'><strong>προσηγορίας</strong></span> <span class='ocrx_word' id='word_1_463' title='bbox 802 3059 902 3112; x_wconf 89' lang='grc' dir='ltr'><strong>οὑκ</strong></span> <span class='ocrx_word' id='word_1_464' title='bbox 931 3059 1336 3126; x_wconf 82' lang='grc' dir='ltr'><strong>ἐξαλλάσσεται.</strong></span> <span class='ocrx_word' id='word_1_465' title='bbox 1369 3064 1467 3118; x_wconf 89' lang='grc' dir='ltr'><strong>Διά</strong></span> <span class='ocrx_word' id='word_1_466' title='bbox 1495 3063 1653 3117; x_wconf 86' lang='grc' dir='ltr'><strong>τοῦτο</strong></span> <span class='ocrx_word' id='word_1_467' title='bbox 1699 3064 1842 3133; x_wconf 85' lang='grc' dir='ltr'><strong>λέγει</strong></span> 
     </span>
    </p>
   </div>
   <div class='ocr_carea' id='block_1_63' title="bbox 1944 3045 3513 3153">
    <p class='ocr_par' dir='ltr' id='par_1_63' title="bbox 1951 3045 3513 3130">
     <span class='ocr_line' id='line_1_63' title="bbox 1951 3045 3513 3130; baseline -0.006 -24"><span class='ocrx_word' id='word_1_468' title='bbox 1951 3051 2258 3122; x_wconf 89' lang='lat' dir='ltr'><strong>pellationis</strong></span> <span class='ocrx_word' id='word_1_469' title='bbox 2287 3065 2396 3105; x_wconf 89' lang='lat' dir='ltr'><strong>non</strong></span> <span class='ocrx_word' id='word_1_470' title='bbox 2435 3051 2772 3105; x_wconf 87' lang='lat' dir='ltr'><strong>immutatur.</strong></span> <span class='ocrx_word' id='word_1_471' title='bbox 2824 3046 3116 3118; x_wconf 79' lang='lat' dir='ltr'><strong>PrOpterea</strong></span> <span class='ocrx_word' id='word_1_472' title='bbox 3161 3045 3295 3100; x_wconf 87' lang='lat' dir='ltr'><strong>dicit</strong></span> <span class='ocrx_word' id='word_1_473' title='bbox 3327 3045 3513 3130; x_wconf 59' lang='lat' dir='ltr'><strong>pomi-</strong></span> 
     </span>
    </p>
   </div>
   <div class='ocr_carea' id='block_1_64' title="bbox 269 3150 1842 3226">
    <p class='ocr_par' dir='ltr' id='par_1_64' title="bbox 269 3150 1842 3226">
     <span class='ocr_line' id='line_1_64' title="bbox 269 3150 1842 3226; baseline 0.004 -24"><span class='ocrx_word' id='word_1_474' title='bbox 269 3150 466 3221; x_wconf 78' lang='grc' dir='ltr'><strong>μέχρις</strong></span> <span class='ocrx_word' id='word_1_475' title='bbox 492 3150 770 3220; x_wconf 82' lang='grc' dir='ltr'><strong>ὀνομάτων</strong></span> <span class='ocrx_word' id='word_1_476' title='bbox 798 3150 968 3221; x_wconf 75' lang='grc' dir='ltr'><strong>ψιλῶν</strong></span> <span class='ocrx_word' id='word_1_477' title='bbox 998 3153 1244 3221; x_wconf 88' lang='grc' dir='ltr'><strong>γίνεσθαι</strong></span> <span class='ocrx_word' id='word_1_478' title='bbox 1276 3154 1426 3226; x_wconf 89' lang='grc' dir='ltr'><strong>παρά</strong></span> <span class='ocrx_word' id='word_1_479' title='bbox 1446 3153 1539 3208; x_wconf 87' lang='grc' dir='ltr'><strong>τοῦ</strong></span> <span class='ocrx_word' id='word_1_480' title='bbox 1568 3155 1702 3208; x_wconf 83' lang='grc' dir='ltr'><strong>Θεοῦ</strong></span> <span class='ocrx_word' id='word_1_481' title='bbox 1732 3159 1842 3220; x_wconf 85' lang='grc' dir='ltr'><strong>τοῖς</strong></span> 
     </span>
    </p>
   </div>
   <div class='ocr_carea' id='block_1_65' title="bbox 267 3242 1841 3316">
    <p class='ocr_par' dir='ltr' id='par_1_65' title="bbox 267 3242 1841 3316">
     <span class='ocr_line' id='line_1_65' title="bbox 267 3242 1841 3316; baseline 0 -20"><span class='ocrx_word' id='word_1_482' title='bbox 267 3242 637 3315; x_wconf 74' lang='grc' dir='ltr'><strong>ὑποϐεϐηκόσι</strong></span> <span class='ocrx_word' id='word_1_483' title='bbox 659 3243 757 3314; x_wconf 88' lang='grc' dir='ltr'><strong>τὴν</strong></span> <span class='ocrx_word' id='word_1_484' title='bbox 773 3243 870 3314; x_wconf 83' lang='grc' dir='ltr'><strong>τῆς</strong></span> <span class='ocrx_word' id='word_1_485' title='bbox 900 3243 1060 3315; x_wconf 79' lang='grc' dir='ltr'><strong>τιμῆς</strong></span> <span class='ocrx_word' id='word_1_486' title='bbox 1083 3244 1390 3314; x_wconf 84' lang='grc' dir='ltr'><strong>μετουσίαν,</strong></span> <span class='ocrx_word' id='word_1_487' title='bbox 1417 3243 1491 3316; x_wconf 83' lang='grc' dir='ltr'><strong>μὴ</strong></span> <span class='ocrx_word' id='word_1_488' title='bbox 1517 3245 1841 3298; x_wconf 84' lang='grc' dir='ltr'><strong>συνακολου-</strong></span> 
     </span>
    </p>
   </div>
   <div class='ocr_carea' id='block_1_66' title="bbox 264 3333 1840 3407">
    <p class='ocr_par' dir='ltr' id='par_1_66' title="bbox 264 3333 1840 3407">
     <span class='ocr_line' id='line_1_66' title="bbox 264 3333 1840 3407; baseline 0.001 -20"><span class='ocrx_word' id='word_1_489' title='bbox 264 3334 470 3405; x_wconf 79' lang='grc' dir='ltr'><strong>θούσης</strong></span> <span class='ocrx_word' id='word_1_490' title='bbox 496 3337 561 3406; x_wconf 79' lang='grc' dir='ltr'><strong>τῇ</strong></span> <span class='ocrx_word' id='word_1_491' title='bbox 589 3335 776 3406; x_wconf 77' lang='grc' dir='ltr'><strong>κλήσει</strong></span> <span class='ocrx_word' id='word_1_492' title='bbox 800 3334 897 3402; x_wconf 82' lang='grc' dir='ltr'><strong>τῆς</strong></span> <span class='ocrx_word' id='word_1_493' title='bbox 920 3333 1061 3388; x_wconf 88' lang='grc' dir='ltr'><strong>κατά</strong></span> <span class='ocrx_word' id='word_1_494' title='bbox 1085 3334 1182 3407; x_wconf 72' lang='grc' dir='ltr'><strong>τὴν</strong></span> <span class='ocrx_word' id='word_1_495' title='bbox 1210 3335 1364 3400; x_wconf 81' lang='grc' dir='ltr'><strong>ἀξίαν</strong></span> <span class='ocrx_word' id='word_1_496' title='bbox 1390 3336 1649 3407; x_wconf 79' lang='grc' dir='ltr'><strong>ἰσότητος.</strong></span> <span class='ocrx_word' id='word_1_497' title='bbox 1680 3337 1840 3389; x_wconf 80' lang='grc' dir='ltr'><strong>Ὥστε</strong></span> 
     </span>
    </p>
   </div>
   <div class='ocr_carea' id='block_1_67' title="bbox 264 3425 1839 3498">
    <p class='ocr_par' dir='ltr' id='par_1_67' title="bbox 264 3425 1839 3498">
     <span class='ocr_line' id='line_1_67' title="bbox 264 3425 1839 3498; baseline -0.001 -17"><span class='ocrx_word' id='word_1_498' title='bbox 264 3429 446 3482; x_wconf 82' lang='grc' dir='ltr'><strong>πάντα</strong></span> <span class='ocrx_word' id='word_1_499' title='bbox 483 3429 608 3497; x_wconf 81' lang='grc' dir='ltr'><strong>περί</strong></span> <span class='ocrx_word' id='word_1_500' title='bbox 635 3425 730 3480; x_wconf 85' lang='grc' dir='ltr'><strong>τοῦ</strong></span> <span class='ocrx_word' id='word_1_501' title='bbox 754 3425 886 3480; x_wconf 85' lang='grc' dir='ltr'><strong>Υἰοῦ</strong></span> <span class='ocrx_word' id='word_1_502' title='bbox 918 3425 1209 3496; x_wconf 84' lang='grc' dir='ltr'><strong>μαθόντας,</strong></span> <span class='ocrx_word' id='word_1_503' title='bbox 1235 3427 1334 3480; x_wconf 86' lang='grc' dir='ltr'><strong>ὅσα</strong></span> <span class='ocrx_word' id='word_1_504' title='bbox 1362 3425 1461 3497; x_wconf 79' lang='grc' dir='ltr'><strong>τῆς</strong></span> <span class='ocrx_word' id='word_1_505' title='bbox 1483 3427 1692 3498; x_wconf 70' lang='grc' dir='ltr'><strong>ὑψηλῆς</strong></span> <span class='ocrx_word' id='word_1_506' title='bbox 1725 3427 1839 3480; x_wconf 86' lang='grc' dir='ltr'><strong>ἐστι</strong></span> 
     </span>
    </p>
   </div>
   <div class='ocr_carea' id='block_1_68' title="bbox 265 3519 1840 3593">
    <p class='ocr_par' dir='ltr' id='par_1_68' title="bbox 265 3519 1840 3593">
     <span class='ocr_line' id='line_1_68' title="bbox 265 3519 1840 3593; baseline 0.001 -20"><span class='ocrx_word' id='word_1_507' title='bbox 265 3521 568 3590; x_wconf 84' lang='grc' dir='ltr'><strong>σημασίας,</strong></span> <span class='ocrx_word' id='word_1_508' title='bbox 621 3520 812 3591; x_wconf 77' lang='grc' dir='ltr'><strong>μέχρις</strong></span> <span class='ocrx_word' id='word_1_509' title='bbox 839 3519 1103 3590; x_wconf 82' lang='grc' dir='ltr'><strong>ὀνόματος</strong></span> <span class='ocrx_word' id='word_1_510' title='bbox 1127 3520 1330 3574; x_wconf 71' lang='grc' dir='ltr'><strong>οἴεσθαι</strong></span> <span class='ocrx_word' id='word_1_511' title='bbox 1356 3521 1454 3593; x_wconf 81' lang='grc' dir='ltr'><strong>τὴν</strong></span> <span class='ocrx_word' id='word_1_512' title='bbox 1490 3523 1547 3575; x_wconf 91' lang='grc' dir='ltr'><strong>ἐν</strong></span> <span class='ocrx_word' id='word_1_513' title='bbox 1575 3525 1694 3586; x_wconf 82' lang='grc' dir='ltr'><strong>ταῖς</strong></span> <span class='ocrx_word' id='word_1_514' title='bbox 1737 3541 1840 3592; x_wconf 76' lang='grc' dir='ltr'><strong>φω-</strong></span> 
     </span>
    </p>
   </div>
   <div class='ocr_carea' id='block_1_69' title="bbox 261 3607 1838 3683">
    <p class='ocr_par' dir='ltr' id='par_1_69' title="bbox 261 3607 1838 3683">
     <span class='ocr_line' id='line_1_69' title="bbox 261 3607 1838 3683; baseline 0.001 -21"><span class='ocrx_word' id='word_1_515' title='bbox 261 3613 386 3673; x_wconf 77' lang='grc' dir='ltr'><strong>ναῖς</strong></span> <span class='ocrx_word' id='word_1_516' title='bbox 405 3609 572 3681; x_wconf 69' lang='grc' dir='ltr'><strong>τιμὴν</strong></span> <span class='ocrx_word' id='word_1_517' title='bbox 603 3607 1143 3681; x_wconf 64' lang='grc' dir='ltr'><strong>πῳσμαρτυρεῖσθαι</strong></span> <span class='ocrx_word' id='word_1_518' title='bbox 1167 3609 1342 3680; x_wconf 77' lang='grc' dir='ltr'><strong>αὐτῷ’</strong></span> <span class='ocrx_word' id='word_1_519' title='bbox 1365 3610 1466 3680; x_wconf 83' lang='grc' dir='ltr'><strong>τῆς</strong></span> <span class='ocrx_word' id='word_1_520' title='bbox 1497 3609 1554 3663; x_wconf 84' lang='grc' dir='ltr'><strong>δὲ</strong></span> <span class='ocrx_word' id='word_1_521' title='bbox 1581 3610 1723 3665; x_wconf 88' lang='grc' dir='ltr'><strong>κατά</strong></span> <span class='ocrx_word' id='word_1_522' title='bbox 1741 3611 1838 3683; x_wconf 77' lang='grc' dir='ltr'><strong>τὴν</strong></span> 
     </span>
    </p>
   </div>
   <div class='ocr_carea' id='block_1_70' title="bbox 260 3699 1836 3773">
    <p class='ocr_par' dir='ltr' id='par_1_70' title="bbox 260 3699 1836 3773">
     <span class='ocr_line' id='line_1_70' title="bbox 260 3699 1836 3773; baseline 0 -18"><span class='ocrx_word' id='word_1_523' title='bbox 260 3701 424 3766; x_wconf 77' lang='grc' dir='ltr'><strong>ἀξίαν</strong></span> <span class='ocrx_word' id='word_1_524' title='bbox 460 3700 760 3771; x_wconf 72' lang='grc' dir='ltr'><strong>ἰσομοιρίας</strong></span> <span class='ocrx_word' id='word_1_525' title='bbox 793 3699 1060 3770; x_wconf 84' lang='grc' dir='ltr'><strong>ἀμέτοχον</strong></span> <span class='ocrx_word' id='word_1_526' title='bbox 1088 3700 1228 3755; x_wconf 89' lang='grc' dir='ltr'><strong>κατά</strong></span> <span class='ocrx_word' id='word_1_527' title='bbox 1260 3701 1357 3772; x_wconf 82' lang='grc' dir='ltr'><strong>τὴν</strong></span> <span class='ocrx_word' id='word_1_528' title='bbox 1382 3702 1440 3754; x_wconf 87' lang='grc' dir='ltr'><strong>ἐν</strong></span> <span class='ocrx_word' id='word_1_529' title='bbox 1472 3703 1582 3765; x_wconf 84' lang='grc' dir='ltr'><strong>τοῖς</strong></span> <span class='ocrx_word' id='word_1_530' title='bbox 1615 3702 1836 3773; x_wconf 82' lang='grc' dir='ltr'><strong>εἰρημέ·</strong></span> 
     </span>
    </p>
   </div>
   <div class='ocr_carea' id='block_1_71' title="bbox 261 3791 770 3862">
    <p class='ocr_par' dir='ltr' id='par_1_71' title="bbox 261 3791 770 3862">
     <span class='ocr_line' id='line_1_71' title="bbox 261 3791 770 3862; baseline -0.004 -14"><span class='ocrx_word' id='word_1_531' title='bbox 261 3809 376 3857; x_wconf 82' lang='grc' dir='ltr'><strong>νοις</strong></span> <span class='ocrx_word' id='word_1_532' title='bbox 408 3791 770 3862; x_wconf 87' lang='grc' dir='ltr'><strong>τεχνολογίαν.</strong></span> 
     </span>
    </p>
   </div>
   <div class='ocr_carea' id='block_1_72' title="bbox 342 4055 1834 4136">
    <p class='ocr_par' dir='ltr' id='par_1_72' title="bbox 342 4055 1834 4136">
     <span class='ocr_line' id='line_1_72' title="bbox 342 4055 1834 4136; baseline 0.002 -27"><span class='ocrx_word' id='word_1_533' title='bbox 342 4055 508 4136; x_wconf 72' lang='grc' dir='ltr'><strong>’Λλλά</strong></span> <span class='ocrx_word' id='word_1_534' title='bbox 556 4056 665 4128; x_wconf 84' lang='grc' dir='ltr'><strong>γάρ</strong></span> <span class='ocrx_word' id='word_1_535' title='bbox 718 4055 1056 4126; x_wconf 82' lang='grc' dir='ltr'><strong>ἐνσχολάζων</strong></span> <span class='ocrx_word' id='word_1_536' title='bbox 1108 4057 1220 4122; x_wconf 86' lang='grc' dir='ltr'><strong>τοῖς</strong></span> <span class='ocrx_word' id='word_1_537' title='bbox 1267 4057 1531 4130; x_wconf 79' lang='grc' dir='ltr'><strong>ἀνοήτοις,</strong></span> <span class='ocrx_word' id='word_1_538' title='bbox 1584 4058 1733 4113; x_wconf 83' lang='grc' dir='ltr'><strong>έοικά</strong></span> <span class='ocrx_word' id='word_1_539' title='bbox 1781 4076 1834 4112; x_wconf 91' lang='grc' dir='ltr'><strong>τι</strong></span> 
     </span>
    </p>
   </div>
   <div class='ocr_carea' id='block_1_73' title="bbox 255 4146 1836 4223">
    <p class='ocr_par' dir='ltr' id='par_1_73' title="bbox 255 4146 1836 4223">
     <span class='ocr_line' id='line_1_73' title="bbox 255 4146 1836 4223; baseline 0.003 -23"><span class='ocrx_word' id='word_1_540' title='bbox 255 4147 406 4200; x_wconf 82' lang='grc' dir='ltr'><strong>κατά</strong></span> <span class='ocrx_word' id='word_1_541' title='bbox 442 4146 505 4201; x_wconf 79' lang='grc' dir='ltr'><strong>τὸ</strong></span> <span class='ocrx_word' id='word_1_542' title='bbox 537 4147 760 4216; x_wconf 81' lang='grc' dir='ltr'><strong>λεληθὸς</strong></span> <span class='ocrx_word' id='word_1_543' title='bbox 791 4150 904 4212; x_wconf 89' lang='grc' dir='ltr'><strong>τοῖς</strong></span> <span class='ocrx_word' id='word_1_544' title='bbox 937 4149 994 4200; x_wconf 91' lang='grc' dir='ltr'><strong>ἐν</strong></span> <span class='ocrx_word' id='word_1_545' title='bbox 1023 4149 1284 4211; x_wconf 76' lang='grc' dir='ltr'><strong>ἐναντίοις</strong></span> <span class='ocrx_word' id='word_1_546' title='bbox 1325 4148 1662 4220; x_wconf 77' lang='grc' dir='ltr'><strong>χαρίζεσθαι,</strong></span> <span class='ocrx_word' id='word_1_547' title='bbox 1693 4151 1836 4223; x_wconf 84' lang='grc' dir='ltr'><strong>Πρὸς</strong></span> 
     </span>
    </p>
   </div>
   <div class='ocr_carea' id='block_1_74' title="bbox 253 4239 1835 4314">
    <p class='ocr_par' dir='ltr' id='par_1_74' title="bbox 253 4239 1835 4314">
     <span class='ocr_line' id='line_1_74' title="bbox 253 4239 1835 4314; baseline 0.001 -22"><span class='ocrx_word' id='word_1_548' title='bbox 253 4242 373 4311; x_wconf 77' lang='grc' dir='ltr'><strong>γάρ</strong></span> <span class='ocrx_word' id='word_1_549' title='bbox 403 4239 472 4292; x_wconf 82' lang='grc' dir='ltr'><strong>τὰ.</strong></span> <span class='ocrx_word' id='word_1_550' title='bbox 521 4239 722 4309; x_wconf 84' lang='grc' dir='ltr'><strong>μάταια</strong></span> <span class='ocrx_word' id='word_1_551' title='bbox 760 4239 867 4292; x_wconf 89' lang='grc' dir='ltr'><strong>τῶν</strong></span> <span class='ocrx_word' id='word_1_552' title='bbox 904 4241 1208 4313; x_wconf 81' lang='grc' dir='ltr'><strong>εἰρημένων</strong></span> <span class='ocrx_word' id='word_1_553' title='bbox 1250 4240 1536 4304; x_wconf 72' lang='grc' dir='ltr'><strong>ἀντιτιθεὶς</strong></span> <span class='ocrx_word' id='word_1_554' title='bbox 1561 4241 1660 4313; x_wconf 76' lang='grc' dir='ltr'><strong>τὴν</strong></span> <span class='ocrx_word' id='word_1_555' title='bbox 1703 4242 1835 4314; x_wconf 73' lang='grc' dir='ltr'><strong>ἀλήο</strong></span> 
     </span>
    </p>
   </div>
   <div class='ocr_carea' id='block_1_75' title="bbox 253 4331 1833 4406">
    <p class='ocr_par' dir='ltr' id='par_1_75' title="bbox 253 4331 1833 4406">
     <span class='ocr_line' id='line_1_75' title="bbox 253 4331 1833 4406; baseline 0.001 -22"><span class='ocrx_word' id='word_1_556' title='bbox 253 4332 437 4394; x_wconf 87' lang='grc' dir='ltr'><strong>θειαν,</strong></span> <span class='ocrx_word' id='word_1_557' title='bbox 485 4332 798 4385; x_wconf 84' lang='grc' dir='ltr'><strong>ἀποκναίειν</strong></span> <span class='ocrx_word' id='word_1_558' title='bbox 835 4349 923 4402; x_wconf 88' lang='grc' dir='ltr'><strong>μοι</strong></span> <span class='ocrx_word' id='word_1_559' title='bbox 965 4331 1106 4386; x_wconf 86' lang='grc' dir='ltr'><strong>δοκῶ</strong></span> <span class='ocrx_word' id='word_1_560' title='bbox 1132 4333 1260 4396; x_wconf 80' lang='grc' dir='ltr'><strong>τοὺς</strong></span> <span class='ocrx_word' id='word_1_561' title='bbox 1301 4331 1724 4403; x_wconf 82' lang='grc' dir='ltr'><strong>καθομιλοῦντας</strong></span> <span class='ocrx_word' id='word_1_562' title='bbox 1755 4333 1833 4406; x_wconf 83' lang='grc' dir='ltr'><strong>τῷ</strong></span> 
     </span>
    </p>
   </div>
   <div class='ocr_carea' id='block_1_76' title="bbox 1948 3133 3513 3199">
    <p class='ocr_par' dir='ltr' id='par_1_76' title="bbox 1948 3133 3513 3199">
     <span class='ocr_line' id='line_1_76' title="bbox 1948 3133 3513 3199; baseline -0.005 0"><span class='ocrx_word' id='word_1_563' title='bbox 1948 3143 2112 3199; x_wconf 93' lang='lat' dir='ltr'><strong>nibus</strong></span> <span class='ocrx_word' id='word_1_564' title='bbox 2140 3143 2376 3198; x_wconf 84' lang='lat' dir='ltr'><strong>exilibus</strong></span> <span class='ocrx_word' id='word_1_565' title='bbox 2423 3148 2584 3198; x_wconf 87' lang='lat' dir='ltr'><strong>tenus</strong></span> <span class='ocrx_word' id='word_1_566' title='bbox 2625 3156 2656 3195; x_wconf 88' lang='lat' dir='ltr'><strong>a</strong></span> <span class='ocrx_word' id='word_1_567' title='bbox 2707 3140 2817 3196; x_wconf 89' lang='lat' dir='ltr'><strong>Deo</strong></span> <span class='ocrx_word' id='word_1_568' title='bbox 2844 3139 3195 3195; x_wconf 83' lang='lat' dir='ltr'><strong>inferioribus</strong></span> <span class='ocrx_word' id='word_1_569' title='bbox 3245 3133 3513 3192; x_wconf 77' lang='lat' dir='ltr'><strong>creatuiis</strong></span> 
     </span>
    </p>
   </div>
   <div class='ocr_carea' id='block_1_77' title="bbox 1947 3229 3514 3304">
    <p class='ocr_par' dir='ltr' id='par_1_77' title="bbox 1947 3229 3514 3304">
     <span class='ocr_line' id='line_1_77' title="bbox 1947 3229 3514 3304; baseline -0.004 -14"><span class='ocrx_word' id='word_1_570' title='bbox 1947 3234 2175 3290; x_wconf 89' lang='lat' dir='ltr'><strong>honoris</strong></span> <span class='ocrx_word' id='word_1_571' title='bbox 2216 3234 2684 3304; x_wconf 88' lang='lat' dir='ltr'><strong>participationem</strong></span> <span class='ocrx_word' id='word_1_572' title='bbox 2734 3233 2883 3298; x_wconf 90' lang='lat' dir='ltr'><strong>ﬁeri,</strong></span> <span class='ocrx_word' id='word_1_573' title='bbox 2927 3232 3179 3303; x_wconf 79' lang='lat' dir='ltr'><strong>quamvis</strong></span> <span class='ocrx_word' id='word_1_574' title='bbox 3231 3229 3514 3300; x_wconf 67' lang='lat' dir='ltr'><strong>aequalitas</strong></span> 
     </span>
    </p>
   </div>
   <div class='ocr_carea' id='block_1_78' title="bbox 1946 3322 3515 3401">
    <p class='ocr_par' dir='ltr' id='par_1_78' title="bbox 1946 3322 3515 3401">
     <span class='ocr_line' id='line_1_78' title="bbox 1946 3322 3515 3401; baseline -0.006 -18"><span class='ocrx_word' id='word_1_575' title='bbox 1946 3329 2232 3401; x_wconf 78' lang='lat' dir='ltr'><strong>dignitatis</strong></span> <span class='ocrx_word' id='word_1_576' title='bbox 2265 3327 2684 3398; x_wconf 84' lang='lat' dir='ltr'><strong>appellationem</strong></span> <span class='ocrx_word' id='word_1_577' title='bbox 2715 3341 2823 3380; x_wconf 92' lang='lat' dir='ltr'><strong>nou</strong></span> <span class='ocrx_word' id='word_1_578' title='bbox 2855 3335 3136 3394; x_wconf 86' lang='lat' dir='ltr'><strong>sequatur.</strong></span> <span class='ocrx_word' id='word_1_579' title='bbox 3168 3322 3349 3388; x_wconf 75' lang='lat' dir='ltr'><strong>Quare</strong></span> <span class='ocrx_word' id='word_1_580' title='bbox 3389 3322 3515 3376; x_wconf 91' lang='lat' dir='ltr'><strong>licet</strong></span> 
     </span>
    </p>
   </div>
   <div class='ocr_carea' id='block_1_79' title="bbox 1944 3412 3515 3486">
    <p class='ocr_par' dir='ltr' id='par_1_79' title="bbox 1944 3412 3515 3486">
     <span class='ocr_line' id='line_1_79' title="bbox 1944 3412 3515 3486; baseline -0.004 -12"><span class='ocrx_word' id='word_1_581' title='bbox 1944 3418 2013 3474; x_wconf 93' lang='lat' dir='ltr'><strong>de</strong></span> <span class='ocrx_word' id='word_1_582' title='bbox 2067 3417 2203 3473; x_wconf 83' lang='lat' dir='ltr'><strong>Filio</strong></span> <span class='ocrx_word' id='word_1_583' title='bbox 2256 3417 2611 3472; x_wconf 89' lang='lat' dir='ltr'><strong>didicerimus</strong></span> <span class='ocrx_word' id='word_1_584' title='bbox 2665 3416 2847 3472; x_wconf 88' lang='lat' dir='ltr'><strong>omnia</strong></span> <span class='ocrx_word' id='word_1_585' title='bbox 2903 3429 3242 3486; x_wconf 76' lang='lat' dir='ltr'><strong>quzecuuque</strong></span> <span class='ocrx_word' id='word_1_586' title='bbox 3286 3412 3515 3468; x_wconf 67' lang='lat' dir='ltr'><strong>excelsa</strong></span> 
     </span>
    </p>
   </div>
   <div class='ocr_carea' id='block_1_80' title="bbox 1945 3509 3514 3582">
    <p class='ocr_par' dir='ltr' id='par_1_80' title="bbox 1945 3509 3514 3582">
     <span class='ocr_line' id='line_1_80' title="bbox 1945 3509 3514 3582; baseline -0.004 -15"><span class='ocrx_word' id='word_1_587' title='bbox 1945 3521 2074 3567; x_wconf 89' lang='lat' dir='ltr'><strong>sunt</strong></span> <span class='ocrx_word' id='word_1_588' title='bbox 2127 3509 2562 3582; x_wconf 86' lang='lat' dir='ltr'><strong>signiﬁcationis,</strong></span> <span class='ocrx_word' id='word_1_589' title='bbox 2599 3521 2778 3564; x_wconf 88' lang='lat' dir='ltr'><strong>tamen</strong></span> <span class='ocrx_word' id='word_1_590' title='bbox 2833 3509 3054 3563; x_wconf 89' lang='lat' dir='ltr'><strong>nomine</strong></span> <span class='ocrx_word' id='word_1_591' title='bbox 3095 3518 3254 3563; x_wconf 89' lang='lat' dir='ltr'><strong>tenus</strong></span> <span class='ocrx_word' id='word_1_592' title='bbox 3299 3516 3514 3578; x_wconf 74' lang='lat' dir='ltr'><strong>Oportet</strong></span> 
     </span>
    </p>
   </div>
   <div class='ocr_carea' id='block_1_81' title="bbox 1943 3598 3516 3673">
    <p class='ocr_par' dir='ltr' id='par_1_81' title="bbox 1943 3598 3516 3673">
     <span class='ocr_line' id='line_1_81' title="bbox 1943 3598 3516 3673; baseline -0.003 -16"><span class='ocrx_word' id='word_1_593' title='bbox 1943 3611 2137 3673; x_wconf 89' lang='lat' dir='ltr'><strong>putare</strong></span> <span class='ocrx_word' id='word_1_594' title='bbox 2162 3601 2425 3656; x_wconf 87' lang='lat' dir='ltr'><strong>honorem</strong></span> <span class='ocrx_word' id='word_1_595' title='bbox 2471 3600 2702 3656; x_wconf 72' lang='lat' dir='ltr'><strong>vocibus</strong></span> <span class='ocrx_word' id='word_1_596' title='bbox 2741 3599 3196 3670; x_wconf 88' lang='lat' dir='ltr'><strong>comprehensum</strong></span> <span class='ocrx_word' id='word_1_597' title='bbox 3231 3598 3334 3668; x_wconf 86' lang='lat' dir='ltr'><strong>ipsi</strong></span> <span class='ocrx_word' id='word_1_598' title='bbox 3373 3598 3516 3654; x_wconf 78' lang='lat' dir='ltr'><strong>assi-</strong></span> 
     </span>
    </p>
   </div>
   <div class='ocr_carea' id='block_1_82' title="bbox 1943 3689 3510 3765">
    <p class='ocr_par' dir='ltr' id='par_1_82' title="bbox 1943 3689 3510 3765">
     <span class='ocr_line' id='line_1_82' title="bbox 1943 3689 3510 3765; baseline -0.002 -18"><span class='ocrx_word' id='word_1_599' title='bbox 1943 3693 2122 3765; x_wconf 89' lang='lat' dir='ltr'><strong>gnari,</strong></span> <span class='ocrx_word' id='word_1_600' title='bbox 2159 3691 2488 3762; x_wconf 71' lang='lat' dir='ltr'><strong>mqualitatis</strong></span> <span class='ocrx_word' id='word_1_601' title='bbox 2523 3706 2653 3746; x_wconf 86' lang='lat' dir='ltr'><strong>vero</strong></span> <span class='ocrx_word' id='word_1_602' title='bbox 2709 3690 3009 3746; x_wconf 89' lang='lat' dir='ltr'><strong>secundum</strong></span> <span class='ocrx_word' id='word_1_603' title='bbox 3054 3689 3372 3760; x_wconf 87' lang='lat' dir='ltr'><strong>dignitatem</strong></span> <span class='ocrx_word' id='word_1_604' title='bbox 3413 3704 3510 3744; x_wconf 79' lang='lat' dir='ltr'><strong>ex-</strong></span> 
     </span>
    </p>
   </div>
   <div class='ocr_carea' id='block_1_83' title="bbox 1944 3779 3511 3856">
    <p class='ocr_par' dir='ltr' id='par_1_83' title="bbox 1944 3779 3511 3856">
     <span class='ocr_line' id='line_1_83' title="bbox 1944 3779 3511 3856; baseline -0.003 -15"><span class='ocrx_word' id='word_1_605' title='bbox 1944 3791 2151 3856; x_wconf 86' lang='lat' dir='ltr'><strong>pertem</strong></span> <span class='ocrx_word' id='word_1_606' title='bbox 2183 3799 2306 3840; x_wconf 88' lang='lat' dir='ltr'><strong>esse</strong></span> <span class='ocrx_word' id='word_1_607' title='bbox 2330 3782 2632 3840; x_wconf 84' lang='lat' dir='ltr'><strong>secundum</strong></span> <span class='ocrx_word' id='word_1_608' title='bbox 2665 3781 2956 3838; x_wconf 90' lang='lat' dir='ltr'><strong>artiﬁcium</strong></span> <span class='ocrx_word' id='word_1_609' title='bbox 3017 3781 3163 3853; x_wconf 88' lang='lat' dir='ltr'><strong>quod</strong></span> <span class='ocrx_word' id='word_1_610' title='bbox 3236 3779 3290 3836; x_wconf 92' lang='lat' dir='ltr'><strong>in</strong></span> <span class='ocrx_word' id='word_1_611' title='bbox 3349 3780 3511 3836; x_wconf 84' lang='lat' dir='ltr'><strong>dictis</strong></span> 
     </span>
    </p>
   </div>
   <div class='ocr_carea' id='block_1_84' title="bbox 1943 3875 2442 3948">
    <p class='ocr_par' dir='ltr' id='par_1_84' title="bbox 1943 3875 2442 3948">
     <span class='ocr_line' id='line_1_84' title="bbox 1943 3875 2442 3948; baseline -0.002 -17"><span class='ocrx_word' id='word_1_612' title='bbox 1943 3875 2172 3948; x_wconf 82' lang='lat' dir='ltr'><strong>illorum</strong></span> <span class='ocrx_word' id='word_1_613' title='bbox 2200 3884 2442 3947; x_wconf 88' lang='lat' dir='ltr'><strong>apparet.</strong></span> 
     </span>
    </p>
   </div>
   <div class='ocr_carea' id='block_1_85' title="bbox 2013 4053 3509 4115">
    <p class='ocr_par' dir='ltr' id='par_1_85' title="bbox 2013 4053 3509 4115">
     <span class='ocr_line' id='line_1_85' title="bbox 2013 4053 3509 4115; baseline 0.001 -5"><span class='ocrx_word' id='word_1_614' title='bbox 2013 4053 2119 4110; x_wconf 88' lang='lat' dir='ltr'><strong>Sed</strong></span> <span class='ocrx_word' id='word_1_615' title='bbox 2181 4058 2323 4111; x_wconf 90' lang='lat' dir='ltr'><strong>enim</strong></span> <span class='ocrx_word' id='word_1_616' title='bbox 2381 4055 2437 4110; x_wconf 92' lang='lat' dir='ltr'><strong>in</strong></span> <span class='ocrx_word' id='word_1_617' title='bbox 2487 4054 2734 4112; x_wconf 79' lang='lat' dir='ltr'><strong>futilibus</strong></span> <span class='ocrx_word' id='word_1_618' title='bbox 2773 4064 2827 4112; x_wconf 91' lang='lat' dir='ltr'><strong>et</strong></span> <span class='ocrx_word' id='word_1_619' title='bbox 2864 4055 3134 4112; x_wconf 89' lang='lat' dir='ltr'><strong>sententia</strong></span> <span class='ocrx_word' id='word_1_620' title='bbox 3194 4057 3509 4115; x_wconf 83' lang='lat' dir='ltr'><strong>carentibus</strong></span> 
     </span>
    </p>
   </div>
   <div class='ocr_carea' id='block_1_86' title="bbox 1943 4147 3508 4221">
    <p class='ocr_par' dir='ltr' id='par_1_86' title="bbox 1943 4147 3508 4221">
     <span class='ocr_line' id='line_1_86' title="bbox 1943 4147 3508 4221; baseline 0.001 -18"><span class='ocrx_word' id='word_1_621' title='bbox 1943 4149 2265 4214; x_wconf 74' lang='lat' dir='ltr'><strong>immoraris,</strong></span> <span class='ocrx_word' id='word_1_622' title='bbox 2310 4148 2499 4204; x_wconf 86' lang='lat' dir='ltr'><strong>videor</strong></span> <span class='ocrx_word' id='word_1_623' title='bbox 2542 4147 2744 4219; x_wconf 88' lang='lat' dir='ltr'><strong>aliquid</strong></span> <span class='ocrx_word' id='word_1_624' title='bbox 2781 4148 2920 4204; x_wconf 89' lang='lat' dir='ltr'><strong>clam</strong></span> <span class='ocrx_word' id='word_1_625' title='bbox 2938 4149 3276 4206; x_wconf 76' lang='lat' dir='ltr'><strong>adversariis</strong></span> <span class='ocrx_word' id='word_1_626' title='bbox 3305 4149 3508 4221; x_wconf 80' lang='lat' dir='ltr'><strong>gratiﬁ-</strong></span> 
     </span>
    </p>
   </div>
   <div class='ocr_carea' id='block_1_87' title="bbox 1941 4240 3505 4314">
    <p class='ocr_par' dir='ltr' id='par_1_87' title="bbox 1941 4240 3505 4314">
     <span class='ocr_line' id='line_1_87' title="bbox 1941 4240 3505 4314; baseline -0.001 -16"><span class='ocrx_word' id='word_1_627' title='bbox 1941 4243 2076 4298; x_wconf 90' lang='lat' dir='ltr'><strong>cari.</strong></span> <span class='ocrx_word' id='word_1_628' title='bbox 2108 4241 2242 4296; x_wconf 85' lang='lat' dir='ltr'><strong>Nam</strong></span> <span class='ocrx_word' id='word_1_629' title='bbox 2269 4241 2426 4296; x_wconf 84' lang='lat' dir='ltr'><strong>vanis</strong></span> <span class='ocrx_word' id='word_1_630' title='bbox 2459 4247 2512 4297; x_wconf 90' lang='lat' dir='ltr'><strong>et</strong></span> <span class='ocrx_word' id='word_1_631' title='bbox 2539 4240 2794 4296; x_wconf 89' lang='lat' dir='ltr'><strong>inanibus</strong></span> <span class='ocrx_word' id='word_1_632' title='bbox 2824 4240 2987 4298; x_wconf 89' lang='lat' dir='ltr'><strong>dictis</strong></span> <span class='ocrx_word' id='word_1_633' title='bbox 3015 4241 3298 4298; x_wconf 84' lang='lat' dir='ltr'><strong>veritatem</strong></span> <span class='ocrx_word' id='word_1_634' title='bbox 3333 4257 3505 4314; x_wconf 82' lang='lat' dir='ltr'><strong>Oppo-</strong></span> 
     </span>
    </p>
   </div>
   <div class='ocr_carea' id='block_1_88' title="bbox 1940 4331 3506 4406">
    <p class='ocr_par' dir='ltr' id='par_1_88' title="bbox 1940 4331 3506 4406">
     <span class='ocr_line' id='line_1_88' title="bbox 1940 4331 3506 4406; baseline 0.003 -17"><span class='ocrx_word' id='word_1_635' title='bbox 1940 4349 2098 4400; x_wconf 86' lang='lat' dir='ltr'><strong>nens,</strong></span> <span class='ocrx_word' id='word_1_636' title='bbox 2121 4333 2338 4389; x_wconf 66' lang='lat' dir='ltr'><strong>taedium</strong></span> <span class='ocrx_word' id='word_1_637' title='bbox 2374 4331 2507 4388; x_wconf 90' lang='lat' dir='ltr'><strong>mihi</strong></span> <span class='ocrx_word' id='word_1_638' title='bbox 2544 4333 2734 4390; x_wconf 86' lang='lat' dir='ltr'><strong>videor</strong></span> <span class='ocrx_word' id='word_1_639' title='bbox 2765 4334 2959 4391; x_wconf 82' lang='lat' dir='ltr'><strong>all&#39;erre</strong></span> <span class='ocrx_word' id='word_1_640' title='bbox 2987 4334 3054 4390; x_wconf 87' lang='lat' dir='ltr'><strong>iis</strong></span> <span class='ocrx_word' id='word_1_641' title='bbox 3081 4335 3173 4406; x_wconf 88' lang='lat' dir='ltr'><strong>qui</strong></span> <span class='ocrx_word' id='word_1_642' title='bbox 3213 4346 3506 4406; x_wconf 67' lang='lat' dir='ltr'><strong>praesentes</strong></span> 
     </span>
    </p>
   </div>
   <div class='ocr_carea' id='block_1_89' title="bbox 250 4411 1842 4498">
    <p class='ocr_par' dir='ltr' id='par_1_89' title="bbox 250 4411 1834 4494">
     <span class='ocr_line' id='line_1_89' title="bbox 250 4411 1834 4494; baseline 0.002 -19"><span class='ocrx_word' id='word_1_643' title='bbox 250 4424 406 4493; x_wconf 79' lang='grc' dir='ltr'><strong>λόγῳ</strong></span> <span class='ocrx_word' id='word_1_644' title='bbox 453 4422 560 4493; x_wconf 84' lang='grc' dir='ltr'><strong>πρὸ</strong></span> <span class='ocrx_word' id='word_1_645' title='bbox 609 4411 722 4493; x_wconf 79' lang='grc' dir='ltr'><strong>τῆς</strong></span> <span class='ocrx_word' id='word_1_646' title='bbox 756 4422 863 4475; x_wconf 91' lang='grc' dir='ltr'><strong>τῶν</strong></span> <span class='ocrx_word' id='word_1_647' title='bbox 910 4421 1335 4494; x_wconf 87' lang='grc' dir='ltr'><strong>καρτερωτέρων</strong></span> <span class='ocrx_word' id='word_1_648' title='bbox 1387 4423 1585 4494; x_wconf 87' lang='grc' dir='ltr'><strong>μάχης.</strong></span> <span class='ocrx_word' id='word_1_649' title='bbox 1625 4423 1834 4478; x_wconf 82' lang='grc' dir='ltr'><strong>Οὐκοῦν</strong></span> 
     </span>
    </p>
   </div>
   <div class='ocr_carea' id='block_1_90' title="bbox 1944 4411 3502 4498">
    <p class='ocr_par' dir='ltr' id='par_1_90' title="bbox 1944 4425 3502 4498">
     <span class='ocr_line' id='line_1_90' title="bbox 1944 4425 3502 4498; baseline -0.003 -13"><span class='ocrx_word' id='word_1_650' title='bbox 1944 4429 2137 4485; x_wconf 85' lang='lat' dir='ltr'><strong>adsunt</strong></span> <span class='ocrx_word' id='word_1_651' title='bbox 2175 4427 2302 4482; x_wconf 90' lang='lat' dir='ltr'><strong>huic</strong></span> <span class='ocrx_word' id='word_1_652' title='bbox 2350 4425 2729 4496; x_wconf 84' lang='lat' dir='ltr'><strong>disputationi,</strong></span> <span class='ocrx_word' id='word_1_653' title='bbox 2777 4434 3063 4498; x_wconf 89' lang='lat' dir='ltr'><strong>antequam</strong></span> <span class='ocrx_word' id='word_1_654' title='bbox 3099 4427 3164 4482; x_wconf 88' lang='lat' dir='ltr'><strong>ad</strong></span> <span class='ocrx_word' id='word_1_655' title='bbox 3217 4425 3502 4482; x_wconf 79' lang='lat' dir='ltr'><strong>fortiorum</strong></span> 
     </span>
    </p>
   </div>
   <div class='ocr_carea' id='block_1_91' title="bbox 250 4509 1836 4584">
    <p class='ocr_par' dir='ltr' id='par_1_91' title="bbox 250 4509 1836 4584">
     <span class='ocr_line' id='line_1_91' title="bbox 250 4509 1836 4584; baseline 0.003 -20"><span class='ocrx_word' id='word_1_656' title='bbox 250 4509 433 4564; x_wconf 84' lang='grc' dir='ltr'><strong>ταῦτα</strong></span> <span class='ocrx_word' id='word_1_657' title='bbox 452 4511 597 4573; x_wconf 80' lang='grc' dir='ltr'><strong>ὅπως</strong></span> <span class='ocrx_word' id='word_1_658' title='bbox 617 4509 683 4564; x_wconf 82' lang='grc' dir='ltr'><strong>ἂν</strong></span> <span class='ocrx_word' id='word_1_659' title='bbox 707 4509 826 4582; x_wconf 76' lang='grc' dir='ltr'><strong>ἔχῃ,</strong></span> <span class='ocrx_word' id='word_1_660' title='bbox 848 4513 960 4575; x_wconf 85' lang='grc' dir='ltr'><strong>τοῖς</strong></span> <span class='ocrx_word' id='word_1_661' title='bbox 984 4512 1495 4584; x_wconf 81' lang='grc' dir='ltr'><strong>ἐπιστατικωτέροις</strong></span> <span class='ocrx_word' id='word_1_662' title='bbox 1509 4513 1616 4566; x_wconf 91' lang='grc' dir='ltr'><strong>τῶν</strong></span> <span class='ocrx_word' id='word_1_663' title='bbox 1637 4514 1836 4584; x_wconf 85' lang='grc' dir='ltr'><strong>ἀκροα-</strong></span> 
     </span>
    </p>
   </div>
   <div class='ocr_carea' id='block_1_92' title="bbox 246 4600 1836 4676">
    <p class='ocr_par' dir='ltr' id='par_1_92' title="bbox 246 4600 1836 4676">
     <span class='ocr_line' id='line_1_92' title="bbox 246 4600 1836 4676; baseline 0.004 -24"><span class='ocrx_word' id='word_1_664' title='bbox 246 4600 371 4654; x_wconf 85' lang='grc' dir='ltr'><strong>τῶν</strong></span> <span class='ocrx_word' id='word_1_665' title='bbox 393 4600 598 4666; x_wconf 76' lang='grc' dir='ltr'><strong>ἐατέον,</strong></span> <span class='ocrx_word' id='word_1_666' title='bbox 621 4603 756 4672; x_wconf 80' lang='grc' dir='ltr'><strong>ἡμῖν</strong></span> <span class='ocrx_word' id='word_1_667' title='bbox 777 4601 834 4654; x_wconf 86' lang='grc' dir='ltr'><strong>δὲ</strong></span> <span class='ocrx_word' id='word_1_668' title='bbox 864 4602 1002 4673; x_wconf 87' lang='grc' dir='ltr'><strong>πρὸς</strong></span> <span class='ocrx_word' id='word_1_669' title='bbox 1019 4604 1089 4656; x_wconf 90' lang='grc' dir='ltr'><strong>τά</strong></span> <span class='ocrx_word' id='word_1_670' title='bbox 1120 4603 1453 4676; x_wconf 84' lang='grc' dir='ltr'><strong>προκείμενα</strong></span> <span class='ocrx_word' id='word_1_671' title='bbox 1489 4606 1836 4676; x_wconf 85' lang='grc' dir='ltr'><strong>μετενεκτέον</strong></span> 
     </span>
    </p>
   </div>
   <div class='ocr_carea' id='block_1_93' title="bbox 244 4693 1838 4771">
    <p class='ocr_par' dir='ltr' id='par_1_93' title="bbox 244 4693 1838 4771">
     <span class='ocr_line' id='line_1_93' title="bbox 244 4693 1838 4771; baseline 0.004 -24"><span class='ocrx_word' id='word_1_672' title='bbox 244 4693 347 4748; x_wconf 76' lang='grc' dir='ltr'><strong>τὸν</strong></span> <span class='ocrx_word' id='word_1_673' title='bbox 379 4693 564 4762; x_wconf 84' lang='grc' dir='ltr'><strong>λόγον·</strong></span> <span class='ocrx_word' id='word_1_674' title='bbox 600 4693 840 4764; x_wconf 87' lang='grc' dir='ltr'><strong>σιγάσθω</strong></span> <span class='ocrx_word' id='word_1_675' title='bbox 868 4693 925 4747; x_wconf 87' lang='grc' dir='ltr'><strong>δέ</strong></span> <span class='ocrx_word' id='word_1_676' title='bbox 950 4695 1042 4748; x_wconf 71' lang='grc' dir='ltr'><strong>καὶ</strong></span> <span class='ocrx_word' id='word_1_677' title='bbox 1080 4695 1142 4748; x_wconf 85' lang='grc' dir='ltr'><strong>τὸ</strong></span> <span class='ocrx_word' id='word_1_678' title='bbox 1181 4697 1460 4769; x_wconf 88' lang='grc' dir='ltr'><strong>προσεχῶς</strong></span> <span class='ocrx_word' id='word_1_679' title='bbox 1491 4701 1603 4763; x_wconf 80' lang='grc' dir='ltr'><strong>τοῖς</strong></span> <span class='ocrx_word' id='word_1_680' title='bbox 1645 4698 1838 4771; x_wconf 83' lang='grc' dir='ltr'><strong>ἐξητα-</strong></span> 
     </span>
    </p>
   </div>
   <div class='ocr_carea' id='block_1_94' title="bbox 249 4787 1834 4859">
    <p class='ocr_par' dir='ltr' id='par_1_94' title="bbox 249 4787 1834 4859">
     <span class='ocr_line' id='line_1_94' title="bbox 249 4787 1834 4859; baseline 0.004 -19"><span class='ocrx_word' id='word_1_681' title='bbox 249 4787 479 4856; x_wconf 77' lang='grc' dir='ltr'><strong>σμένοις</strong></span> <span class='ocrx_word' id='word_1_682' title='bbox 515 4787 896 4858; x_wconf 84' lang='grc' dir='ltr'><strong>προκείμενον,</strong></span> <span class='ocrx_word' id='word_1_683' title='bbox 947 4787 1029 4840; x_wconf 78' lang='grc' dir='ltr'><strong>ὅτι</strong></span> <span class='ocrx_word' id='word_1_684' title='bbox 1071 4788 1241 4842; x_wconf 83' lang='grc' dir='ltr'><strong>ταῦτα</strong></span> <span class='ocrx_word' id='word_1_685' title='bbox 1275 4789 1457 4859; x_wconf 89' lang='grc' dir='ltr'><strong>μέντοι</strong></span> <span class='ocrx_word' id='word_1_686' title='bbox 1488 4789 1674 4844; x_wconf 87' lang='grc' dir='ltr'><strong>τοῦτον</strong></span> <span class='ocrx_word' id='word_1_687' title='bbox 1714 4791 1834 4846; x_wconf 88' lang='grc' dir='ltr'><strong>δια-</strong></span> 
     </span>
    </p>
   </div>
   <div class='ocr_carea' id='block_1_95' title="bbox 243 4879 1834 4953">
    <p class='ocr_par' dir='ltr' id='par_1_95' title="bbox 243 4879 1834 4953">
     <span class='ocr_line' id='line_1_95' title="bbox 243 4879 1834 4953; baseline 0.003 -20"><span class='ocrx_word' id='word_1_688' title='bbox 243 4880 514 4933; x_wconf 77' lang='grc' dir='ltr'><strong>τέτακται</strong></span> <span class='ocrx_word' id='word_1_689' title='bbox 547 4879 638 4932; x_wconf 85' lang='grc' dir='ltr'><strong>τδν</strong></span> <span class='ocrx_word' id='word_1_690' title='bbox 665 4881 884 4951; x_wconf 84' lang='grc' dir='ltr'><strong>τρόπον,</strong></span> <span class='ocrx_word' id='word_1_691' title='bbox 920 4879 979 4932; x_wconf 89' lang='grc' dir='ltr'><strong>οὑ</strong></span> <span class='ocrx_word' id='word_1_692' title='bbox 1013 4879 1114 4949; x_wconf 79' lang='grc' dir='ltr'><strong>τῆς</strong></span> <span class='ocrx_word' id='word_1_693' title='bbox 1138 4881 1378 4944; x_wconf 74' lang='grc' dir='ltr'><strong>ἐπινοίας</strong></span> <span class='ocrx_word' id='word_1_694' title='bbox 1408 4880 1519 4935; x_wconf 89' lang='grc' dir='ltr'><strong>τῶν</strong></span> <span class='ocrx_word' id='word_1_695' title='bbox 1535 4882 1834 4953; x_wconf 75' lang='grc' dir='ltr'><strong>ἀνθρώπιον</strong></span> 
     </span>
    </p>
   </div>
   <div class='ocr_carea' id='block_1_96' title="bbox 241 4971 1833 5045">
    <p class='ocr_par' dir='ltr' id='par_1_96' title="bbox 241 4971 1833 5045">
     <span class='ocr_line' id='line_1_96' title="bbox 241 4971 1833 5045; baseline 0.003 -19"><span class='ocrx_word' id='word_1_696' title='bbox 241 4972 527 5044; x_wconf 73' lang='grc' dir='ltr'><strong>λαχούσης</strong></span> <span class='ocrx_word' id='word_1_697' title='bbox 554 4973 653 5043; x_wconf 81' lang='grc' dir='ltr'><strong>τὴν</strong></span> <span class='ocrx_word' id='word_1_698' title='bbox 681 4972 926 5040; x_wconf 75' lang='grc' dir='ltr'><strong>ἐξουσίαν</strong></span> <span class='ocrx_word' id='word_1_699' title='bbox 953 4971 1065 5024; x_wconf 89' lang='grc' dir='ltr'><strong>τῶν</strong></span> <span class='ocrx_word' id='word_1_700' title='bbox 1093 4972 1392 5042; x_wconf 80' lang='grc' dir='ltr'><strong>ὀνομάτων.</strong></span> <span class='ocrx_word' id='word_1_701' title='bbox 1421 4973 1517 5038; x_wconf 84' lang='grc' dir='ltr'><strong>Τίς</strong></span> <span class='ocrx_word' id='word_1_702' title='bbox 1540 4975 1650 5045; x_wconf 71' lang='grc' dir='ltr'><strong>γὰρ</strong></span> <span class='ocrx_word' id='word_1_703' title='bbox 1675 4977 1833 5031; x_wconf 86' lang='grc' dir='ltr'><strong>τοῦτό</strong></span> 
     </span>
    </p>
   </div>
   <div class='ocr_carea' id='block_1_97' title="bbox 242 5064 1833 5137">
    <p class='ocr_par' dir='ltr' id='par_1_97' title="bbox 242 5064 1833 5137">
     <span class='ocr_line' id='line_1_97' title="bbox 242 5064 1833 5137; baseline 0.003 -18"><span class='ocrx_word' id='word_1_704' title='bbox 242 5083 411 5136; x_wconf 76' lang='grc' dir='ltr'><strong>φησι,</strong></span> <span class='ocrx_word' id='word_1_705' title='bbox 462 5064 522 5117; x_wconf 79' lang='grc' dir='ltr'><strong>τὸ</strong></span> <span class='ocrx_word' id='word_1_706' title='bbox 556 5064 630 5136; x_wconf 77' lang='grc' dir='ltr'><strong>μὴ</strong></span> <span class='ocrx_word' id='word_1_707' title='bbox 674 5065 794 5118; x_wconf 83' lang='grc' dir='ltr'><strong>κατ’</strong></span> <span class='ocrx_word' id='word_1_708' title='bbox 830 5065 964 5119; x_wconf 85' lang='grc' dir='ltr'><strong>ἰδίαν</strong></span> <span class='ocrx_word' id='word_1_709' title='bbox 1007 5064 1301 5119; x_wconf 79' lang='grc' dir='ltr'><strong>ὑπόστασιν</strong></span> <span class='ocrx_word' id='word_1_710' title='bbox 1353 5064 1741 5137; x_wconf 87' lang='grc' dir='ltr'><strong>θεωρούμενον,</strong></span> <span class='ocrx_word' id='word_1_711' title='bbox 1775 5071 1833 5124; x_wconf 92' lang='grc' dir='ltr'><strong>ἐν</strong></span> 
     </span>
    </p>
   </div>
   <div class='ocr_carea' id='block_1_98' title="bbox 239 5154 1832 5230">
    <p class='ocr_par' dir='ltr' id='par_1_98' title="bbox 239 5154 1832 5230">
     <span class='ocr_line' id='line_1_98' title="bbox 239 5154 1832 5230; baseline 0.004 -20"><span class='ocrx_word' id='word_1_712' title='bbox 239 5156 476 5227; x_wconf 74' lang='grc' dir='ltr'><strong>ἐξουσία</strong></span> <span class='ocrx_word' id='word_1_713' title='bbox 517 5158 841 5228; x_wconf 83' lang='grc' dir='ltr'><strong>πράγματος</strong></span> <span class='ocrx_word' id='word_1_714' title='bbox 869 5154 1008 5212; x_wconf 76' lang='grc' dir='ltr'><strong>εἶναί</strong></span> <span class='ocrx_word' id='word_1_715' title='bbox 1052 5175 1226 5224; x_wconf 88' lang='grc' dir='ltr'><strong>τινος;</strong></span> <span class='ocrx_word' id='word_1_716' title='bbox 1257 5158 1451 5212; x_wconf 84' lang='grc' dir='ltr'><strong>Μόνων</strong></span> <span class='ocrx_word' id='word_1_717' title='bbox 1477 5159 1585 5230; x_wconf 82' lang='grc' dir='ltr'><strong>γάρ</strong></span> <span class='ocrx_word' id='word_1_718' title='bbox 1620 5160 1728 5216; x_wconf 88' lang='grc' dir='ltr'><strong>τῶν</strong></span> <span class='ocrx_word' id='word_1_719' title='bbox 1753 5164 1832 5216; x_wconf 83' lang='grc' dir='ltr'><strong>οἰ-</strong></span> 
     </span>
    </p>
   </div>
   <div class='ocr_carea' id='block_1_99' title="bbox 241 5249 1829 5321">
    <p class='ocr_par' dir='ltr' id='par_1_99' title="bbox 241 5249 1829 5321">
     <span class='ocr_line' id='line_1_99' title="bbox 241 5249 1829 5321; baseline 0.004 -19"><span class='ocrx_word' id='word_1_720' title='bbox 241 5249 379 5320; x_wconf 77' lang='grc' dir='ltr'><strong>κείᾳ</strong></span> <span class='ocrx_word' id='word_1_721' title='bbox 405 5249 512 5302; x_wconf 67' lang='lat' dir='ltr'><strong>civi.</strong></span> <span class='ocrx_word' id='word_1_722' title='bbox 542 5250 854 5321; x_wconf 84' lang='grc' dir='ltr'><strong>προαιρέσει</strong></span> <span class='ocrx_word' id='word_1_723' title='bbox 899 5250 1301 5320; x_wconf 86' lang='grc' dir='ltr'><strong>διοικουμένων,</strong></span> <span class='ocrx_word' id='word_1_724' title='bbox 1341 5249 1402 5304; x_wconf 81' lang='grc' dir='ltr'><strong>τὸ</strong></span> <span class='ocrx_word' id='word_1_725' title='bbox 1431 5253 1549 5304; x_wconf 80' lang='grc' dir='ltr'><strong>κατ’</strong></span> <span class='ocrx_word' id='word_1_726' title='bbox 1581 5251 1829 5318; x_wconf 79' lang='grc' dir='ltr'><strong>ἐξουσίαν</strong></span> 
     </span>
    </p>
   </div>
   <div class='ocr_carea' id='block_1_100' title="bbox 239 5340 1830 5415">
    <p class='ocr_par' dir='ltr' id='par_1_100' title="bbox 239 5340 1830 5415">
     <span class='ocr_line' id='line_1_100' title="bbox 239 5340 1830 5415; baseline 0.006 -23"><span class='ocrx_word' id='word_1_727' title='bbox 239 5359 300 5392; x_wconf 87' lang='grc' dir='ltr'><strong>τι</strong></span> <span class='ocrx_word' id='word_1_728' title='bbox 336 5340 599 5412; x_wconf 86' lang='grc' dir='ltr'><strong>πράττειν</strong></span> <span class='ocrx_word' id='word_1_729' title='bbox 645 5342 809 5394; x_wconf 85' lang='grc' dir='ltr'><strong>ἐστίν.</strong></span> <span class='ocrx_word' id='word_1_730' title='bbox 849 5341 912 5394; x_wconf 79' lang='grc' dir='ltr'><strong>Ἥ</strong></span> <span class='ocrx_word' id='word_1_731' title='bbox 941 5341 998 5395; x_wconf 82' lang='grc' dir='ltr'><strong>δὲ</strong></span> <span class='ocrx_word' id='word_1_732' title='bbox 1036 5341 1246 5396; x_wconf 86' lang='grc' dir='ltr'><strong>ἐπίνοια</strong></span> <span class='ocrx_word' id='word_1_733' title='bbox 1277 5341 1379 5412; x_wconf 83' lang='grc' dir='ltr'><strong>τῆς</strong></span> <span class='ocrx_word' id='word_1_734' title='bbox 1421 5343 1695 5415; x_wconf 77' lang='grc' dir='ltr'><strong>ἡμετέρας</strong></span> <span class='ocrx_word' id='word_1_735' title='bbox 1720 5346 1830 5400; x_wconf 83' lang='grc' dir='ltr'><strong>δια-</strong></span> 
     </span>
    </p>
   </div>
   <div class='ocr_carea' id='block_1_101' title="bbox 243 5432 1805 5511">
    <p class='ocr_par' dir='ltr' id='par_1_101' title="bbox 243 5432 1805 5511">
     <span class='ocr_line' id='line_1_101' title="bbox 243 5432 1805 5511; baseline 0.006 -27"><span class='ocrx_word' id='word_1_736' title='bbox 243 5432 400 5496; x_wconf 84' lang='grc' dir='ltr'><strong>νοίας</strong></span> <span class='ocrx_word' id='word_1_737' title='bbox 425 5433 572 5485; x_wconf 74' lang='grc' dir='ltr'><strong>ἐστὶν</strong></span> <span class='ocrx_word' id='word_1_738' title='bbox 602 5433 868 5504; x_wconf 88' lang='grc' dir='ltr'><strong>ἐνέργεια,</strong></span> <span class='ocrx_word' id='word_1_739' title='bbox 894 5433 988 5487; x_wconf 69' lang='grc' dir='ltr'><strong>καὶ</strong></span> <span class='ocrx_word' id='word_1_740' title='bbox 1008 5433 1105 5504; x_wconf 84' lang='grc' dir='ltr'><strong>τῆς</strong></span> <span class='ocrx_word' id='word_1_741' title='bbox 1126 5432 1234 5487; x_wconf 85' lang='grc' dir='ltr'><strong>τῶν</strong></span> <span class='ocrx_word' id='word_1_742' title='bbox 1257 5433 1643 5506; x_wconf 73' lang='grc' dir='ltr'><strong>φθεγγομένων</strong></span> <span class='ocrx_word' id='word_1_743' title='bbox 1669 5439 1805 5511; x_wconf 67' lang='grc' dir='ltr'><strong>ηρτη</strong></span> 
     </span>
    </p>
   </div>
   <div class='ocr_carea' id='block_1_102' title="bbox 241 5523 1827 5596">
    <p class='ocr_par' dir='ltr' id='par_1_102' title="bbox 241 5523 1827 5596">
     <span class='ocr_line' id='line_1_102' title="bbox 241 5523 1827 5596; baseline 0.005 -19"><span class='ocrx_word' id='word_1_744' title='bbox 241 5542 340 5578; x_wconf 87' lang='grc' dir='ltr'><strong>ται</strong></span> <span class='ocrx_word' id='word_1_745' title='bbox 372 5523 763 5596; x_wconf 87' lang='grc' dir='ltr'><strong>προαιρέσεως,</strong></span> <span class='ocrx_word' id='word_1_746' title='bbox 793 5524 853 5577; x_wconf 87' lang='grc' dir='ltr'><strong>οὑ</strong></span> <span class='ocrx_word' id='word_1_747' title='bbox 897 5524 1016 5578; x_wconf 81' lang='grc' dir='ltr'><strong>καθ’</strong></span> <span class='ocrx_word' id='word_1_748' title='bbox 1045 5523 1241 5595; x_wconf 78' lang='grc' dir='ltr'><strong>ἑαυτὴν</strong></span> <span class='ocrx_word' id='word_1_749' title='bbox 1285 5526 1587 5594; x_wconf 66' lang='grc' dir='ltr'><strong>ὑφεστῶσα,</strong></span> <span class='ocrx_word' id='word_1_750' title='bbox 1618 5529 1730 5583; x_wconf 79' lang='grc' dir='ltr'><strong>ἀλλ’</strong></span> <span class='ocrx_word' id='word_1_751' title='bbox 1771 5534 1827 5586; x_wconf 84' lang='grc' dir='ltr'><strong>ἐν</strong></span> 
     </span>
    </p>
   </div>
   <div class='ocr_carea' id='block_1_103' title="bbox 241 5615 1821 5690">
    <p class='ocr_par' dir='ltr' id='par_1_103' title="bbox 241 5615 1821 5690">
     <span class='ocr_line' id='line_1_103' title="bbox 241 5615 1821 5690; baseline 0.004 -20"><span class='ocrx_word' id='word_1_752' title='bbox 241 5619 314 5684; x_wconf 79' lang='grc' dir='ltr'><strong>τῇ</strong></span> <span class='ocrx_word' id='word_1_753' title='bbox 374 5615 486 5667; x_wconf 89' lang='grc' dir='ltr'><strong>τῶν</strong></span> <span class='ocrx_word' id='word_1_754' title='bbox 536 5616 841 5687; x_wconf 82' lang='grc' dir='ltr'><strong>λεγομένων</strong></span> <span class='ocrx_word' id='word_1_755' title='bbox 892 5616 1035 5687; x_wconf 75' lang='grc' dir='ltr'><strong>ὁρμῇ</strong></span> <span class='ocrx_word' id='word_1_756' title='bbox 1089 5617 1192 5689; x_wconf 79' lang='grc' dir='ltr'><strong>’τὴν</strong></span> <span class='ocrx_word' id='word_1_757' title='bbox 1245 5618 1540 5674; x_wconf 79' lang='grc' dir='ltr'><strong>ὑπόστασιν</strong></span> <span class='ocrx_word' id='word_1_758' title='bbox 1607 5620 1821 5690; x_wconf 80' lang='grc' dir='ltr'><strong>ἔχουσα.</strong></span> 
     </span>
    </p>
   </div>
   <div class='ocr_carea' id='block_1_104' title="bbox 251 5707 1821 5783">
    <p class='ocr_par' dir='ltr' id='par_1_104' title="bbox 251 5707 1821 5783">
     <span class='ocr_line' id='line_1_104' title="bbox 251 5707 1821 5783; baseline 0.004 -20"><span class='ocrx_word' id='word_1_759' title='bbox 251 5712 313 5763; x_wconf 75' lang='grc' dir='ltr'><strong><em>Ἄ</em></strong></span> <span class='ocrx_word' id='word_1_760' title='bbox 339 5709 422 5760; x_wconf 75' lang='lat'><strong>1.1‘</strong></span> <span class='ocrx_word' id='word_1_761' title='bbox 456 5707 661 5776; x_wconf 72' lang='grc' dir='ltr'><strong>αὐτοῦ,</strong></span> <span class='ocrx_word' id='word_1_762' title='bbox 699 5707 850 5781; x_wconf 65' lang='grc' dir='ltr'><strong>φησὶ,</strong></span> <span class='ocrx_word' id='word_1_763' title='bbox 883 5707 1066 5764; x_wconf 80' lang='grc' dir='ltr'><strong>ταῦτα</strong></span> <span class='ocrx_word' id='word_1_764' title='bbox 1110 5708 1301 5763; x_wconf 72' lang='grc' dir='ltr'><strong>πάντα</strong></span> <span class='ocrx_word' id='word_1_765' title='bbox 1349 5708 1821 5783; x_wconf 63' lang='grc' dir='ltr'><strong>ὃημιοιψγήσαν-</strong></span> 
     </span>
    </p>
   </div>
   <div class='ocr_carea' id='block_1_105' title="bbox 1938 4513 3507 4587">
    <p class='ocr_par' dir='ltr' id='par_1_105' title="bbox 1938 4513 3507 4587">
     <span class='ocr_line' id='line_1_105' title="bbox 1938 4513 3507 4587; baseline 0.002 -17"><span class='ocrx_word' id='word_1_766' title='bbox 1938 4529 2173 4587; x_wconf 89' lang='lat' dir='ltr'><strong>pugnam</strong></span> <span class='ocrx_word' id='word_1_767' title='bbox 2209 4514 2583 4571; x_wconf 87' lang='lat' dir='ltr'><strong>deveniamus.</strong></span> <span class='ocrx_word' id='word_1_768' title='bbox 2634 4513 2759 4571; x_wconf 62' lang='lat' dir='ltr'><strong>Hac</strong></span> <span class='ocrx_word' id='word_1_769' title='bbox 2809 4515 2974 4587; x_wconf 86' lang='lat' dir='ltr'><strong>igitur</strong></span> <span class='ocrx_word' id='word_1_770' title='bbox 3014 4514 3507 4586; x_wconf 80' lang='lat' dir='ltr'><strong>quomodocunque</strong></span> 
     </span>
    </p>
   </div>
   <div class='ocr_carea' id='block_1_106' title="bbox 1937 4607 3502 4682">
    <p class='ocr_par' dir='ltr' id='par_1_106' title="bbox 1937 4607 3502 4682">
     <span class='ocr_line' id='line_1_106' title="bbox 1937 4607 3502 4682; baseline 0.001 -18"><span class='ocrx_word' id='word_1_771' title='bbox 1937 4624 1996 4664; x_wconf 90' lang='lat' dir='ltr'><strong>se</strong></span> <span class='ocrx_word' id='word_1_772' title='bbox 2043 4607 2303 4674; x_wconf 87' lang='lat' dir='ltr'><strong>habeant,</strong></span> <span class='ocrx_word' id='word_1_773' title='bbox 2352 4608 2692 4666; x_wconf 89' lang='lat' dir='ltr'><strong>doctioribus</strong></span> <span class='ocrx_word' id='word_1_774' title='bbox 2748 4609 3092 4666; x_wconf 85' lang='lat' dir='ltr'><strong>auditoribus</strong></span> <span class='ocrx_word' id='word_1_775' title='bbox 3146 4611 3502 4682; x_wconf 89' lang='lat' dir='ltr'><strong>relinquenda</strong></span> 
     </span>
    </p>
   </div>
   <div class='ocr_carea' id='block_1_107' title="bbox 1935 4701 3504 4774">
    <p class='ocr_par' dir='ltr' id='par_1_107' title="bbox 1935 4701 3504 4774">
     <span class='ocr_line' id='line_1_107' title="bbox 1935 4701 3504 4774; baseline 0 -18"><span class='ocrx_word' id='word_1_776' title='bbox 1935 4711 2085 4766; x_wconf 90' lang='lat' dir='ltr'><strong>sunt,</strong></span> <span class='ocrx_word' id='word_1_777' title='bbox 2128 4701 2289 4758; x_wconf 88' lang='lat' dir='ltr'><strong>nobis</strong></span> <span class='ocrx_word' id='word_1_778' title='bbox 2323 4713 2504 4759; x_wconf 89' lang='lat' dir='ltr'><strong>autem</strong></span> <span class='ocrx_word' id='word_1_779' title='bbox 2565 4703 2630 4758; x_wconf 91' lang='lat' dir='ltr'><strong>ad</strong></span> <span class='ocrx_word' id='word_1_780' title='bbox 2663 4703 2940 4774; x_wconf 90' lang='lat' dir='ltr'><strong>proposita</strong></span> <span class='ocrx_word' id='word_1_781' title='bbox 2987 4702 3365 4760; x_wconf 82' lang='lat' dir='ltr'><strong>transferenda</strong></span> <span class='ocrx_word' id='word_1_782' title='bbox 3419 4710 3504 4758; x_wconf 82' lang='lat' dir='ltr'><strong>est</strong></span> 
     </span>
    </p>
   </div>
   <div class='ocr_carea' id='block_1_108' title="bbox 1934 4791 3502 4867">
    <p class='ocr_par' dir='ltr' id='par_1_108' title="bbox 1934 4791 3502 4867">
     <span class='ocr_line' id='line_1_108' title="bbox 1934 4791 3502 4867; baseline 0.001 -20"><span class='ocrx_word' id='word_1_783' title='bbox 1934 4793 2131 4848; x_wconf 92' lang='lat' dir='ltr'><strong>oratio.</strong></span> <span class='ocrx_word' id='word_1_784' title='bbox 2182 4791 2444 4860; x_wconf 79' lang='lat' dir='ltr'><strong>Quocirca</strong></span> <span class='ocrx_word' id='word_1_785' title='bbox 2480 4794 2697 4850; x_wconf 86' lang='lat' dir='ltr'><strong>silentio</strong></span> <span class='ocrx_word' id='word_1_786' title='bbox 2735 4803 3141 4866; x_wconf 69' lang='lat' dir='ltr'><strong>praetereamus,</strong></span> <span class='ocrx_word' id='word_1_787' title='bbox 3200 4795 3343 4867; x_wconf 89' lang='lat' dir='ltr'><strong>quod</strong></span> <span class='ocrx_word' id='word_1_788' title='bbox 3374 4810 3502 4866; x_wconf 82' lang='lat' dir='ltr'><strong>pro-</strong></span> 
     </span>
    </p>
   </div>
   <div class='ocr_carea' id='block_1_109' title="bbox 1933 4884 3502 4956">
    <p class='ocr_par' dir='ltr' id='par_1_109' title="bbox 1933 4884 3502 4956">
     <span class='ocr_line' id='line_1_109' title="bbox 1933 4884 3502 4956; baseline 0.001 -19"><span class='ocrx_word' id='word_1_789' title='bbox 1933 4885 2077 4939; x_wconf 81' lang='lat' dir='ltr'><strong>xime</strong></span> <span class='ocrx_word' id='word_1_790' title='bbox 2099 4890 2184 4940; x_wconf 91' lang='lat' dir='ltr'><strong>est</strong></span> <span class='ocrx_word' id='word_1_791' title='bbox 2221 4884 2554 4954; x_wconf 76' lang='lat' dir='ltr'><strong>coniunctim</strong></span> <span class='ocrx_word' id='word_1_792' title='bbox 2586 4900 2708 4940; x_wconf 89' lang='lat' dir='ltr'><strong>cum</strong></span> <span class='ocrx_word' id='word_1_793' title='bbox 2738 4884 2822 4940; x_wconf 88' lang='lat' dir='ltr'><strong>his</strong></span> <span class='ocrx_word' id='word_1_794' title='bbox 2847 4900 2968 4956; x_wconf 65' lang='lat' dir='ltr'><strong>qua:</strong></span> <span class='ocrx_word' id='word_1_795' title='bbox 2991 4886 3103 4956; x_wconf 79' lang='lat' dir='ltr'><strong>jam</strong></span> <span class='ocrx_word' id='word_1_796' title='bbox 3135 4895 3264 4941; x_wconf 87' lang='lat' dir='ltr'><strong>sunt</strong></span> <span class='ocrx_word' id='word_1_797' title='bbox 3293 4885 3502 4941; x_wconf 78' lang='lat' dir='ltr'><strong>exami-</strong></span> 
     </span>
    </p>
   </div>
   <div class='ocr_carea' id='block_1_110' title="bbox 1931 4975 3499 5046">
    <p class='ocr_par' dir='ltr' id='par_1_110' title="bbox 1931 4975 3499 5046">
     <span class='ocr_line' id='line_1_110' title="bbox 1931 4975 3499 5046; baseline -0.001 -17"><span class='ocrx_word' id='word_1_798' title='bbox 1931 4984 2059 5029; x_wconf 85' lang='lat' dir='ltr'><strong>nata</strong></span> <span class='ocrx_word' id='word_1_799' title='bbox 2095 4975 2436 5046; x_wconf 87' lang='lat' dir='ltr'><strong>proponitur,</strong></span> <span class='ocrx_word' id='word_1_800' title='bbox 2461 4975 2604 5046; x_wconf 92' lang='lat' dir='ltr'><strong>quod</strong></span> <span class='ocrx_word' id='word_1_801' title='bbox 2639 4977 2751 5032; x_wconf 65' lang='lat' dir='ltr'><strong>haec</strong></span> <span class='ocrx_word' id='word_1_802' title='bbox 2777 4976 2994 5046; x_wconf 90' lang='lat' dir='ltr'><strong>quidem</strong></span> <span class='ocrx_word' id='word_1_803' title='bbox 3020 4976 3087 5030; x_wconf 92' lang='lat' dir='ltr'><strong>ad</strong></span> <span class='ocrx_word' id='word_1_804' title='bbox 3111 4976 3256 5031; x_wconf 86' lang='lat' dir='ltr'><strong>hunc</strong></span> <span class='ocrx_word' id='word_1_805' title='bbox 3276 4975 3499 5030; x_wconf 85' lang='lat' dir='ltr'><strong>modum</strong></span> 
     </span>
    </p>
   </div>
   <div class='ocr_carea' id='block_1_111' title="bbox 1932 5067 3501 5133">
    <p class='ocr_par' dir='ltr' id='par_1_111' title="bbox 1932 5067 3501 5133">
     <span class='ocr_line' id='line_1_111' title="bbox 1932 5067 3501 5133; baseline 0 -11"><span class='ocrx_word' id='word_1_806' title='bbox 1932 5068 2178 5122; x_wconf 89' lang='lat' dir='ltr'><strong>ordinata</strong></span> <span class='ocrx_word' id='word_1_807' title='bbox 2211 5076 2425 5133; x_wconf 90' lang='lat' dir='ltr'><strong>sunt,ut</strong></span> <span class='ocrx_word' id='word_1_808' title='bbox 2457 5084 2566 5123; x_wconf 89' lang='lat' dir='ltr'><strong>non</strong></span> <span class='ocrx_word' id='word_1_809' title='bbox 2595 5068 2841 5125; x_wconf 89' lang='lat' dir='ltr'><strong>dicamus</strong></span> <span class='ocrx_word' id='word_1_810' title='bbox 2861 5069 3370 5125; x_wconf 87' lang='lat' dir='ltr'><strong>commentationem</strong></span> <span class='ocrx_word' id='word_1_811' title='bbox 3401 5067 3501 5122; x_wconf 86' lang='lat' dir='ltr'><strong>ho-</strong></span> 
     </span>
    </p>
   </div>
   <div class='ocr_carea' id='block_1_112' title="bbox 1929 5160 3500 5234">
    <p class='ocr_par' dir='ltr' id='par_1_112' title="bbox 1929 5160 3500 5234">
     <span class='ocr_line' id='line_1_112' title="bbox 1929 5160 3500 5234; baseline 0.003 -20"><span class='ocrx_word' id='word_1_812' title='bbox 1929 5161 2136 5216; x_wconf 90' lang='lat' dir='ltr'><strong>minum</strong></span> <span class='ocrx_word' id='word_1_813' title='bbox 2178 5162 2425 5216; x_wconf 89' lang='lat' dir='ltr'><strong>sortitam</strong></span> <span class='ocrx_word' id='word_1_814' title='bbox 2480 5177 2602 5219; x_wconf 88' lang='lat' dir='ltr'><strong>esse</strong></span> <span class='ocrx_word' id='word_1_815' title='bbox 2629 5164 2910 5219; x_wconf 87' lang='lat' dir='ltr'><strong>nominum</strong></span> <span class='ocrx_word' id='word_1_816' title='bbox 2966 5169 3308 5234; x_wconf 89' lang='lat' dir='ltr'><strong>potestatem.</strong></span> <span class='ocrx_word' id='word_1_817' title='bbox 3361 5160 3500 5228; x_wconf 81' lang='lat' dir='ltr'><strong>Quis</strong></span> 
     </span>
    </p>
   </div>
   <div class='ocr_carea' id='block_1_113' title="bbox 1929 5253 3498 5326">
    <p class='ocr_par' dir='ltr' id='par_1_113' title="bbox 1929 5253 3498 5326">
     <span class='ocr_line' id='line_1_113' title="bbox 1929 5253 3498 5326; baseline 0.001 -18"><span class='ocrx_word' id='word_1_818' title='bbox 1929 5253 2076 5308; x_wconf 92' lang='lat' dir='ltr'><strong>enim</strong></span> <span class='ocrx_word' id='word_1_819' title='bbox 2102 5253 2207 5308; x_wconf 86' lang='lat' dir='ltr'><strong>hoc</strong></span> <span class='ocrx_word' id='word_1_820' title='bbox 2237 5253 2389 5318; x_wconf 91' lang='lat' dir='ltr'><strong>dicit,</strong></span> <span class='ocrx_word' id='word_1_821' title='bbox 2425 5264 2483 5310; x_wconf 91' lang='lat' dir='ltr'><strong>ut</strong></span> <span class='ocrx_word' id='word_1_822' title='bbox 2513 5255 2564 5309; x_wconf 93' lang='lat' dir='ltr'><strong>id</strong></span> <span class='ocrx_word' id='word_1_823' title='bbox 2600 5255 2742 5326; x_wconf 89' lang='lat' dir='ltr'><strong>quod</strong></span> <span class='ocrx_word' id='word_1_824' title='bbox 2766 5270 2873 5310; x_wconf 90' lang='lat' dir='ltr'><strong>non</strong></span> <span class='ocrx_word' id='word_1_825' title='bbox 2911 5255 2965 5310; x_wconf 91' lang='lat' dir='ltr'><strong>in</strong></span> <span class='ocrx_word' id='word_1_826' title='bbox 3000 5255 3217 5325; x_wconf 81' lang='lat' dir='ltr'><strong>prepria</strong></span> <span class='ocrx_word' id='word_1_827' title='bbox 3241 5254 3498 5310; x_wconf 85' lang='lat' dir='ltr'><strong>substan-</strong></span> 
     </span>
    </p>
   </div>
   <div class='ocr_carea' id='block_1_114' title="bbox 1930 5346 3501 5418">
    <p class='ocr_par' dir='ltr' id='par_1_114' title="bbox 1930 5346 3501 5418">
     <span class='ocr_line' id='line_1_114' title="bbox 1930 5346 3501 5418; baseline 0.001 -18"><span class='ocrx_word' id='word_1_828' title='bbox 1930 5347 2004 5400; x_wconf 93' lang='lat' dir='ltr'><strong>tia</strong></span> <span class='ocrx_word' id='word_1_829' title='bbox 2033 5347 2432 5411; x_wconf 89' lang='lat' dir='ltr'><strong>consideratur,</strong></span> <span class='ocrx_word' id='word_1_830' title='bbox 2484 5349 2562 5403; x_wconf 93' lang='lat' dir='ltr'><strong>rei</strong></span> <span class='ocrx_word' id='word_1_831' title='bbox 2614 5348 2846 5418; x_wconf 88' lang='lat' dir='ltr'><strong>alicujus</strong></span> <span class='ocrx_word' id='word_1_832' title='bbox 2884 5347 3079 5402; x_wconf 89' lang='lat' dir='ltr'><strong>habeat</strong></span> <span class='ocrx_word' id='word_1_833' title='bbox 3133 5346 3501 5418; x_wconf 74' lang='lat' dir='ltr'><strong>potestatem?</strong></span> 
     </span>
    </p>
   </div>
   <div class='ocr_carea' id='block_1_115' title="bbox 1931 5437 3500 5510">
    <p class='ocr_par' dir='ltr' id='par_1_115' title="bbox 1931 5437 3500 5510">
     <span class='ocr_line' id='line_1_115' title="bbox 1931 5437 3500 5510; baseline 0.003 -19"><span class='ocrx_word' id='word_1_834' title='bbox 1931 5437 2127 5492; x_wconf 85' lang='lat' dir='ltr'><strong>Eorum</strong></span> <span class='ocrx_word' id='word_1_835' title='bbox 2151 5437 2293 5492; x_wconf 90' lang='lat' dir='ltr'><strong>enim</strong></span> <span class='ocrx_word' id='word_1_836' title='bbox 2325 5445 2408 5492; x_wconf 91' lang='lat' dir='ltr'><strong>est</strong></span> <span class='ocrx_word' id='word_1_837' title='bbox 2430 5439 2604 5493; x_wconf 90' lang='lat' dir='ltr'><strong>solum</strong></span> <span class='ocrx_word' id='word_1_838' title='bbox 2626 5439 2716 5510; x_wconf 88' lang='lat' dir='ltr'><strong>qui</strong></span> <span class='ocrx_word' id='word_1_839' title='bbox 2743 5440 2957 5510; x_wconf 84' lang='lat' dir='ltr'><strong>prepria</strong></span> <span class='ocrx_word' id='word_1_840' title='bbox 2979 5437 3210 5509; x_wconf 89' lang='lat' dir='ltr'><strong>quadam</strong></span> <span class='ocrx_word' id='word_1_841' title='bbox 3236 5439 3500 5496; x_wconf 86' lang='lat' dir='ltr'><strong>electione</strong></span> 
     </span>
    </p>
   </div>
   <div class='ocr_carea' id='block_1_116' title="bbox 1928 5531 3496 5604">
    <p class='ocr_par' dir='ltr' id='par_1_116' title="bbox 1928 5531 3496 5604">
     <span class='ocr_line' id='line_1_116' title="bbox 1928 5531 3496 5604; baseline 0.001 -19"><span class='ocrx_word' id='word_1_842' title='bbox 1928 5542 1981 5586; x_wconf 88' lang='lat' dir='ltr'><strong>et</strong></span> <span class='ocrx_word' id='word_1_843' title='bbox 2009 5531 2286 5585; x_wconf 83' lang='lat' dir='ltr'><strong>voluntate</strong></span> <span class='ocrx_word' id='word_1_844' title='bbox 2334 5539 2618 5603; x_wconf 82' lang='lat' dir='ltr'><strong>reguntur,</strong></span> <span class='ocrx_word' id='word_1_845' title='bbox 2661 5547 2760 5602; x_wconf 92' lang='lat' dir='ltr'><strong>pro</strong></span> <span class='ocrx_word' id='word_1_846' title='bbox 2810 5532 3037 5588; x_wconf 90' lang='lat' dir='ltr'><strong>arbitrio</strong></span> <span class='ocrx_word' id='word_1_847' title='bbox 3064 5533 3268 5602; x_wconf 78' lang='lat' dir='ltr'><strong>aliquid</strong></span> <span class='ocrx_word' id='word_1_848' title='bbox 3314 5548 3496 5604; x_wconf 86' lang='lat' dir='ltr'><strong>agere.</strong></span> 
     </span>
    </p>
   </div>
   <div class='ocr_carea' id='block_1_117' title="bbox 1941 5623 3496 5692">
    <p class='ocr_par' dir='ltr' id='par_1_117' title="bbox 1941 5623 3496 5692">
     <span class='ocr_line' id='line_1_117' title="bbox 1941 5623 3496 5692; baseline 0.001 -13"><span class='ocrx_word' id='word_1_849' title='bbox 1941 5623 2183 5679; x_wconf 79' lang='grc' dir='ltr'><strong>Ἑπίνοια</strong></span> <span class='ocrx_word' id='word_1_850' title='bbox 2246 5632 2452 5689; x_wconf 89' lang='lat' dir='ltr'><strong>autem,</strong></span> <span class='ocrx_word' id='word_1_851' title='bbox 2489 5623 2539 5679; x_wconf 92' lang='lat' dir='ltr'><strong>id</strong></span> <span class='ocrx_word' id='word_1_852' title='bbox 2570 5633 2673 5692; x_wconf 85' lang='lat' dir='ltr'><strong>est,</strong></span> <span class='ocrx_word' id='word_1_853' title='bbox 2722 5627 3110 5689; x_wconf 83' lang='lat' dir='ltr'><strong>commentatio,</strong></span> <span class='ocrx_word' id='word_1_854' title='bbox 3162 5625 3359 5681; x_wconf 87' lang='lat' dir='ltr'><strong>mentis</strong></span> <span class='ocrx_word' id='word_1_855' title='bbox 3413 5632 3496 5681; x_wconf 86' lang='lat' dir='ltr'><strong>est</strong></span> 
     </span>
    </p>
   </div>
   <div class='ocr_carea' id='block_1_118' title="bbox 1929 5717 3492 5788">
    <p class='ocr_par' dir='ltr' id='par_1_118' title="bbox 1929 5717 3492 5788">
     <span class='ocr_line' id='line_1_118' title="bbox 1929 5717 3492 5788; baseline -0.001 -16"><span class='ocrx_word' id='word_1_856' title='bbox 1929 5718 2189 5786; x_wconf 82' lang='lat' dir='ltr'><strong>operatio,</strong></span> <span class='ocrx_word' id='word_1_857' title='bbox 2236 5725 2397 5788; x_wconf 87' lang='lat' dir='ltr'><strong>atque</strong></span> <span class='ocrx_word' id='word_1_858' title='bbox 2430 5733 2494 5776; x_wconf 83' lang='lat' dir='ltr'><strong>cx</strong></span> <span class='ocrx_word' id='word_1_859' title='bbox 2534 5718 2797 5777; x_wconf 73' lang='lat' dir='ltr'><strong>ciet-tione</strong></span> <span class='ocrx_word' id='word_1_860' title='bbox 2853 5720 2964 5776; x_wconf 83' lang='lat' dir='ltr'><strong>sive</strong></span> <span class='ocrx_word' id='word_1_861' title='bbox 2997 5719 3227 5776; x_wconf 87' lang='lat' dir='ltr'><strong>consilio</strong></span> <span class='ocrx_word' id='word_1_862' title='bbox 3273 5717 3492 5788; x_wconf 68' lang='lat' dir='ltr'><strong>loquen-</strong></span> 
     </span>
    </p>
   </div>
  </div>
