4010 6212
430 274 435 280 ’
516 284 664 359 ius:
1334 327 1339 332 ’
1688 283 1760 366 ,ἒ
1811 299 2085 358 annuos

2185 264 2484 371 stssni
2670 328 2673 331 λ
3334 357 3341 362 ,
3644 307 3786 381 ipsi

525 418 659 471 tium
693 415 911 486 pendet,
962 430 1070 471 non
1104 430 1202 485 per
1228 430 1288 472 se
1311 416 1641 482 subsistens,
1687 417 1783 472 sed
1818 418 1873 493 in
1904 432 2085 472 eorum

2196 435 2298 484 τος
2332 417 2504 483 Θεοῦ,
2541 415 2813 489 σχέσεώς
2844 431 2906 469 τε
2937 416 3034 471 καί
3071 416 3391 485 ἐνεργείας,
3430 415 3532 470 καί
3562 418 3785 473 ἀναλο-

521 521 643 576 qute
691 506 949 560 dicuntur
997 505 1325 576 impulsione
1376 505 1791 573 subsistentiam
1857 506 2085 575 habens.

2200 509 2351 579 νίας.
2385 510 2482 563 καὶ
2530 509 2736 577 νόμοις
2766 506 3092 576 προσφυῶς
3123 505 3357 575 ἑκάστῳ
3402 506 3524 561 τῶν
3568 510 3787 578 ὄνομα..

522 598 649 663 Sed,
683 598 882 667 inquit,
913 597 1024 652 [nec
1074 600 1193 666 ipsa
1221 598 1398 651 omnia
1432 596 1529 651 Dei
1584 605 1708 651 sunt
1737 599 2085 653 universorum

2203 592 2461 668 ζομένων
2495 598 2603 665 τὰς
2634 599 3038 668 προσηγορίας
3076 599 3575 668 συναρμόζοντος.
3603 599 3789 655 Ταῦτα

520 690 829 752 conditoris.
862 700 1018 760 atque
1071 691 1236 759 ipsius
1266 691 1540 747 relationis
1568 700 1618 745 et
1673 692 1999 761 operationis
2050 709 2085 747 ei

2197 689 2252 742 δὲ
2284 689 2316 760 ἢ
2349 689 2577 743 καθόλου
2606 688 2730 744 νοῦν
2759 689 2859 742 οὐκ
2888 688 3023 758 ἔχει,
3067 689 3100 760 ἧ
3128 689 3463 752 ὑπεναντίως
3496 692 3611 753 τοῖς
3657 707 3787 761 προ-

519 781 890 849 proportionis,
925 782 1089 851 ειν(ιαὶ
1105 781 1303 852 legibus
1331 792 1671 852 congruentes
1694 783 1879 854 cuique
1911 799 2085 839 eorum

2199 779 2497 834 εκτεοεῖσιν
2520 780 2652 851 ἔχει.
2685 781 2746 833 Ei
2771 780 2876 851 γὰρ
2909 780 3201 851 προσφυῶς
3223 778 3485 851 ἁρμόζειν
3514 783 3629 843 τοῖς
3658 782 3786 833 ὐπο-

519 887 637 940 ιμιιε
666 873 1005 926 nominantur
1027 872 1403 942 appellationes
1435 874 1818 929 accommodat.
1851 873 1974 930 Haec
1998 890 2085 928 aui

2200 871 2473 942 κειμένοις
2508 874 2775 944 μαρτυρεί
2800 870 2899 925 νῦν
2931 869 3009 941 τῷ
3037 870 3156 941 Θεῷ
3184 870 3253 924 τά
3283 871 3548 942 ὀνόματα,
3586 872 3702 935 πῶς
3730 876 3785 925 ἐν

520 968 627 1013 tem
663 962 745 1015 vel
794 963 1020 1017 omnino
1053 979 1275 1019 sensum
1333 980 1442 1019 non
1476 944 1697 1030 habent.
1724 966 1810 1021 vel
1846 967 1932 1022 his
1978 983 2085 1036 qua

2200 965 2313 1026 τοῖς
2353 962 3078 1039 ἀνωτέροιςῄκατασκευάξει
3113 961 3203 1015 τὸν
3250 962 3381 1015 Θεον
3421 964 3536 1026 τοῖς
3566 964 3783 1033 ἀτίμοις

520 1050 671 1118 prius
699 1050 767 1106 ab
819 1052 939 1122 ipso
977 1054 1224 1122 exposita
1263 1062 1392 1109 sunt
1422 1054 1808 1113 adversantur.
1861 1053 1920 1111 Si
1953 1057 2085 1113 enin

2200 1052 2271 1105 τὰ
2299 1051 2603 1124 ὑψηλότερα
2636 1052 2741 1105 τῶν
2778 1052 3059 1123 ὀνομάτων
3113 1050 3458 1122 χαρίζεσθαι,
3515 1051 3592 1123 μὴ
3647 1070 3784 1129 συμυ

517 1141 681 1196 rebus
713 1144 1095 1198 convenienter
1116 1153 1302 1215 aptare
1334 1146 1556 1200 nomina
1581 1146 1749 1201 Deum
1773 1130 1947 1201 modo.
1973 1162 2085 1216 pro

2205 1143 2550 1214 μεταδιδόντα
2567 1144 2663 1214 τῆς
2694 1142 3095 1219 μφαινομένης
3110 1145 3175 1212 τῇ
3201 1144 3441 1214 σημασίᾳ
3464 1145 3575 1197 τῶν
3589 1146 3785 1214 όνομάο

518 1231 723 1295 ﬂtetur‘,
751 1234 1026 1303 quomodo
1058 1234 1114 1288 in
1167 1236 1551 1307 superioribus
1587 1237 1806 1302 asserit,
1843 1236 2085 1307 ignobili-

2201 1252 2311 1289 των
2339 1232 2514 1299 ἀξίας,
2540 1234 2635 1287 καὶ
2662 1234 2823 1288 πάλιν
2848 1234 2917 1287 τά
2943 1234 3155 1304 μεγάλα
3182 1233 3322 1287 κατά
3358 1234 3455 1304 τὴν
3485 1235 3650 1303 φύσιν
3684 1254 3782 1289 κα-

516 1321 620 1375 bns
648 1320 815 1377 Deum
837 1323 1157 1379 sublimiora
1177 1326 1396 1380 nomina
1421 1324 1738 1396 gratiﬁcari,
1762 1340 1871 1380 non
1919 1332 2085 1387 tamet

2203 1323 2480 1395 θυϐρίζειν
2525 1327 2643 1389 ταῖς
2683 1323 2895 1395 ἀτίμοις
2929 1327 3151 1393 φωναῖς,
3181 1329 3249 1396 τῇ
3295 1325 3651 1397 ταπεινότητι
3678 1327 3783 1381 τῶν

516 1412 797 1484 dignitatis
825 1430 947 1485 quia
971 1417 1025 1470 in
1044 1417 1323 1472 nominum
1352 1416 1749 1488 signiﬁcatione
1769 1415 2085 1481 declaratur,

2203 1409 2464 1481 ῥημάτων
2510 1410 2570 1463 οὐ
2614 1410 3153 1483 συμμετατιθεμένης
3197 1412 3298 1482 τῆς
3347 1411 3584 1482 φύσεως.
3644 1415 3781 1467 Ἀλλ’

517 1507 669 1577 ipsos
694 1508 986 1579 participes
1023 1508 1203 1564 facere
1236 1528 1251 1563 :
1292 1517 1348 1564 et
1379 1516 1571 1563 contra
1600 1523 1723 1578 quin
1756 1522 1950 1579 magna
1977 1520 2085 1564 sum

2202 1500 2492 1573 ἀδικοῦμεν
2530 1503 2669 1573 τάχα
2714 1501 2811 1574 τὴν
2858 1502 3170 1573 ἀδιανόητον
3215 1503 3380 1556 αὐτοῦ
3424 1504 3633 1576 ταύτην
3674 1507 3783 1559 τῶν

516 1607 730 1663 natura,
780 1598 1112 1669 ignobilibus
1150 1599 1378 1654 vocibus
1405 1598 1764 1658 dedecorare.
1825 1597 1952 1653 licet
1976 1612 2085 1653 cun

2206 1594 2466 1665 ῥημάτων
2491 1582 2787 1665 συνθήκην,
2818 1596 2934 1658 ταῖς
2961 1592 3236 1660 τοιαύταις
3262 1597 3617 1667 κατηγορίαις
3644 1599 3787 1652 and.-

512 1691 719 1744 vilitate
780 1690 1068 1746 verborum
1116 1698 1308 1744 natura
1339 1705 1450 1745 non
1501 1688 1837 1746 immutetur.
1901 1688 2085 1745 Verun

2203 1701 2410 1753 γοντες.
2439 1683 2623 1739 Ταῦτα
2646 1684 2756 1757 γάρ
2783 1684 3011 1738 καθόλου
3036 1684 3215 1755 πάσης
3239 1686 3355 1738 ἐστὶ
3376 1686 3615 1752 διανοίας
3634 1689 3788 1742 ἀλλό-

516 1780 748 1838 fortassc
763 1783 884 1851 ejus
909 1782 1200 1838 amentiam
1232 1781 1429 1852 injuria
1459 1779 1746 1848 adicimus,
1782 1781 1927 1838 hanc
1970 1797 2085 1838 ver-

2204 1750 2348 1845 τρια,
2383 1776 2444 1832 οὐ
2507 1750 2670 1848 μόνον.
2703 1750 2803 1853 τῆς
2828 1775 2995 1849 ὀρθῆς
3036 1750 3184 1847 λέγω
3214 1775 3313 1849 τῆς
3352 1778 3430 1841 είς
3474 1750 3781 1845 εὐσέϐειαν,

513 1872 704 1927 borum
762 1888 1078 1944 compagem
1110 1873 1314 1928 talibus
1346 1871 1796 1929 accusationibus
1822 1873 2085 1930 insectan-

2205 1867 2319 1921 ἀλλ’
2347 1867 2466 1920 οὐδὲ
2489 1866 2736 1921 ὁπωσοῦν
2764 1868 3057 1939 μετέχοντά
3076 1885 3219 1931 τινος
3243 1867 3500 1938 λογισμοῦ
3529 1872 3643 1933 τοῖς
3667 1868 3784 1936 ἐξε-

514 1972 615 2020 tes.
652 1963 775 2020 Haec
829 1965 974 2020 enim
1006 1968 1189 2019 omnia
1236 1966 1304 2019 ab
1332 1965 1479 2020 omni
1529 1980 1693 2021 sensu
1740 1975 1870 2022 sunt
1895 1969 2085 2036 aliena,

2201 1958 2384 2022 τάξειν
2420 1957 2661 2030 ἀκριϐῶς
2709 1957 3095 2028 ἐπισταμένοις
3132 1958 3465 2031 εὑρίσκεται.
3506 1960 3658 2011 Ἐπεὶ
3686 1956 3781 2014 οὖν

513 2070 623 2110 non
653 2056 828 2112 solum
852 2057 976 2111 dico
1003 2070 1032 2109 a
1066 2064 1215 2110 recta
1245 2055 1299 2108 in
1324 2054 1490 2110 Deum
1525 2055 1748 2125 pietate,
1785 2058 1879 2113 sed
1914 2073 2085 2128 neque

2203 2048 2325 2102 καθ’
2354 2047 2644 2119 ὁμοιότητα
2668 2047 2777 2100 τῶν
2804 2046 3110 2101 θαλασσίων
3140 2046 3455 2117 πνευμόνων
3485 2047 3647 2115 ὄγκον
3683 2050 3779 2119 μέν

512 2161 841 2216 quocunque
866 2145 1028 2201 modo
1056 2147 1222 2201 ullius
1256 2146 1489 2201 rationis
1525 2160 1649 2202 esse
1679 2148 1992 2218 participia,
2023 2150 2085 2204 ab

2200 2129 2334 2193 τινα
2358 2139 2418 2191 τὸ
2470 2138 2789 2209 φαινόμενον
2830 2138 2971 2208 ἔχειν
3016 2138 3182 2204 δοκεῖ,
3210 2139 3239 2190 ό
3284 2138 3341 2191 δὲ
3366 2137 3531 2206 ὄγκος
3562 2139 3781 2209 φλέγμα

514 2234 601 2288 his
626 2235 716 2304 qui
741 2234 807 2287 ad
847 2234 1109 2288 amussim
1147 2233 1464 2288 examinare
1495 2233 1778 2299 sciverint,
1812 2235 2085 2292 invenien-

2202 2229 2339 2294 ἐστὶ,
2371 2228 2653 2299 βδελυκτδν
2688 2229 2787 2301 μὲν
2836 2229 2982 2294 ίδεῖν,
3031 2227 3438 2299 βδελυκτότερον
3461 2228 3517 2282 δὲ
3558 2231 3639 2293 εἰς
3667 2234 3781 2301 χεῖ-

514 2333 624 2378 tur.
658 2324 923 2390 Quoniam
953 2323 1117 2394 igitur
1163 2322 1333 2377 instar
1390 2322 1706 2392 pulmonum
1755 2324 2085 2380 marinorum

2204 2337 2302 2394 ρας
2344 2320 2549 2374 λαϐεῖν.
2578 2320 2676 2373 Διά
2707 2319 2864 2373 τοῦτο
2899 2319 3354 2392 πρεπωδεστάτην
3401 2311 3538 2391 πρὶς
3575 2322 3642 2374 τά
3677 2324 3781 2392 μά-

513 2425 780 2473 tumorem
812 2416 1101 2487 quemdam
1151 2416 1350 2471 habere
1373 2416 1649 2481 videntur,
1699 2423 1880 2471 tumor
1905 2424 2085 2473 autem

2198 2429 2326 2466 ταια
2345 2411 2444 2484 τὴν
2465 2411 2672 2483 σιωπὴν
2697 2411 2897 2484 κρίνων
2923 2412 3386 2484 παραδραμοῦμαι
3412 2413 3482 2466 τὰ
3511 2415 3780 2485 εἰρημένα

511 2517 597 2562 est
633 2508 880 2578 phlegma
918 2507 1032 2562 sive
1049 2506 1246 2562 humor
1278 2506 1497 2577 quidam
1529 2521 1811 2577 spumeus,
1834 2508 1954 2563 visu
1978 2508 2085 2578 qni-

2201 2505 2349 2575 σιγῇ.
2386 2502 2505 2555 Τίνι
2536 2500 2644 2573 γὰρ
2677 2501 2957 2555 διοικεῖται
2985 2501 3136 2574 νόμῳ
3165 2504 3410 2573 ἐνέργειά
3436 2521 3496 2556 τε
3523 2505 3618 2557 καὶ
3653 2506 3784 2559 ἀνα-

511 2599 634 2653 dem
673 2597 1072 2664 abominabilis,
1117 2597 1210 2653 sed
1246 2596 1686 2659 abominabilior,
1724 2596 1769 2651 si
1815 2596 1869 2650 in
1901 2612 2085 2653 manus

2198 2593 2376 2663 λογία,
2408 2593 2501 2646 καὶ
2526 2593 2743 2664 σχέσις;
2768 2594 2880 2648 Καὶ
2905 2594 2989 2657 τίς
3016 2597 3044 2647 ό
3068 2593 3369 2665 νομοθετῶν
3402 2594 3480 2666 τῷ
3518 2595 3637 2665 Θεῷ
3656 2597 3784 2659 τοὺς

511 2691 829 2760 accipiatur.
865 2689 1159 2759 Propterea
1210 2688 1278 2743 ad
1330 2687 1445 2743 haec
1477 2702 1615 2742 vana
1645 2686 2085 2743 decentissimum

2199 2685 2300 2757 τῆς
2332 2685 2620 2754 ἀναλογίας
2654 2686 2747 2739 καὶ
2776 2685 3012 2756 σχέσεως
3041 2685 3238 2755 νόμους
3266 2685 3359 2737 καὶ
3379 2686 3648 2756 rpdrtoog;

512 2782 789 2837 silentium
817 2781 1091 2852 judicans.
1152 2794 1272 2850 qua}
1293 2779 1437 2833 dicta
1478 2783 1609 2833 sunt
1656 2777 1858 2833 tacitus
1897 2778 2205 2849 praeteribo.
2255 2775 2505 2845 Quanam
2556 2778 2702 2836 enim
2740 2779 2855 2848 lege
2913 2786 3177 2848 reguntur
3201 2777 3316 2831 haec
3351 2777 3576 2832 nmina
3610 2777 3685 2833 ab
3719 2793 3786 2833 eo

511 2875 762 2946 prolata:
799 2874 1062 2944 operatio,
1096 2872 1378 2944 proportio
1411 2880 1463 2927 et
1493 2872 1732 2929 relatio?
1766 2873 1832 2927 Et
1869 2876 1993 2945 quis
2026 2877 2398 2947 proportionis
2431 2882 2487 2932 et
2515 2875 2800 2932 relationis
2837 2876 2981 2945 leges
3031 2884 3083 2928 et
3111 2872 3303 2931 modos
3344 2874 3457 2929 Deo
3509 2875 3786 2945 imperat?

583 2964 697 3020 Hoc
727 2966 920 3035 melius
952 2964 1118 3020 fuerit
1147 2980 1368 3020 manere
1402 2964 1754 3020 inexcussum
1791 2982 1953 3037 quam
1991 2984 2085 3038 per

2266 2970 2525 3039 Κρεῖττον
2585 2968 2651 3022 ἂν
2703 2968 2791 3039 εἴη
2842 2968 3022 3040 μένειν
3059 2968 3409 3033 ἀνεξέταστον
3456 2969 3488 3039 ἢ
3543 2969 3632 3021 διὰ
3684 2971 3783 3038 τῆς

512 3057 751 3112 studium
789 3056 843 3112 in
880 3057 966 3112 his
1011 3071 1270 3112 nauseam
1320 3056 1669 3114 audientibus
1698 3073 1939 3122 movere,
1971 3067 2026 3114 et
2057 3076 2085 3114 a

2197 3060 2324 3131 περὶ
2343 3059 2514 3113 ταῦτα
2542 3060 2799 3131 σπουδῆς,
2822 3060 3043 3123 ναυτίαν
3069 3078 3127 3113 τε
3162 3062 3335 3115 ποιεῖν
3361 3062 3475 3124 τοῖς
3493 3060 3778 3123 ἀκούουσι,

511 3150 720 3219 majore
750 3149 931 3205 studio
956 3149 1133 3220 dignis
1154 3163 1461 3206 sermonem
1485 3164 1736 3206 avocare.
1769 3148 1874 3206 Sed
1898 3166 2085 3208 vereor

2195 3151 2289 3204 καὶ
2338 3151 2571 3220 ἀπάγειν
2617 3151 2726 3204 τῶν
2780 3152 3207 3222 σπουδαιοτέρων
3243 3151 3335 3203 τὸν
3377 3146 3558 3220 λόγον.
3614 3150 3780 3204 Ἀλλά

511 3255 583 3294 ne
607 3240 787 3293 omnia
810 3238 1102 3295 identidem
1119 3254 1242 3309 qua:
1263 3253 1328 3293 ex
1358 3237 1657 3309 scriptione
1678 3237 1931 3294 Eunomii
1962 3250 2085 3296 sunt

2192 3240 2403 3295 δέδοικα
2429 3242 2504 3313 μὴ
2534 3242 2711 3297 πάντα
2732 3245 2864 3313 ἡμῖν
2888 3242 3080 3312 ἐπίσης
3104 3242 3173 3295 τὰ
3196 3244 3259 3295 ἐκ
3278 3242 3376 3313 τῆς
3401 3241 3775 3313 λογογρατίας

510 3331 815 3401 proposita,
842 3331 1004 3385 nobis
1054 3330 1166 3386 sint
1196 3329 1439 3399 quaedam
1462 3331 1774 3401 phlegmata
1806 3338 1860 3386 ct
1889 3334 2086 3386 marini

511 3421 818 3492 pulmones.
848 3419 1028 3487 Quare
1060 3421 1373 3475 necessario
1412 3420 1572 3477 nobis
1603 3421 1660 3476 in
1685 3421 1771 3478 bis
1793 3438 1915 3493 qua:
1943 3423 2089 3478 dicta

511 3519 660 3576 sunt,
687 3497 985 3581 disputatio
1015 3509 1250 3573 desinat,
1286 3517 1346 3564 ut
1393 3525 1515 3581 qua:
1543 3511 1745 3566 nullam
1773 3528 1837 3567 ex
1871 3514 2091 3584 scriptis

510 3603 793 3657 materiam
826 3601 894 3656 ad
928 3600 1264 3672 operandum
1316 3601 1576 3657 inveniat.
1610 3600 1680 3657 Ut
1705 3603 1850 3658 enim
1884 3602 2087 3670 finnus,

509 3693 595 3749 vel
624 3693 800 3765 caligo
823 3707 1069 3748 crassum
1103 3690 1321 3761 quidem
1352 3692 1481 3748 facit
1507 3700 1563 3749 et
1608 3694 1881 3750 turbidum
1914 3696 2093 3751 reddit

509 3800 688 3841 aerem
728 3804 742 3840 :
771 3785 825 3841 in
854 3799 963 3856 quo
983 3783 1029 3840 si
1055 3783 1386 3848 constiterit,
1410 3785 1570 3840 etiam
1601 3787 1903 3841 naturalem
1938 3787 2089 3843 visus

494 3879 810 3933 orationem
841 3876 1089 3946 impedit,
1118 3891 1227 3931 non
1253 3884 1434 3930 tamen
1456 3876 1528 3930 ita
1553 3873 1813 3931 densatur
1844 3876 1898 3930 in
1927 3892 2005 3941 se,
2032 3886 2091 3931 ut

505 3966 602 4037 qui
633 3967 764 4022 velit
803 3973 992 4036 carpat
1016 3975 1069 4020 et
1109 3964 1303 4035 palmis
1349 3965 1647 4030 contineat,
1691 3973 1744 4019 et
1782 3965 1939 4020 reniti
1967 3979 2091 4036 per-

507 4056 737 4111 eutienti
769 4057 962 4126 possit.
997 4053 1128 4109 Tale
1181 4054 1312 4126 quid
1350 4054 1515 4111 etiam
1542 4054 1611 4110 de
1642 4054 1745 4109 hac
1774 4055 1925 4126 gravi
1953 4055 2090 4129 scri-

506 4147 695 4217 ptione
730 4145 777 4202 si
807 4146 931 4216 quis
954 4144 1177 4209 dixerit,
1205 4159 1234 4198 a
1258 4143 1371 4199 veri
1391 4144 1707 4213 conjectura
1728 4159 1836 4198 non
1863 4144 2088 4200 aberra-

505 4241 667 4295 verit.
701 4237 882 4293 Multae
906 4245 1085 4293 autem
1132 4237 1186 4291 in
1221 4236 1322 4292 hoc
1351 4235 1563 4291 tumido
1594 4243 1649 4291 et
1672 4244 1934 4293 msluante
1966 4253 2087 4295 ser-

505 4346 667 4387 mone
695 4345 852 4402 nuga:
875 4339 1004 4386 sunt
1030 4330 1338 4395 elaboratae,
1360 4335 1415 4384 et
1436 4329 1484 4384 ei
1521 4329 1821 4400 praesertim
1854 4329 1947 4400 qui
1975 4344 2085 4386 non

2190 3333 2285 3386 τοῦ
2320 3333 2585 3405 Εὐνομίου
2620 3334 2976 3407 προκείμενα,
3012 3334 3298 3404 φλέγματά
3325 3352 3445 3389 τινα
3486 3331 3522 3408 ᾗ
3553 3336 3649 3388 καὶ
3687 3336 3775 3387 Oa-

2191 3426 2403 3480 λάσσιοι
2456 3427 2772 3498 πνεύμονες.
2816 3427 2977 3480 Ὥστε
3030 3429 3147 3480 κατ’
3198 3428 3443 3498 ἀνάγκην
3501 3430 3636 3499 ἡμῖν
3685 3429 3772 3480 τὸν

2190 3517 2346 3587 λόγον
2373 3522 2486 3583 τοῖς
2526 3518 2835 3590 εἰρημένοις
2875 3518 3223 3588 ὲναπολῆξαι,
3261 3518 3531 3590 μηδεμίαν
3576 3521 3642 3571 ἐκ
3666 3519 3769 3570 τῶν

2190 3609 2591 3680 γεγραμμένων
2618 3608 2750 3678 ὕλην
2773 3610 2853 3673 είς
2880 3610 3143 3680 ἐργασίαν
3168 3609 3511 3680 εὑρίσκοντα.
3550 3611 3636 3673 Ὡς
3664 3611 3767 3678 γάρ

2187 3717 2271 3763 τις
2303 3701 2507 3763 καπνὸς
2548 3698 2807 3772 ἥόμίχλη
2842 3699 3060 3770 βαθύνει
3114 3701 3211 3771 μὲν
3249 3702 3339 3754 καὶ
3384 3701 3639 3754 ἀναθολοῖ
3680 3702 3763 3753 τὸν

2189 3792 2328 3862 ἀέρα
2346 3809 2358 3822 ο
2396 3794 2453 3845 ὲν
2482 3784 2636 3864 ᾧπερ
2676 3791 2743 3846 ἂν
2771 3791 2870 3864 τὴν
2900 3792 3157 3849 σύστασιν
3191 3793 3350 3866 λάῦῃ,
3386 3794 3481 3847 καὶ
3511 3797 3643 3866 πρὸς
3672 3793 3762 3864 τὴν

2189 3879 2331 3934 κατά
2381 3880 2543 3950 φύσιν
2577 3882 2856 3954 ἐνέργειαν
2905 3882 3101 3937 κωλύει
3153 3884 3251 3953 τὴν
3286 3884 3496 3954 ὅρασιν,
3549 3885 3612 3935 οὐ
3660 3882 3757 3953 μὴν

2187 3971 2331 4026 οὕτω
2360 3959 2798 4028 καταπυκνοῦται
2823 3973 2958 4045 πρὸς
2987 3973 3205 4045 ἑαυτὴν,
3226 3974 3302 4038 ὡς
3338 3975 3435 4027 καὶ
3465 3974 3756 4044 δράξασθαι

2189 4063 2535 4137 βουλόμενον,
2562 4066 2660 4121 καὶ
2691 4068 2969 4139 περισχεῖν
2999 4067 3121 4130 ταῖς
3157 4066 3454 4137 παλάμαις,
3491 4067 3587 4118 καὶ
3613 4067 3754 4119 ἀντι-

2186 4158 2419 4229 τοπῆσαι
2471 4157 2549 4229 τῷ
2597 4158 2902 4230 πλήττοντι.
2938 4159 3190 4214 Τοιοῦτόν
3240 4176 3294 4212 τι
3343 4160 3437 4213 καὶ
3486 4161 3617 4232 περὶ
3667 4159 3757 4226 τῆς

2188 4252 2389 4322 σεμνῆς
2439 4251 2640 4323 ταύτης
2668 4251 3033 4323 λογογραφίας
3080 4252 3248 4306 εἰπών
3286 4268 3390 4315 τις.
3425 4251 3528 4304 οὐκ
3570 4250 3636 4304 ἂν
3663 4250 3755 4317 τῆς

2187 4341 2419 4413 ἀληθοῦς
2438 4342 2689 4408 εἰκασίας
2716 4343 2970 4415 ἁμάρτοι.
3001 4343 3172 4407 Πολὺς
3204 4344 3233 4396 ὁ
3261 4341 3418 4405 ὕθλος
3452 4343 3513 4393 ἐν
3536 4339 3753 4409 mean

502 4432 590 4480 est
618 4422 800 4478 animo
821 4422 977 4477 valde
1001 4410 1324 4493 perspiCaci,
1346 4419 1511 4475 veluti
1536 4420 1711 4492 caligo
1732 4436 1762 4475 e
1786 4420 2085 4492 longinquo

2189 4410 2288 4486 καί
2311 4433 2694 4504 φλεγμαίνοντι
2725 4410 2867 4506 λόγῲ
2899 4433 3293 4506 πεπονημένος,
3314 4433 3410 4487 καὶ
3435 4431 3512 4502 τῷ
3538 4432 3613 4502 μὴ
3638 4430 3753 4483 λίαν

504 4514 747 4570 cernenti
784 4513 1193 4571 consistentiam
1225 4510 1518 4582 quamdam
1551 4520 1607 4568 et
1638 4511 2082 4583 imaginationem

2186 4522 2476 4595 διορατικῷ
2507 4526 2607 4595 τὴν
2653 4523 2852 4595 ψυχὴν,
2893 4524 3084 4597 ὥσπερ
3132 4524 3298 4595 ἀχλὺς
3479 4520 3751 4592 πόρρωθεν

504 4606 704 4663 habere
757 4606 993 4663 videtur.
1030 4605 1187 4672 Quod
1239 4605 1287 4660 si
1342 4605 1468 4675 quis
1523 4604 1608 4661 sui
1638 4618 1866 4674 compos
1912 4603 2004 4659 ﬁat
2032 4612 2087 4660 et

502 4696 748 4767 diligenti
783 4697 1135 4768 inquisitione
1162 4704 1218 4752 ct
1244 4695 1602 4766 intelligentia
1630 4710 1752 4765 qua:
1782 4695 1926 4751 dicta
1957 4702 2085 4750 sunt

501 4788 757 4859 attingat,
772 4786 905 4842 fumi
922 4788 1098 4844 instar
1123 4787 1611 4859 apprehensionem
1632 4784 1898 4857 effugiunt
1915 4788 2087 4844 notio-

428 4905 437 4911 ~
500 4894 621 4943 nes,
655 4885 820 4949 atque
855 4879 910 4933 in
941 4879 1172 4934 nihilum
1206 4877 1584 4947 dissipantur;
1613 4892 1790 4948 neque
1817 4877 1926 4932 ulla
1955 4878 2085 4934 soli-

499 4973 671 5029 ditate
719 4979 773 5027 et
803 4971 1092 5026 renitentia
1121 4969 1403 5025 ferientem
1447 4967 1720 5039 recipiunt
1749 4983 2079 5026 sermonem.

501 5063 642 5131 Quid
666 5064 832 5135 igitur
861 5060 1131 5136 agendum
1175 5060 1266 5125 sit,
1322 5058 1549 5116 dubium
1586 5068 1643 5116 et
1670 5060 1959 5118 incertum.
1988 5059 2084 5119 Est

500 5158 645 5211 enim
668 5155 811 5227 apud
836 5154 1094 5227 querulos
1124 5152 1181 5208 in
1215 5160 1502 5222 utramque
1547 5159 1753 5222 partem
1797 5153 2083 5209 calumnia:

499 5247 751 5316 exposita
783 5247 957 5318 optio,
988 5244 1108 5301 sive
1126 5244 1272 5300 enim
1299 5242 1469 5299 veluti
1495 5258 1593 5315 per
1616 5244 1806 5300 vallem
1826 5245 2082 5303 salientes

496 5332 667 5391 Istam
729 5352 925 5394 vocum
989 5333 1307 5392 inanitatem
1361 5332 1428 5388 ad
1470 5332 1702 5388 liberum
1755 5334 2083 5406 planumque

498 5437 754 5497 campum
792 5441 1101 5483 sermonem
1122 5425 1444 5497 dirigamus,
1480 5425 1742 5482 adversus
1766 5440 1829 5481 ea
1858 5441 1978 5496 quae
2003 5426 2083 5481 vi-

500 5517 703 5572 dentur
731 5518 841 5573 vim
863 5519 1101 5589 aliquam
1135 5518 1336 5574 habere
1360 5524 1551 5572 contra
1584 5517 1889 5584 veritatem,
1931 5526 2083 5572 stan—

502 5615 587 5660 tes
615 5621 709 5676 pcr
743 5607 1253 5674 contradictionem,
1307 5607 1419 5663 sive
1446 5608 1610 5662 etiam
1649 5606 1795 5662 omni
1846 5608 2081 5677 garruli-

502 5699 614 5749 tate
651 5708 880 5764 pugnam
912 5695 978 5750 ad
1024 5710 1162 5750 vana
1192 5704 1243 5751 et
1297 5694 1472 5750 iutilia
1517 5695 1912 5753 contendamus
1950 5715 1963 5752 :
2001 5696 2080 5754 sic

2186 4610 2455 4682 βλέποντι,
2488 4610 2746 4666 σύστασιν
2782 4612 2927 4683 ἔχειν
2966 4613 3088 4668 τινά
3124 4613 3217 4667 καὶ
3246 4611 3545 4682 φαντασίαν
3586 4609 3743 4662 δοκεῖ.

2185 4704 2248 4757 Ei
2285 4704 2342 4757 δέ
2368 4721 2451 4766 τις
2477 4704 2598 4757 κατ’
2634 4704 2794 4759 αὑτὸν
2823 4704 3053 4774 γένοιτο,
3085 4705 3179 4760 καὶ
3206 4708 3273 4776 τῇ
3307 4703 3623 4772 ὲξεταστικῇ
3643 4700 3745 4752 διας

2183 4795 2300 4866 νοίᾳ
2326 4793 2434 4848 τῶν
2461 4793 2766 4865 εἰρημένων
2795 4795 3108 4865 ἐφάπτοιτο,
3132 4794 3342 4849 καπνοῦ
3366 4795 3519 4865 δίκην
3542 4792 3744 4864 διαρρεῖ

2182 4884 2281 4953 τῆς
2317 4883 2486 4954 λαϐῆς
2517 4884 2587 4938 τά
2623 4888 2887 4957 νοήματα,
2926 4887 3020 4941 καὶ
3050 4889 3128 4951 εἰς
3161 4888 3223 4940 τὸ
3259 4887 3334 4957 μὴ
3362 4887 3420 4939 ὃν
3444 4885 3740 4939 διασκίδνα-

2181 4993 2292 5039 ται,
2319 4975 2414 5030 καὶ
2449 4976 2508 5030 οὐ
2541 4975 2753 5047 δέχεται
2797 4977 2887 5031 διά
2916 4995 3060 5042 τινος
3093 4980 3445 5050 στερρότητος
3482 4977 3575 5030 καὶ
3598 4978 3737 5030 ἀντι-

2180 5067 2381 5133 τυπίας
2418 5068 2510 5122 τὸν
2555 5067 2859 5139 πλήττοντα
2894 5070 3070 5139 λόγον.
3104 5071 3169 5123 Τί
3199 5067 3291 5125 οῦν
3332 5072 3438 5142 χρὴ
3469 5071 3729 5141 πράττειν.

2181 5156 2406 5232 ἄπορον.
2457 5156 2938 5231 Εὐσυκοφάντητος
2970 5160 3079 5232 γὰρ
3126 5161 3260 5233 πρὸς
3305 5160 3561 5231 ἑκάτερον
3600 5156 3733 5226 παρὰ

2180 5252 2291 5314 τοῖς
2313 5248 2595 5318 φιλαιτίοις
2618 5251 2651 5321 ή
2684 5251 2914 5322 αἵρεσις,
2938 5252 3047 5306 εἴτε
3077 5251 3324 5323 καθάπερ
3350 5251 3474 5305 τινά
3498 5252 3733 5321 φάραγγα

2179 5338 2607 5409 διαπηδήσαντες
2657 5338 2757 5411 τὴν
2805 5340 3157 5412 κενοφωνίαν,
3190 5341 3285 5396 ἐπὶ
3333 5340 3403 5395 τά
3436 5340 3605 5413 πρανῆ
3646 5335 3732 5389 καὶ

2181 5430 2447 5503 ὲπίδρομα
2462 5431 2553 5486 τὸν
2573 5431 2728 5501 λόγον
2748 5432 3077 5507 εὐθύνωμεν,
3097 5437 3211 5499 τοῖς
3229 5433 3444 5489 δοκοῦσί
3468 5449 3585 5486 τινα
3606 5425 3731 5483 κατὰ

2179 5522 2278 5592 τῆς
2306 5520 2560 5593 ἀληθείας
2611 5523 2763 5595 ἰσχὺν
2791 5523 2955 5595 ἔχειν,
3003 5526 3357 5590 συσταθέντες
3394 5524 3481 5591 διὰ
3524 5523 3615 5593 τῆς
3640 5521 3730 5572 ἀν’

2180 5612 2505 5684 τιίθρήσεως.
2526 5612 2637 5668 εἴτε
2657 5616 2752 5670 καὶ
2774 5617 2921 5688 πάσῃ
2951 5618 3476 5690 συμπαρατείνωμεν
3503 5618 3562 5685 τῇ
3583 5612 3726 5681 φλυα-

2185 5704 2275 5775 ρίᾳ
2312 5703 2409 5777 τὴν
2450 5705 2585 5778 πρὸς
2612 5706 2680 5761 τά
2710 5708 2911 5781 μάταια
2941 5710 3151 5783 μάχηψ
3186 5711 3326 5767 οὕτω
3356 5711 3451 5783 μὲν
3481 5708 3581 5779 γὰρ
3606 5705 3720 5757 ἐπα-
