4010 6212
270 268 294 315 1
305 267 411 317 025

1426 267 1703 324 CONTRA
1733 270 2121 343 EUNOMIUM,
2164 276 2287 333 LIB.
2332 277 2445 335 XII.

3376 287 3523 343 [096‘

268 378 405 448 χθὴς
437 376 587 430 ἔσται
628 379 739 440 τοῖς
767 377 1104 449 άφιλοπόνοις
1139 380 1173 452 η
1210 380 1411 451 σπουδὴ
1444 382 1536 436 καὶ
1567 382 1842 455 ἀνόνητος,

1950 388 2167 457 quidem
2202 389 2287 445 his
2318 391 2410 459 qui
2437 389 2672 445 laborem
2714 393 3040 460 detrectant,
3074 394 3313 453 studium
3345 402 3517 453 mole-

266 470 327 523 ἐν
362 468 587 532 πολλαῖς
625 470 772 523 ἐπῶν
805 471 1038 543 χιλιάσιν
1063 473 1149 525 ἐπ’
1178 473 1349 526 οὐδενί
1376 476 1629 547 χρησίμῳ
1673 494 1846 548 μηκυ-

265 562 489 631 νομένη.
540 562 599 614 Ei
640 562 842 616 δὲ’τςῖιν
884 563 1182 619 δοκούντων
1215 566 1359 641 ἔχειν
1401 567 1523 620 τινὰ
1570 568 1715 630 κατὰ,
1752 570 1853 639 τῆς.

264 652 526 722 ἀληθείας
582 655 734 725 ἰσχὺν
783 657 958 726 μόνων
1006 656 1469 735 ἀντιλοιδοίμεθα,
1512 659 1851 730 κατηγορίας

267 744 526 814 ἀφορμὴν
552 748 666 809 τοῖς
690 746 1040 815 ὑπεναντίοις
1062 747 1391 819 παρέξομεν,
1423 749 1499 812 ὡς
1525 750 1845 820 παρεικότες

243 836 385 891 τινὰ
431 837 539 890 τῶν
577 839 637 890 οὑ
659 837 984 909 ’δεχομένων
1021 840 1379 912 ἀντίρρησιν.’
1405 842 1620 915 Ἐπειδὴ
1670 843 1849 919 τοίνυν

265 926 359 981 δύο
387 929 767 998 προκειμένων
797 932 947 1001 ἡμῖν,
980 931 1073 1006 τοῦ
1092 948 1172 997 ,τε
1192 932 1278 985 διὰ
1327 933 1543 987 πάντων
1575 933 1667 987 τὸν
1690 933 1845 1002 λόγον

265 1019 462 1085 ἐλθεῖν,
501 1021 596 1075 καὶ
624 1021 717 1075 τοῦ
758 1025 884 1095 τοῖς
923 1024 1366 1096 ἀναγκαιοτέροις
1407 1025 1587 1096 μόνοις
1625 1020 1847 1096 ἐπιδραε

270 1113 392 1181 μεῖν
411 1127 427 1141 ·
463 1112 520 1165 τὸ
549 1113 650 1183 μὲν
682 1115 915 1187 ἐπαχθὲς
955 1118 1069 1180 τοῖς
1096 1113 1375 1187 ἀκούουσι,
1406 1117 1467 1169 τὸ
1498 1117 1553 1170 δὲ
1579 1120 1689 1180 τοῖς
1716 1117 1845 1187 βάλ-

264 1202 449 1255 λουσιν
491 1202 753 1268 ὔποπτον,
785 1206 965 1270 καλῶς
1007 1207 1149 1277 ἔχειν
1183 1208 1324 1280 φημί
1373 1208 1542 1280 μέσην
1569 1208 1689 1262 τινὰ
1715 1226 1846 1281 τρα-

268 1294 504 1364 πόμενον
524 1297 781 1366 ἐκφυγεῖν
797 1298 1155 1369 ἑκατέρωθεν,
1174 1299 1250 1361 ὡς
1264 1302 1483 1364 οἴονται,
1500 1300 1560 1353 τὸ
1578 1299 1841 1353 ὑπαίτιον.

267 1384 362 1448 Τίς
396 1382 490 1439 οὖν
536 1389 569 1458 ὴ
622 1388 880 1459 μέθοδος;
916 1392 1138 1445 Πάντων
1177 1391 1285 1444 τῶν
1321 1392 1462 1445 κατά
1487 1391 1568 1463 fro
1619 1393 1845 1462 μάταιον

269 1479 660 1549 πεπονημένων
684 1481 833 1552 αὑτῷ
864 1482 1214 1553 συντεμόντες
1240 1483 1315 1547 ὡς
1341 1477 1449 1536 οἷόν
1474 1500 1534 1536 τε
1565 1483 1656 1536 τὸν
1679 1483 1844 1556 πολὺν

269 1569 567 1639 συρφετὸν,
582 1570 649 1623 δι’
665 1571 875 1644 ὀλίγων,
889 1573 1338 1645 ὲπιδραμούμεθα
1369 1573 1753 1642 κεφαλαιωδῶς
1776 1573 1844 1626 τὰ

266 1662 549 1731 νοήματαο
579 1660 655 1725 ὡς
704 1663 840 1733 μήτε
888 1667 1003 1727 τοῖς
1048 1667 1293 1736 ἀνοήτοις
1325 1664 1649 1735 ὲμϐαθύνειν
1698 1667 1843 1736 εἰκῆ,

1948 488 2091 534 stum
2147 482 2249 537 erit
2294 493 2343 536 et
2381 479 2590 545 inutile,
2625 483 2677 536 in
2728 486 2915 540 multis
2958 502 3210 541 versuum
3277 490 3519 547 millibus

1947 571 2082 624 nihil
2117 570 2485 640 profuturum,
2524 572 2568 626 si
2623 574 2993 641 protrahatur.
3042 574 3194 641 Quod
3227 580 3271 632 si
3300 595 3362 632 ea
3397 597 3521 650 qua:

1948 661 2112 716 robur
2142 662 2357 731 aliquod
2378 671 2637 733 putantur
2660 665 3067 727 haberecontra
3093 669 3369 724 veritatem
3401 674 3517 726 sola

1947 752 2401 822 corripueritnus,
2430 755 2798 811 accusationis
2816 758 3160 813 occasionem
3189 762 3520 819 adversariis

1949 845 2330 914 prabebimus,
2355 858 2411 901 ut
2431 847 2521 916 qui
2541 849 3044 917 praetermiserimus
3068 853 3310 921 quaedam
3330 871 3411 910 ror
3428 873 3517 910 unt

1948 951 2067 1005 qua:
2106 937 2595 997 contradictionem
2624 956 2729 993 non
2761 924 3379 1009 admittunt.-Quoniam
3419 950 3519 1019 igi-

1947 1036 2039 1081 tur
2071 1028 2180 1083 duo
2200 1030 2356 1089 nobis
2376 1041 2503 1086 sunt
2527 1034 2824 1102 proposita,
2851 1042 2905 1089 et
2940 1043 2998 1089 ut
3020 1036 3086 1090 ad
3122 1039 3304 1094 omnia
3339 1056 3519 1096 sermo

1946 1127 2132 1174 noster
2166 1131 2439 1187 occurrat,
2497 1132 2552 1179 ct
2613 1132 2673 1178 ιιι
2700 1126 2814 1186 sola
2843 1128 3016 1198 magis
3060 1132 3368 1205 necessaria
3398 1148 3521 1205 per:

1945 1221 2131 1268 currat
2161 1213 2339 1273 :_illud
2383 1216 2600 1285 quidem
2655 1218 2997 1277 auditoribus
3055 1223 3366 1287 molestum,
3416 1224 3519 1279 hoc

1945 1318 2074 1357 vero
2095 1303 2464 1373 jaeulantibus
2493 1317 2833 1378 SUSpectum,
2856 1324 2859 1329 ‘
2884 1312 3142 1380 praeclare
3170 1323 3354 1370 aetum
3390 1316 3517 1381 erit,

1946 1393 1989 1447 si
2027 1393 2258 1447 mediam
2290 1398 2579 1465 quamdam
2629 1400 2768 1455 viam
2806 1401 3055 1471 ingressi,
3088 1405 3341 1471 utrinque
3371 1407 3518 1474 q‘uod

1944 1484 2162 1538 crimini
2192 1487 2621 1555 estobnoxium,
2653 1500 2916 1560 quantum
2949 1492 3064 1549 ﬁeri
3097 1480 3315 1564 'poterit
3340 1538 3354 1554 .
3385 1496 3520 1551 elin-

1945 1575 2178 1646 giamus.
2213 1578 2471 1643 (lita-nam
2502 1580 2668 1651 igitur
2694 1583 2800 1637 erit
2839 1585 3162 1642 methodus?
3195 1586 3268 1641 Ex
3306 1588 3373 1642 iis
3400 1603 3519 1642 om-

1948 1668 2113 1723 nibus
2144 1686 2266 1739 qua:
2293 1671 2360 1725 ab
2382 1672 2500 1740 ipso
2528 1676 2805 1730 incassum
2844 1677 3118 1730 elaborata
3149 1685 3297 1739 sunt,
3330 1693 3521 1748 ampu-

269 1751 409 1820 μήτε
438 1752 633 1807 τιτῶν
662 1754 966 1824 εἰρημένων
1005 1755 1256 1821 καθάπαξ
1290 1756 1548 1825 περιιδεῖν
1584 1755 1845 1819 ,ἀνεξέτα-

1948 1766 2124 1815 tantes
2153 1765 2331 1830 quoad
2386 1764 2502 1818 ﬁeri
2533 1766 2729 1834 poterit
2757 1765 3000 1822 sordium
3034 1736 3518 1838 illuviem._paticis

265 1856 412 1895 στον.
446 1842 625 1906 ’Ἅπας
665 1844 842 1897 τοίνυν
865 1847 893 1898 ὁ
931 1846 1087 1913 λόγος
1112 1847 1258 1917 αὐτῷ
1288 1847 1527 1917 ἄσχολός
1561 1848 1675 1899 ἐστι
1712 1847 1848 1917 πρὸς

264 1932 469 2003 ταύτην
509 1934 606 2006 τὴν
637 1936 895 2007 σπουδὴν,
924 1936 1092 2002 δεῖξαι
1127 1937 1444 2007 φιλονεικῶν
1488 1936 1848 2008 ἀνθρωπικῶς

261 2025 326 2077 τὸ
355 2023 509 2079 Θεῖον
537 2026 938 2099 διαλεγόμενον,
967 2029 1061 2083 καί
1089 2029 1186 2093 τάς
1214 2028 1559 2100 σημαντικὰς.
1579 2028 1685 2080 τῶν
1711 2044 1848 2099 πραο

260 2119 493 2188 γμάτων
533 2121 717 2188 φωνάς
747 2122 907 2175 αὑτὸν
939 2124 1051 2185 τοῖς
1076 2118 1195 2176 οὖσι
1235 2123 1325 2175 τὸν
1353 2121 1461 2176 τῶν
1506 2120 1848 2191 πραγμάτιον

259 2210 592 2280 δημιουργὸν
640 2212 1040 2285 ἐφαρμόζοντα.
1072 2214 1182 2268 Καὶ
1213 2212 1301 2266 διὰ
1338 2213 1495 2266 τοῦτο
1538 2212 1840 2283 μαχόμενος

192 2332 195 2333 ν
263 2303 406 2372 πρὸς
433 2302 524 2355 τὸν
567 2304 789 2357 εἰπόντα
810 2305 908 2376 τῆς
938 2304 1163 2376 λογικῆς
1192 2301 1330 2358 εἶναι
1368 2303 1604 2373 φύσεως,
1635 2304 1701 2373 ἢν
1723 2301 1844 2354 θεόοο

256 2394 359 2447 θεν
384 2394 666 2465 ἐλάϐομεν,
694 2397 764 2450 τὰ
788 2395 1010 2451 τοιαῦτα
1027 2398 1135 2450 τῶν
1154 2396 1453 2466 ὀνομάτων,
1477 2394 1571 2447 καὶ
1591 2391 1693 2461 τῆς
1720 2390 1847 2460 ἀληα

263 2485 418 2550 θείας
464 2486 853 2559 διαμαρτάνειν
900 2489 1054 2559 φησι,
1105 2486 1199 2540 καὶ
1245 2488 1343 2556 τῆς
1376 2484 1511 2547 ἰδίας
1557 2481 1719 2537 αὑτὸν
1769 2480 1843 2550 μὴ

264 2578 489 2646 κρατεῖν
513 2576 841 2645 ὑποθέσεως,
866 2578 959 2632 καὶ
982 2576 1187 2649 ταύτην
1203 2574 1495 2646 ἐπαγαγὼν
1513 2574 1613 2645 τὴν
1638 2571 1842 2644 μέμψιν

264 2664 439 2736 αὐτῷ,
466 2666 725 2731 τοιούτοις
765 2669 1026 2740 κέχρηται
1069 2669 1347 2738 λογισμοῖς
1546 2662 1837 2728 ἀπόδειξιν·

1943 1855 1999 1901 et
2026 1851 2338 1929 summatim
2370 1854 2621 1908 notiones
2653 1862 2706 1908 et
2738 1856 3036 1911 sententias
3072 1872 3457 1925 percurremns
3501 1878 3512 1912 :

1945 1939 2017 1992 ita
2047 1948 2105 1994 ut
2130 1956 2302 2010 neque
2330 1944 2570 1999 inise‘nsu
2594 1947 2908 2001 carentibus
2929 1957 3126 2001 temere
3144 1949 3514 2013 itntnorrmur,

1945 2025 2122 2101 neque
2150 2034 2445 2103 quidquam
2480 2035 2749 2091 dictorum
2776 2053 3000 2107 prorsus
3030 2040 3335 2115 neglexisse
3365 2041 3518 2096 inex-

1944 2135 2169 2177 cussutn
2193 2124 2493 2185 videantur.
2531 2126 2997 2193 Quemadmodum
3031 2131 3195 2200 igitur
3249 2132 3371 2201 ejus
3400 2148 3518 2186 ser-

1946 2229 2034 2268 tno
2061 2211 2112 2268 in
2139 2230 2213 2269 eo-
2239 2216 2581 2286 potissimum
2614 2228 2880 2285 versatur,
2909 2230 2967 2274 ut
2998 2221 3372 2278 demonstrare
3404 2239 3519 2278 ant-

1945 2302 2142 2358 ἰιὶιίοεθ
2180 2305 2474 2359 contendat
2508 2307 2747 2361 lunnano
2771 2323 2921 2375 more
2949 2308 3111 2363 lleum
3146 2309 3437 2377 disserere,
3464 2320 3519 2365 et

1946 2408 2127 2446 rerum
2161 2393 2552 2462 signiﬁcativas
2573 2411 2744 2452 uoces
2776 2399 2950 2467 ipsum
2987 2413 3167 2453 rerum
3188 2399 3437 2467 cpiticem
3465 2411 3518 2455 et

1948 2493 2227 2540 auctorem
2251 2486 2335 2541 his
2370 2504 2489 2556 qua!
2520 2497 2649 2543 sunt
2680 2491 2974 2559 applicare;
2999 2491 3231 2560 ideoque
3270 2507 3518 2562 pugnans

1947 2591 2071 2630 eutn
2107 2592 2172 2631 eo
2219 2578 2310 2647 qui
2351 2578 2489 2633 dixit
2533 2581 2814 2658 rationalis
2846 2596 2984 2641 esse
3032 2590 3260 2644 natoue,
3292 2598 3456 2653 quam
3488 2598 3519 2637 a

1950 2663 2058 2719 Deo
2095 2656 2425 2734 accepimus,
2458 2667 2583 2720 talia
2619 2656 2860 2733 nomina,
2890 2685 3016 2723 eum
3043 2684 3072 2722 a
3101 2672 3326 2726 veritate
3354 2672 3518 2725 abor-

267 2772 392 2811 rare
445 2756 599 2822 dicit,
634 2767 689 2813 et
727 2774 886 2813 suum
920 2775 1027 2813 non
1061 2768 1245 2814 tenere
1277 2758 1688 2813 fundamentum
1737 2771 1752 2821 ;
1786 2765 1840 2809 et
1879 2753 2020 2811 hanc
2051 2758 2326 2826 querelam
2362 2757 2414 2811 in
2433 2758 2609 2828 ipsum
2641 2750 2764 2813 cum
2797 2761 3023 2815 adduxit
3079 2763 3277 2818 talibus
3346 2764 3517 2819 ratio-

265 2854 433 2908 nibus
459 2853 525 2908 ad
551 2854 1075 2911 demonstrationem
1109 2871 1243 2910 usus
1284 2864 1367 2910 est
1405 2873 1418 2909 :

336 2939 507 3007 Εἷπε,
532 2944 714 3014 φησιν,
733 2947 765 2999 ό
784 2946 1123 3012 Βασίλειος,
1138 2946 1289 3015 μετὰ
1314 2945 1377 3000 τὸ
1411 2945 1648 3015 πρῶτον
1673 2945 1799 3013 ἐγγι
1816 2971 1830 2984 -

262 3035 525 3105 νόμενον
571 3036 717 3105 ἡμῖν
747 3029 880 3103 τὲερί
902 3062 903 3065 η
928 3038 1035 3092 τοῦ
1087 3038 1425 3108 πράγματος
1465 3039 1680 3106 νόημα,
1729 3035 1844 3101 τὴν

261 3127 634 3196 λεπτοτέραν
656 3126 754 3180 καί
788 3128 1216 3197 ἀκριϐεστέραν
1250 3129 1355 3182 τοῦ
1401 3127 1720 3195 νοηθέντος
1748 3127 1844 3191 ἐξ·

261 3216 496 3282 ἐτασιν,
528 3217 800 3272 ἐπίνοιαν
828 3218 1129 3288 λέγεσθαι.
1170 3220 1280 3274 Καὶ
1320 3222 1386 3290 τῇ
1426 3218 1650 3291 τοιαύτῃ
1678 3235 1845 3271 κατα-

260 3311 435 3380 σκευῇ
464 3309 726 3381 διελέγχει
749 3310 840 3364 τὸν
862 3310 1040 3380 λόγον,
1071 3311 1147 3374 ὼς
1172 3311 1341 3364 οἴεται
1366 3309 1647 3382 Εὑνόμιος,
1682 3311 1763 3363 ὃτι
1786 3311 1843 3363 ἐν

259 3394 348 3464 οἷς
373 3402 474 3454 οὑκ
496 3400 610 3456 ἔστι
641 3402 855 3474 πρῶτον
879 3403 974 3456 καὶ
998 3403 1250 3475 δεύτερον
1272 3405 1470 3474 νόημα,
1502 3402 1624 3457 οὔτε
1655 3402 1843 3456 λεπτό-

262 3509 425 3564 τερον
453 3493 639 3557 ἕτερον
681 3495 869 3567 ἐτέρου
903 3496 998 3549 καὶ
1039 3495 1449 3567 ἀκριϐέστερον,
1482 3496 1582 3548 οὑκ
1613 3493 1679 3548 ἂν
1709 3493 1840 3565 ἔχοι,

264 3586 423 3654 φησι,
451 3585 633 3656 χώραν
674 3586 736 3639 τὸ
779 3588 899 3641 κατ’
937 3587 1177 3641 ἐπίνοιαν
1199 3606 1213 3619 ·
1261 3587 1399 3651 τέως
1426 3586 1526 3659 μὲν
1572 3585 1845 3641 καὶτοῦτο

262 3677 499 3748 δολερῶς
526 3678 855 3750 ὑφαρπάσας
885 3679 1034 3752 παρά
1065 3680 1171 3733 τῶν
1202 3681 1430 3751 ἐχόντων
1459 3678 1627 3751 ἀκοὴν
1656 3694 1843 3747 φωρα-

265 3768 512 3838 θήσεται.
562 3768 638 3822 Οὐ
669 3769 778 3841 γάρ
812 3771 991 3841 πάσης
1036 3770 1277 3834 ἐπινοίας
1322 3770 1510 3824 τοῦτον
1550 3769 1844 3839 πεποίηται

261 3858 360 3913 τὸν
383 3860 609 3931 ὁρισμὸν
642 3862 671 3914 ὁ
703 3861 1015 3925 διδάσκαλος
1041 3860 1217 3931 ⁴ἡμῶν,
1239 3860 1352 3913 ἀλλ’
1381 3855 1491 3914 οἷον
1532 3859 1703 3930 ξδικήν
1724 3876 1845 3913 τινα

262 3949 377 4004 τῶν
404 3951 525 4003 κατ’
551 3950 794 4005 ἐπίνοιαν
814 3950 1199 4021 θεωρουμένων
1225 3949 1593 4020 ὑποδιαίρεσιν
1618 3948 1845 4019 ποιησά-

267 4057 451 4113 μενος,
488 4041 564 4104 ὡς
592 4040 658 4094 ἂν
690 4039 765 4111 μὴ
796 4039 961 4095 πολὺν
993 4040 1149 4112 ὄχλον
1184 4040 1461 4108 ἐπεισάγοι
1490 4039 1569 4110 τῷ
1598 4040 1759 4111 λόγῳ,
1783 4039 1844 4094 τὸ

265 4132 436 4202 μέρος
479 4130 635 4184 τοῦτο
676 4131 1036 4202 διασαφήσας,
1072 4132 1251 4202 ἀφῆκε
1285 4130 1410 4193 τοὺς
1452 4130 1576 4184 νοῦν
1623 4130 1844 4201 ἔχοντας

263 4224 330 4275 ἐκ
363 4220 460 4274 τοῦ
502 4221 701 4293 μέρους
731 4220 792 4275 τὸ
829 4219 950 4275 ὅλον
986 4219 1407 4289 ἐπιλογίζεσθαι.
1438 4220 1548 4273 Καὶ
1584 4220 1659 4284 ὡς
1701 4219 1845 4274 κατά

262 4311 530 4364 πλειόνων
553 4311 646 4364 καὶ
666 4310 1029 4382 διαφερόντων
1051 4309 1129 4379 τῷ
1160 4309 1285 4363 εῖδει
1308 4309 1729 4380 κατηγορεῖσθαι
1760 4327 1843 4385 τις

2010 2937 2185 3003 Dixit,
2217 2940 2313 3005 ait,
2374 2940 2632 3008 Basilius,
2686 2951 2804 3012 post
2830 2943 3057 3012 primam
3090 2963 3207 3016 qum
3233 2949 3297 3004 de
3338 2952 3520 3022 aliqua

1948 3048 2002 3085 re
2033 3032 2182 3086 nobis
2205 3034 2539 3102 ingeneratur
2569 3035 2851 3097 notionem,
2887 3037 3025 3105 quod
3045 3037 3291 3094 subtilior
3339 3053 3387 3097 et
3427 3049 3520 3098 ae-

1947 3123 2187 3176 curatior
2222 3125 2298 3177 rei
2338 3125 2615 3179 intellech
2662 3125 2931 3196 indagatio
2982 3129 3193 3184 ὲπίνοια
3242 3134 3347 3187 sive
3378 3153 3521 3190 com-

1942 3216 2196 3267 mentatio
2222 3214 2419 3268 dicitur
2433 3234 2453 3281 ;
2480 3223 2533 3271 et
2577 3218 2677 3271 hac
2736 3220 3150 3287 prrestt‘uctione
3206 3240 3516 3283 sermonem

1943 3306 2142 3377 arguit,
2165 3314 2224 3361 nt
2254 3316 2408 3377 putat
2440 3307 2765 3374 Eunomius,
2797 3313 2942 3382 quod
2974 3313 3026 3367 in
3053 3315 3252 3383 quibus
3297 3333 3405 3372 non
3438 3328 3523 3374 est

1943 3399 2115 3468 prima
2149 3407 2202 3454 et
2233 3401 2474 3457 secunda
2503 3403 2675 3467 notio.
2707 3388 2887 3474 neque
2911 3405 3167 3459 subtilior
3196 3407 3390 3470 altera.
3426 3426 3523 3464 ne-

1942 3505 2048 3559 que
2079 3493 2410 3558 accuratior,
2435 3508 2542 3548 non
2564 3494 2806 3561 baberel,
2830 3496 3027 3574 inquit,
3051 3499 3227 3554 locum
3253 3501 3396 3570 quod
3430 3517 3524 3571 per

1942 3587 2455 3642 commentationem
2484 3586 2726 3656 dicitur;
2760 3597 2890 3643 tunc
2923 3589 3091 3660 igitur
3116 3599 3169 3645 et
3204 3591 3306 3647 hoc
3334 3592 3523 3649 dolose

1943 3675 2250 3744 abripuisse
2278 3675 2346 3728 ab
2385 3675 2469 3728 his
2499 3676 2590 3745 qui
2627 3690 2732 3729 non
2758 3677 2944 3730 auditu
3004 3688 3193 3734 carent
3218 3680 3526 3752 deprehen-

1943 3766 2123 3831 ditur;
2150 3781 2260 3820 non
2307 3766 2451 3820 enim
2481 3767 2660 3821 omnis
2688 3771 3163 3825 eommentationis
3221 3771 3362 3826 hanc
3395 3774 3523 3828 fecit

1943 3857 2312 3912 definitionem
2349 3856 2542 3911 doctor
2569 3866 2776 3920 noster,
2821 3859 2917 3914 sed
2963 3861 3109 3915 velut
3138 3864 3358 3931 Speciali
3387 3880 3524 3939 qua.-

1943 3947 2066 4000 dam
2111 3961 2298 4001 eorum
2331 3960 2451 4015 qua:
2484 3961 2580 4015 per
2634 3947 3145 4002 commentationem
3204 3958 3523 4018 spectantur

1945 4037 2322 4092 sttbdirisione
2367 4036 2533 4100 facta,
2565 4052 2633 4093 ne
2672 4038 2898 4092 multam
2928 4040 3163 4094 orationi
3191 4041 3402 4095 turbam
3431 4042 3521 4096 in-

1942 4128 2187 4194 duceret,
2237 4128 2341 4182 hac
2409 4137 2562 4198 parte
2611 4127 2903 4183 dilucidius
2950 4116 3240 4197 explicata,
3308 4131 3521 4186 dimisit

1944 4226 2125 4272 tuente
2150 4216 2406 4287 praeditos
2447 4233 2509 4271 ex
2544 4224 2697 4285 parte
2744 4223 2916 4271 totum
2961 4218 3339 4274 ratiocinando
3365 4221 3523 4275 colli-

1944 4322 2103 4378 gere;
2134 4316 2299 4377 atque
2349 4315 2407 4360 ut
2455 4307 2523 4361 de
2550 4306 2801 4376 pluribus
2833 4315 2887 4361 et
2915 4307 3098 4377 specie
3144 4308 3521 4369 diﬂ‘erentibus

261 4403 327 4456 τὸ
359 4400 498 4467 ζῶον
544 4401 746 4465 εἰπὼν,
777 4401 877 4456 οὐκ
906 4401 971 4454 ἀν
1012 4400 1088 4464 ὡς
1126 4398 1437 4471 διαμαρτὼν
1473 4399 1726 4470 ἀληθείας
1764 4400 1843 4454 δι-

1948 4398 2147 4451 animal
2168 4397 2438 4452 enuntiari
2469 4398 2513 4453 si
2538 4397 2663 4468 quis
2693 4398 3025 4464 dixerit,non
3052 4416 3083 4454 a
3113 4404 3335 4458 veritate
3366 4404 3524 4460 aber-

260 4490 571 4562 ιλεγχθείη,
595 4490 738 4555 ἰδίως
753 4491 844 4545 τὸν
865 4474 1144 4561 ἄνθρωπον
1164 4491 1245 4552 εἰς
1262 4489 1579 4561 ὑπογραφὴν
1595 4489 1837 4560 ἀγαγῶνο

261 4582 374 4636 οὐδ’
403 4583 469 4636 ἀν
519 4599 601 4646 τις
630 4582 793 4637 αὑτὸν
838 4580 913 4645 ὡς
939 4580 1319 4650 ἀποσφαλέντα
1361 4580 1454 4635 τοῦ
1497 4581 1647 4646 ὄντος
1679 4582 1839 4635 εὑθύ-

262 4689 409 4726 νοιεν
439 4672 526 4738 ἂν,
557 4673 606 4726 εἰ
645 4672 718 4745 μὴ
760 4672 902 4728 κατὰ
933 4671 1135 4745 πτηνοῦ
1173 4691 1233 4727 τε
1258 4675 1350 4728 καὶ
1371 4674 1719 4746 τετράποδος,
1751 4674 1845 4727 καὶ

263 4764 492 4834 ἐνύδρου
521 4763 612 4817 τὸν
645 4764 807 4818 αὑτὸν
836 4764 1110 4836 ἀποδιδοίη
1142 4764 1317 4833 λόγον,
1349 4765 1408 4819 δν
1438 4765 1532 4818 ἐπὶ
1577 4764 1670 4819 τοῦ
1705 4765 1846 4819 κατὰ

262 4856 358 4909 τὸν
390 4855 676 4928 ἄνθρωπον
704 4857 1048 4928 ἀπεφήνατο·
1081 4856 1224 4911 οὕτω
1255 4856 1587 4927 πολυσχιδῶς
1612 4858 1705 4911 καί⁹
1729 4875 1849 4911 ποι-

263 4947 435 5009 κίλως
472 4945 566 4999 τοῦ
602 4948 721 5001 κατ’
757 4946 998 5000 ἐπίνοιαν
1028 4945 1400 5017 θεωρουμένου
1440 4946 1621 5014 λόγου,
1652 4948 1753 5000 οὑκ
1782 4947 1849 5000 ἂν

263 5039 487 5109 ἔλεγχος
521 5039 606 5109 εἴη
637 5039 698 5091 τὸ
723 5038 938 5109 ἐκείνην
966 5038 1042 5110 μὴ
1075 5033 1215 5091 εἶναι
1244 5038 1445 5109 κυρίως
1476 5039 1740 5103 ἐπίνοιαν,
1771 5038 1848 5109 τῷ

264 5130 367 5184 καὶ
409 5130 595 5201 ἕτερον
630 5125 769 5183 εἶναι
800 5132 991 5183 εἰπεῖν.
1025 5129 1187 5181 Ὥστε
1231 5129 1331 5182 κᾶν
1369 5128 1496 5183 ἄλλο
1521 5146 1575 5183 τι
1607 5130 1849 5192 ἐπινοίας

265 5215 413 5283 εἰδος
452 5218 725 5293 θεωρηθῇ,
772 5219 832 5273 τὸ
877 5218 1242 5290 προαποδοθὲν
1279 5219 1377 5290 οὑχ
1411 5219 1744 5290 ἡμάρτηται.
1786 5220 1848 5272 Εἰ

267 5312 373 5386 μὲν
407 5308 503 5367 οὖν
542 5329 648 5381 τις,
672 5315 825 5385 φησι,
858 5311 969 5366 τῶν
1001 5311 1311 5365 ἀποστόλων
1340 5312 1373 5383 ἢ
1408 5311 1517 5365 τῶν
1555 5312 1850 5384 προφητῶν

262 5402 481 5466 τούτοις
528 5404 873 5476 χρησάμενος
923 5403 1016 5456 ἐπὶ
1048 5401 1139 5456 τοῦ
1169 5403 1403 5474 Χριστοῦ
1440 5404 1552 5468 τοῖς
1594 5404 1850 5475 ὀνόμασιν

262 5496 649 5562 ἀπεδείκνυτο,
680 5492 823 5568 εἶχεν
852 5496 918 5550 ἂν
955 5495 1309 5568 παραμυθίαν
1335 5496 1395 5549 τὸ
1422 5494 1636 5565 ψεῦδος.
1678 5499 1851 5568 Ὀσην

270 5589 546 5660 μαρτυρεῖ
592 5586 671 5659 τῷ
718 5588 1043 5660 λογογράφῳ
1071 5587 1140 5643 τά
1187 5587 1455 5659 εἰρημένα
1495 5588 1594 5659 τὴν
1631 5590 1689 5643 ὲν
1730 5591 1852 5654 ταῖς

267 5679 523 5750 Γραφαίς
549 5678 644 5733 τοῦ
672 5679 808 5735 Θεοῦ
837 5679 1176 5749 φιλοπονίανί
1211 5679 1399 5745 Οὐδεὶς
1438 5677 1555 5735 εἷπε
1586 5679 1693 5735 τῶν
1722 5698 1854 5753 προ-

1953 4503 2105 4543 rasse
2141 4488 2501 4558 reprehensus
2529 4488 2712 4553 fuerit,
2755 4489 2800 4545 si
2831 4490 3136 4560 specialiter
3162 4492 3433 4549 hominem
3465 4496 3520 4550 in

1951 4581 2259 4650 exemplum
2291 4580 2607 4647 adduxerit;
2637 4597 2811 4652 neque
2843 4583 2967 4653 quis
3005 4582 3204 4653 ipsum,
3236 4591 3291 4640 ut
3336 4602 3365 4638 a
3394 4602 3522 4641 vero

1952 4671 2258 4728 deviantem
2311 4672 2366 4726 in
2404 4671 2546 4727 viam
2578 4680 2784 4727 rectam
2814 4674 3111 4739 reduxerit,
3150 4674 3253 4730 nisi
3280 4679 3347 4731 de
3376 4678 3525 4730 vola-

1952 4764 2032 4817 tili
2063 4771 2117 4817 et
2136 4763 2487 4833 quadrupede
2511 4772 2565 4819 et
2589 4764 2658 4820 de
2688 4766 2914 4836 aquatili
2951 4767 3123 4837 ipsam
3153 4766 3521 4824 deﬁnitionem

1950 4854 2268 4920 reddiderit,
2300 4871 2463 4926 quam
2495 4856 2561 4913 de
2590 4858 2810 4913 homine
2841 4859 3141 4928 protulerat
3174 4879 3187 4915 :
3231 4860 3308 4915 sic
3339 4859 3524 4915 multi-

1952 4946 2166 5017 pliciter
2192 4955 2246 5002 et
2285 4948 2435 5003 varie
2460 4963 2584 5002 cum
2612 4956 2887 5019 spectetur
2926 4949 3159 5017 ἐπίνοια,
3190 4962 3523 5008 commenta-

1952 5040 2052 5105 tio,
2072 5054 2180 5094 non
2211 5047 2590 5111 argumentum
2631 5042 2793 5097 fuerit
2831 5043 2980 5097 illam
3014 5060 3122 5098 non
3157 5058 3278 5099 esse
3306 5044 3524 5112 proprie

1952 5130 2216 5195 ἐπίνοιαν,
2250 5132 2378 5202 quia
2407 5132 2606 5187 dixerit
2632 5133 2796 5187 etiam
2833 5133 2978 5188 aliud
3010 5132 3141 5204 quid
3158 5125 3303 5189 esse.
3344 5131 3524 5200 Quare

1953 5222 2166 5278 etiamsi
2200 5223 2305 5277 alia
2349 5224 2603 5293 quaedam
2652 5225 2863 5295 species
2896 5225 3137 5287 ἐπινοίας
3179 5226 3524 5279 considerata

1957 5314 2139 5379 fuerit,
2174 5330 2297 5384 quae
2336 5315 2488 5385 prius
2542 5315 2747 5371 reddita
2781 5324 2888 5380 est,
2938 5331 3053 5371 non
3078 5314 3215 5370 falsa
3246 5316 3429 5371 fuerit.
3465 5316 3524 5372 Si

1954 5408 2137 5477 igitur,
2173 5406 2370 5477 inquit,
2406 5409 2777 5478 apostolorum
2807 5407 2890 5462 vel
2914 5407 3297 5477 prophetarum
3325 5408 3524 5479 aliquis

1957 5498 2043 5553 his
2077 5512 2213 5553 usus
2268 5497 2322 5551 in
2370 5494 2592 5551 Christo
2655 5496 2970 5552 nominibus
3027 5496 3522 5563 demonstraretur,

1956 5588 2300 5646 mendacium
2350 5588 2576 5644 haberet
2625 5589 3077 5645 consolationem.
3136 5588 3411 5655 Quantum
3455 5604 3523 5644 ex

1956 5683 2073 5740 suis
2093 5680 2254 5740 dictis
2283 5682 2519 5755 scriptor
2556 5680 2644 5739 hic
2673 5681 2728 5738 in
2777 5682 2976 5741 divinis
3015 5680 3312 5755 Scripturis
3343 5692 3526 5739 versa-
