4010 6212
504 272 640 326 1027

1800 263 1856 317 S.
1887 259 2214 316 GREGORII
2272 254 2558 312 NYSSENI

3613 252 3750 305 1028

504 403 594 448 tus
623 389 972 460 intelligitur!
1011 386 1208 442 Nullus
1244 385 1629 457 prOphetarum
1684 385 1764 440 vel
1797 385 2068 456 apostolo-

2196 381 2358 452 p-q'ribv
2388 380 2420 450 ἦ
2468 377 2580 432 τῶν
2610 374 2942 438 ἀποστόλων,
2975 374 3159 447 ἄρτον,
3191 374 3222 443 ἢ
3269 371 3438 433 λίθον,
3467 370 3502 440 ἢ
3549 372 3756 440 πηγὴν,

503 499 626 538 rum
651 483 805 544 dixit,
831 475 1154 550 panem,'vcl
1179 479 1429 547 lapidem,
1452 478 1536 531 vel
1563 477 1787 538 fontem,
1814 477 1895 532 vel
1919 491 2068 531 secu-

506 575 631 637 rim,
669 572 749 626 vel
784 573 978 635 lucem,
1011 570 1091 623 vel
1121 579 1391 638 pastorem
1418 567 1730 621 Dominum.
1754 565 1894 632 Quid
1915 565 2078 636 igitur

507 662 676 716 David
706 668 760 716 et
792 661 859 715 de
885 675 994 729 quo
1019 659 1171 721 dicit,
1231 658 1486 712 Dominus
1543 658 1714 726 pascit
1762 673 1841 710 me
1870 656 1949 722 ⁶¹;
2001 663 2076 717 et.

509 755 613 820 Qui
663 755 836 822 pascis
868 750 1075 816 Israel,
1102 750 1308 804 intende
1333 749 1488 804 “?et
1517 747 1647 818 quid
1685 747 1863 803 diﬂert
1893 756 2077 815 pasto-

511 863 617 901 rem
650 845 851 907 dicere,
885 845 966 898 vel
999 843 1322 913 quipascis?
1351 841 1438 906 Et,
1459 841 1610 910 Apud
1642 851 1687 896 te
1717 841 1834 911 fons
1861 843 1980 894 vita:
2010 840 2077 896 ⁸³.

509 935 681 1007 Igitur
715 937 950 990 admittit
984 934 1270 990 Dominum
1303 933 1508 988 dictum
1569 948 1691 988 esse
1731 933 1955 987 fontem.
1994 931 2079 995 Et,

510 1027 764 1096 Lapidem
797 1042 946 1097 quem
975 1027 1380 1094 reprobaverunt
1402 1023 1726 1092 wdiﬁcantes
1759 1024 1822 1075 “.
1845 1021 2082 1077 Joannes

511 1118 846 1191 [Matthmus]
880 1126 1057 1172 autem
1093 1116 1302 1171 Domini
1359 1116 1614 1170 virtutem
1675 1115 1934 1168 vitiorum
1969 1127 2085 1166 am-

512 1211 856 1281 putatricem,
909 1207 1119 1263 securis
1175 1209 1392 1262 nomine
1438 1205 1775 1276 signiﬁcans,
1833 1207 1921 1260 tibi
1979 1207 2082 1260 ait:

514 1305 650 1358 Ecce
683 1303 878 1357 securis
902 1298 1069 1352 radici
1101 1299 1304 1352 arboris
1333 1299 1548 1352 admota
1565 1306 1642 1352 est
1670 1298 1716 1330 "
1743 1315 1757 1363 ;
1812 1313 1918 1353 non
1946 1298 2088 1351 locu-

513 1397 630 1466 ples
657 1403 710 1448 et
739 1395 840 1447 ﬁde
873 1393 1069 1462 dignus
1089 1392 1243 1446 testis
1272 1391 1541 1444 dictorum
1570 1390 1809 1445 videtur?
1826 1390 2002 1444 Moses
2031 1389 2087 1443 in

515 1491 636 1542 luce
677 1486 842 1540 Deum
866 1483 1126 1548 videns“,
1161 1479 1465 1536 etJoannes
1482 1495 1665 1535 veram
1698 1481 1873 1536 lucem
1900 1481 2089 1536 nomi-

515 1594 654 1634 nans
693 1579 770 1644 ‘7;
822 1576 924 1630 hoc
950 1573 1139 1628 eodem
1185 1574 1346 1627 etiam
1404 1569 1604 1627 Paulus
1658 1573 1711 1626 in
1772 1571 1945 1642 prima
1996 1572 2088 1629 Dei

517 1670 854 1740 apparitione
887 1667 1004 1721 luce
1038 1664 1424 1725 circumfusus,
1450 1672 1504 1719 et
1530 1671 1717 1733 postea
1758 1664 1896 1721 lucis
1926 1679 2089 1720 voces

2179 474 2211 545 ἢ
2234 472 2443 542 ἀξίνην,
2473 469 2505 539 ἦ
2534 469 2671 538 φῶς,
2697 469 2731 538 ἢ
2763 465 2993 536 ποιμένα
3019 464 3110 518 τὸν
3134 463 3357 533 Κύριον.
3389 462 3455 516 Τί
3487 457 3584 514 οὖν
3604 462 3634 512 ὁ
3659 465 3761 512 Aa-

2179 563 2283 628 διδ,
2313 562 2408 615 καὶ
2430 559 2557 630 περὶ
2577 559 2721 622 τίνος
2747 558 2934 626 φησιν,
2965 555 3048 608 ὅτι
3078 555 3292 622 Κύριος
3307 547 3620 622 ’ποιμαίνει
3663 568 3757 618 με,

2181 655 2276 707 καὶ
2303 695 2317 718 ,
2369 653 2424 704 '0
2465 649 2792 719 ποιμαίνων
2832 647 2940 700 τὸν
2977 645 3245 714 Ἰσραὴλ,
3279 645 3585 712 πρόσχες;
3623 645 3764 714 Ἀρι

2180 746 2232 798 τί
2278 743 2522 813 διαφέρει
2574 739 2826 809 ποιμένα
2869 739 3044 792 εἰπεῖν
3099 736 3136 808 ἢ
3167 737 3608 805 ποιμαίνοντα;
3648 739 3762 800 sui,

2181 834 2348 902 Παρὰ
2379 833 2480 887 σοὶ
2520 829 2681 899 πηγὴ
2711 828 2876 897 ζωῆς.
2914 830 3056 898 Ἀρα
3083 826 3294 896 δέχεται
3327 826 3387 878 τὸ
3411 826 3600 896 πηγὴν
3621 825 3764 896 εἰρῆ-

2185 924 2308 978 σθαι
2354 923 2446 976 τὸν
2472 921 2669 993 Κύριον
2690 937 2705 952 ο
2751 921 2866 986 καὶ,
2906 919 3086 973 Λίθον
3117 917 3188 971 ὅν
3215 916 3672 986 ἀπεδοκίμασαν
3712 919 3765 971 οι

2183 1013 2658 1084 οἰκοδομοῦντες.
2698 1013 2756 1065 '0
2777 1011 2834 1065 δὲ
2868 1009 3121 1080 Ἰωάννης
3145 1007 3466 1081 [Ματθαίος]
3496 1008 3597 1079 τὴν
3617 1009 3765 1062 ἀναιο

2187 1106 2406 1180 ρετικὴν
2434 1109 2534 1175 τῆς
2567 1103 2762 1166 κακίας
2787 1100 3017 1172 δύναμιν
3045 1100 3138 1154 τοῦ
3178 1100 3378 1170 Κυρίου
3411 1099 3492 1170 τῷ
3519 1102 3623 1169 τῆς
3652 1098 3765 1164 ἀεί.

2186 1216 2282 1270 νης
2305 1195 2671 1266 διασημαίνων
2693 1195 2938 1265 ὀνόματι,
2962 1195 3020 1247 ὲν
3043 1187 3124 1255 οἷς
3144 1208 3326 1262 φησιν,
3353 1191 3506 1259 ’Ἤδη
3529 1193 3569 1257 ἡ
3591 1191 3766 1258 ἀξίνη

2187 1289 2339 1357 πρὸς
2363 1288 2478 1355 τὴν
2508 1285 2680 1355 ῥίζαν
2710 1285 2828 1340 τῶν
2859 1285 3124 1352 δένδρων
3161 1283 3366 1346 κεῖται,
3416 1287 3516 1336 οὐκ
3560 1283 3768 1347 ἀξιόπι-

2190 1397 2310 1443 στος
2334 1379 2510 1448 τούτῳ
2536 1378 2748 1449 μάρτυς
2773 1376 2880 1429 τῶν
2906 1374 3207 1445 εἰρημένων
3231 1373 3407 1441 δοκεῖ;
3445 1374 3502 1426 '0
3531 1373 3590 1425 δὲ
3615 1374 3771 1426 Murs-

2191 1471 2289 1542 σῆς
2332 1471 2390 1524 ὲν
2433 1469 2572 1538 φωτὶ
2621 1468 2712 1520 τὸν
2745 1467 2877 1520 Θεὸν
2933 1466 3165 1537 βλέπων,
3213 1465 3308 1518 καὶ
3348 1465 3604 1534 Ἰωάννης
3655 1465 3768 1531 φῶς

2189 1561 2440 1630 ἀληθινὸν
2480 1559 2765 1630 ὀνομάζων
2789 1576 2804 1590 θ
2839 1557 2916 1628 τῷ
2945 1557 3002 1611 δὲ
3037 1557 3186 1628 αύτῷ
3220 1556 3393 1627 τούτῳ
3441 1558 3533 1609 καὶ
3563 1555 3769 1619 Παῦλος

2192 1655 2248 1705 ἐν
2276 1655 2340 1723 τῇ
2375 1651 2567 1724 πρώτῃ
2607 1649 2897 1720 θεοφανεία
2945 1647 3339 1719 περιλαμφθεὶς
3369 1647 3450 1717 τῷ
3486 1648 3648 1715 φωτὶ,
3678 1647 3771 1698 καὶ

516 1727 746 1814 audiens
783 1774 796 1810 :
829 1756 938 1828 Ego
990 1773 1103 1810 sum
1135 1752 1317 1817 Iesus,
1341 1770 1492 1823 quem
1536 1765 1591 1807 tu
1614 1757 1938 1825 persequeris
1987 1755 2031 1787 ⁸⁸
2073 1773 2086 1809 :

2196 1742 2334 1812 μετά
2360 1743 2533 1794 ταῦτα
2563 1741 2662 1805 τὰς
2697 1741 2790 1794 τοῦ
2826 1740 3001 1810 φωτὸς
3029 1740 3241 1793 ἀκούων
3280 1739 3482 1808 φωνὰς,
3512 1739 3596 1792 ὅτι
3632 1739 3772 1807 Ἐγὼ

520 1869 634 1908 non
659 1852 724 1905 ad
760 1849 1129 1905 testimonium
1174 1849 1402 1904 idoneus
1425 1847 1548 1902 est?
1587 1847 1662 1902 De
1693 1862 1832 1917 pane.
1860 1861 1990 1902 vero
2014 1847 2084 1902 le-

517 1953 608 2016 gat
643 1943 992 2012 Evangelium
1032 1960 1045 1994 :
1104 1940 1248 2010 quod
1280 1954 1310 1992 a
1353 1939 1499 1994 Mose
1528 1940 1684 1994 cibus
1715 1940 1807 2009 qui
1863 1939 1930 1995 de
1952 1940 2091 1994 caalo

525 2038 792 2091 lsraelitis
817 2031 1286 2104 suppeditabatur,
1307 2031 1361 2084 in
1391 2029 1602 2084 Domini
1629 2029 1853 2100 figuram
1878 2031 1946 2086 ab
1975 2033 2092 2102 ipso

518 2128 752 2182 Domino
807 2131 1212 2192 transsumptus
1264 2112 1365 2176 est.
1405 2119 1528 2174 Non
1555 2121 1691 2175 enin
1723 2119 1899 2175 Moses
1948 2122 2092 2175 vobis

519 2220 660 2273 dedit
690 2231 914 2286 panem;
944 2213 1033 2268 sed
1075 2212 1238 2266 Pater
1266 2227 1408 2264 meus
1448 2211 1540 2264 dat
1569 2227 1754 2280 panem
1785 2228 1982 2278 verum,
2009 2226 2096 2266 se-

522 2312 699 2380 ipsum
727 2309 912 2362 dicens
932 2346 947 2370 ,
976 2306 1065 2376 qui
1097 2305 1160 2359 de
1188 2304 1317 2357 coelo
1359 2302 1647 2367 descendit,
1685 2312 1735 2356 et
1776 2303 1866 2372 qui
1899 2303 2094 2357 mundo

520 2405 613 2457 dat
644 2403 804 2456 vitam
833 2400 878 2431 ⁶⁹
913 2440 926 2452 .
983 2395 1089 2450 Sed
1125 2399 1392 2466 ingenuus
1451 2395 1584 2464 legis
1617 2392 1852 2457 auditor,
1887 2395 2094 2450 nullum
2131 2408 2134 2412 ·

521 2496 656 2550 dicit
691 2493 770 2546 vel
795 2490 1166 2562 apostolorum
1199 2488 1280 2541 vel
1317 2487 1699 2556 prophetarum
1749 2485 1968 2540 Christo
1993 2486 2096 2539 im-

521 2589 773 2660 posuisse
831 2584 945 2638 haec
978 2581 1217 2635 nomina.
1268 2578 1407 2644 Quid
1445 2578 1609 2647 igitur
1653 2576 1797 2646 quod
1838 2576 2096 2646 deinceps

524 2673 807 2747 sequitur?
827 2673 887 2726 Et
911 2673 954 2726 si
980 2673 1094 2741 ipse
1118 2670 1356 2739 seipsum
1388 2666 1646 2721 Dominus
1674 2667 1758 2720 his
1783 2666 2096 2721 nominibus

524 2763 1199 2838 vocavit,quandoquidem
1223 2761 1290 2815 de
1313 2759 1627 2814 nominibus
1650 2759 1959 2813 Servatoris
1987 2773 2096 2812 non

523 2871 608 2916 est
640 2857 788 2913 aliud
847 2855 1064 2924 quidem
1121 2851 1377 2922 primum,
1412 2850 1556 2904 aliud
1600 2863 1727 2903 vero
1755 2849 2092 2915 secundum;

527 2964 702 3020 neque
733 2945 991 3002 subtilius
1021 2941 1168 2995 aliud
1197 2941 1326 3003 alio,
1377 2955 1551 3010 neque
1595 2939 1940 3009 exquisitius,
2001 2940 2096 2996 sed

526 3035 690 3095 simul
715 3033 896 3091 omnia
962 3040 1016 3087 et
1047 3046 1170 3085 cum
1217 3029 1409 3099 aequali
1444 3029 1747 3084 subtilitate
1774 3030 2094 3100 cognoscit:
2123 3062 2167 3120 ο

526 3130 719 3185 horum
747 3125 1024 3180 nominum
1056 3121 1188 3176 nulli
1212 3121 1612 3176 accommodari
1652 3129 1848 3189 potest,
1883 3137 2004 3191 qua:
2031 3121 2099 3178 de

527 3217 985 3275 commentatione
1013 3213 1224 3269 reddita
1243 3221 1328 3268 est
1355 3213 1422 3268 ab
1457 3213 1576 3283 ipso
1595 3212 1857 3268 deﬁnitio.

601 3505 798 3559 Multas
828 3519 892 3558 ex
929 3503 1047 3572 ejus
1089 3513 1340 3558 sermone
1369 3511 1546 3569 nugas
1579 3497 1838 3565 exhausi;
1888 3498 1983 3554 sed
2025 3498 2099 3554 le-

531 3605 714 3652 ctores
743 3609 935 3665 precor
969 3593 1178 3649 veniam
1209 3592 1360 3654 dare,
1396 3591 1442 3646 si
1477 3605 1652 3660 neque
1677 3605 1740 3644 ea
1770 3606 1889 3659 quae
1915 3601 2100 3661 aperte

531 3704 671 3743 vana
725 3695 854 3743 sunt
895 3685 1230 3755 inexplorata
1279 3683 1641 3754 praeterimus,
1682 3697 1792 3737 non
1843 3691 1901 3738 ut
1939 3683 2101 3739 dede-

529 3792 658 3833 core
689 3777 853 3845 hujus
893 3775 1180 3843 scriptoris
1211 3782 1266 3827 et
1297 3771 1637 3843 impudentia
1670 3772 1907 3828 nitentes
1947 3773 2101 3828 eahi-

530 3868 866 3922 larescamus
922 3863 1086 3938 (quid
1136 3863 1280 3918 enim
1321 3863 1460 3917 lucri
1513 3861 1670 3917 nobis
1711 3861 1866 3918 all‘ert
1921 3863 2098 3933 palam

528 3957 858 4027 reprehensa
913 3953 1357 4008 adversariorum
1414 3951 1710 4022 amentia?)
1759 3951 1854 4007 sed
1911 3959 1967 4004 ut
2012 3952 2098 4006 via

529 4049 789 4120 procedat
841 4063 934 4118 per
977 4045 1160 4100 omnia
1202 4044 1441 4114 seipsam
1492 4042 1826 4098 confirmans
1872 4043 2095 4098 veritas.

531 4142 814 4208 Quoniam,
870 4139 1068 4208 inquit,
1124 4123 1224 4189 sibi
1268 4133 1368 4203 ipsi
1422 4134 1518 4188 has
1562 4133 1822 4188 Dominus
1863 4134 2100 4204 appella-

529 4236 695 4289 tiones
728 4231 988 4293 attribuit,
1029 4245 1189 4298 neque
1227 4226 1353 4298 quid
1393 4228 1627 4296 primunt
1656 4224 1973 4294 intelligens,
2011 4241 2101 4279 ne-

2204 1831 2457 1898 ’1ησοῦς,
2496 1831 2569 1885 ὃν
2595 1831 2676 1884 σὺ
2709 1829 2942 1895 διώκεις
2961 1847 2974 1861 ·
2999 1832 3096 1899 οὐχ
3129 1830 3309 1893 ἱκανὸς
3340 1831 3448 1901 ἄρα
3474 1830 3611 1899 πρὸς
3637 1845 3772 1898 μαρ-

2191 1921 2382 1992 τυρίαν
2423 1922 2539 1974 ἐστί
2563 1940 2576 1987 ;
2612 1923 2745 1993 Περὶ
2772 1922 2828 1975 δὲ
2855 1920 2948 1974 τοῦ
2980 1921 3144 1992 ἄρτου
3185 1921 3481 1988 ἀναγνώτω
3511 1920 3572 1971 τὸ
3592 1920 3765 1986 Εὐαγ-

2192 2013 2368 2081 γέλιον
2387 2030 2400 2044 ·
2431 2014 2512 2068 ὅτι
2541 2014 2572 2085 ἡ
2611 2014 2761 2084 παρά
2783 2012 2876 2066 τοῦ
2903 2013 3178 2075 Μωῦσέως
3201 2013 3397 2083 τροφὴ,
3419 2015 3454 2081 ἡ
3482 2011 3773 2082 οὐρανόθεν

2191 2105 2270 2175 τῷ
2315 2105 2530 2176 Ἰσραὴλ
2569 2105 2966 2176 χορηγουμένη,
2999 2107 3079 2168 είς
3109 2104 3199 2158 τὸν
3241 2104 3332 2157 τοῦ
3364 2105 3572 2175 Κυρίου
3605 2102 3774 2157 τύπον

2195 2195 2286 2248 ὑπ’
2311 2195 2475 2248 αὑτοῦ
2500 2195 2590 2248 τοῦ
2615 2196 2819 2264 Κυρίου
2848 2194 3204 2264 μετείληπται
3222 2210 3238 2226 ⁸
3271 2196 3353 2247 Οὺ
3374 2194 3484 2263 γὰρ
3513 2193 3774 2260 Μωῦσῆς

2195 2287 2454 2342 δέδωκεν
2482 2287 2628 2357 ἡμῖν
2677 2287 2785 2340 τὸν
2813 2287 3023 2355 ἄρτονο
3059 2288 3198 2342 ἀλλ’
3227 2292 3259 2341 ό
3305 2286 3508 2354 Πατήρ
3540 2305 3662 2356 μου
3686 2286 3773 2338 δίο

2197 2379 2348 2433 δωσι
2392 2379 2499 2432 τὸν
2527 2378 2706 2446 ἄρτον
2733 2377 2841 2431 τὸν
2884 2377 3392 2447 ἀληθινὸν-,ἐαυτὸν
3420 2376 3620 2444 λέγων,
3673 2375 3774 2428 τὸν

2195 2471 2264 2524 ἐκ
2293 2470 2400 2524 τοῦ
2444 2470 2701 2538 οὐρανοῦ
2734 2468 3088 2534 καταϐάντα,
3131 2469 3229 2523 καὶ
3255 2469 3408 2538 ζωὴν
3425 2468 3673 2521 διδόντα
3699 2467 3776 2531 τῷ

2196 2563 2419 2631 κόσμῳ.
2472 2561 2613 2615 Ἀλλ’
2649 2562 2677 2614 ὁ
2701 2562 2921 2631 γνήσιος
2945 2559 3218 2632 ἀκροατὴς
3245 2559 3341 2613 τοῦ
3362 2560 3529 2630 νόμου
3574 2559 3776 2630 μηδένα

2199 2653 2332 2723 φησὶ
2370 2653 2480 2707 τῶν
2513 2651 2805 2724 προφητῶν
2835 2652 2868 2722 ἢ
2903 2652 3010 2705 τῶν
3049 2652 3359 2705 ἀποστόλων
3393 2651 3566 2704 ταῦτα
3601 2653 3778 2703 ἐπιτε-

2199 2743 2437 2796 θεικέναι
2462 2741 2542 2812 τῷ
2569 2741 2790 2812 Χριστῷ
2817 2743 2886 2795 τὰ
2931 2741 3188 2812 ὀνόματα.
3222 2743 3286 2795 Τί
3315 2739 3409 2795 οὖν
3447 2743 3508 2796 τὸ
3545 2741 3776 2812 ὲφεξῆςς

2199 2836 2262 2888 Ei
2291 2834 2454 2898 αὐτὸς
2492 2833 2684 2888 ἑαυτὸν
2722 2833 2930 2898 τούτοις
2958 2834 3209 2904 ώνόμασε
3235 2833 3438 2905 Κύριος
3459 2852 3472 2866 ·
3498 2835 3690 2903 ἐπειδὴ
3717 2851 3778 2902 γε

2199 2926 2306 2980 τῶν
2330 2925 2424 2979 τοῦ
2447 2925 2699 2996 Σωτῆρος
2725 2923 3025 2996 ὀνομάτων,
3059 2926 3158 2978 ούκ
3183 2925 3299 2979 ἔστι
3326 2925 3387 2998 to
3414 2926 3514 2996 μὲν
3543 2927 3774 2996 πρῶτον,

2200 3014 2260 3069 τὸ
2291 3014 2346 3067 δὲ
2387 3014 2660 3084 δεύτερον,
2689 3012 2812 3066 οὔτε
2851 3013 3170 3084 λεπτότερον
3224 3013 3410 3084 ἕτερον
3448 3014 3545 3067 τοῦ
3590 3015 3776 3085 ἑτέρου

2201 3110 2294 3162 καὶ
2321 3107 2737 3179 ἀκριϐέστερον·
2769 3105 2904 3177 ὁμοῦ
2927 3107 2995 3159 τὰ
3019 3107 3216 3170 πάντα,
3245 3107 3340 3160 καί⁵
3369 3107 3507 3177 μετά
3533 3106 3638 3177 τῆς
3661 3107 3777 3178 ίσης

2200 3199 2488 3272 ἀκριϐείας
2518 3197 2896 3268 γινώσκοντος,
2938 3198 3060 3252 οὐδὲ
3102 3197 3306 3251 τούτων
3333 3199 3509 3252 οὐδενὶ
3557 3199 3776 3252 δυνατὸν

2203 3290 2540 3362 συναρμόσαι
2583 3291 2674 3345 τὸν
2723 3291 2851 3361 περὶ
2895 3291 2994 3361 τῆς
3045 3290 3284 3354 ἐπινοίας
3337 3290 3488 3362 αύτῷ
3542 3289 3775 3362 ρηθέντα

2200 3383 2376 3452 λόγον.
2753 3418 2755 3420 -
3707 3389 3710 3392 ’

2271 3496 2445 3550 Πολὺν
2502 3495 2813 3568 ὲπήντλησα
2865 3493 2942 3565 τῷ
2990 3494 3133 3565 λόγῳ
3185 3494 3274 3548 τὸν
3322 3492 3534 3548 ἐκεῖθεν
3588 3495 3770 3565 λῆρον·

2173 3577 2336 3644 ’ἀλλά
2388 3587 2755 3660 παραιτοῦμαι
2809 3588 2934 3651 τοὺς
2986 3586 3406 3657 ἐντυγχάνοντας
3450 3586 3773 3656 συγγνώμην

2200 3681 2362 3752 ἔχειν,
2398 3683 2446 3734 εί
2482 3680 2614 3752 μηδὲ
2655 3680 2723 3733 τὰ
2759 3679 2997 3752 πρόδηλα
3029 3678 3136 3733 τῶν
3166 3681 3406 3752 ματαίων
3437 3681 3772 3752 περιορῶμεν

2200 3772 2563 3843 ἀκατανόητα,
2595 3772 2693 3840 οὐχ
2721 3771 2797 3833 ὡς
2825 3771 3309 3842 ὲμφαιδρυνόμενοι
3334 3775 3397 3842 τῇ
3428 3772 3770 3844 ἀσχημοσύνῃ

2198 3863 2293 3916 τοῦ
2328 3862 2664 3932 λογογράφου
2698 3863 2770 3931 (τί
2810 3862 2917 3933 γὰρ
2953 3862 3106 3933 φέρει
3153 3863 3339 3932 κέρδος
3383 3867 3519 3934 ἡμῖν
3569 3866 3770 3935 ἔλεγχοι

2204 3953 2339 4025 μένη
2363 3953 2469 4006 τῶν
2495 3953 2750 4006 ἐναντίων
2779 3955 2810 4024 ἡ
2845 3953 2998 4007 ἄνοια
3019 3953 3082 4022 ;),
3121 3953 3236 4006 ἀλλ’
3261 3954 3336 4017 ὡς
3365 3955 3431 4008 ἄν
3469 3957 3578 4027 ὀδῷ
3608 3959 3769 4028 προῖοι

2205 4043 2508 4098 συνιστῶσα
2536 4045 2602 4098 δι’
2637 4044 2890 4098 ἁπάντων
2924 4044 3121 4115 ἑαυτὴν
3163 4047 3196 4116 ἡ
3233 4045 3478 4117 ἀλήθεια.
3529 4046 3769 4112 Ἐπειδὴ,

2202 4137 2388 4206 φησὶν,
2415 4133 2605 4201 ἐαυτῷ
2642 4137 2861 4202 ταύτας
2885 4136 3221 4205 προσέθηκε
3245 4137 3349 4204 τὰς
3383 4139 3772 4208 προσηγορίας

2202 4229 2235 4281 ό
2265 4228 2496 4296 Κύριος,
2532 4227 2670 4281 οὔτε
2698 4245 2751 4281 τι
2782 4227 3016 4296 πρῶτον
3041 4229 3286 4293 ἐννοῶν,
3313 4232 3451 4285 οὔτε
3483 4231 3769 4300 δεύτερον,

527 4341 626 4395 que
657 4324 964 4385 secundum,
998 4336 1158 4390 neque
1184 4319 1454 4381 subtilius,
1489 4334 1651 4388 neque
1678 4318 1953 4382 exactius;
1996 4333 2095 4372 non

2196 4319 2340 4372 οὔτε
2376 4321 2740 4388 λεπτότερον
2793 4320 2830 4388 ἢ
2879 4319 3316 4390 ἀκριϐέστερον,
3345 4324 3457 4376 οὐκ
3513 4324 3681 4377 ἔστιν
3710 4321 3773 4384 ἐξ

531 4415 653 4468 licet
699 4414 807 4467 lucc
862 4412 1076 4465 nomina
1117 4425 1232 4463 esse
1283 4426 1316 4461 a
1360 4408 1797 4461 commentatione
1845 4423 2095 4462 asserere.

2203 4409 2470 4474 ἐπινοίας
2529 4407 2681 4464 εἶναι
2735 4410 2920 4466 ταῦτα
2971 4411 3161 4466 εἰπεῖν
3209 4413 3282 4468 τὰ
3333 4415 3612 4483 ὀνόματα.
3661 4413 3775 4475 Πῶς

533 4505 814 4572 Quomodo
864 4503 1114 4558 meminit
1161 4500 1247 4557 sui
1301 4500 1488 4569 scopi?
1539 4499 1812 4570 quomodo
1858 4500 2098 4557 rationes

533 4595 734 4665 quibus
767 4593 963 4649 bellum
996 4591 1251 4656 instituit,
1281 4586 1692 4642 novit‘lllorum
1723 4587 1956 4658 alicujus
1979 4603 2100 4658 quze

535 4687 592 4740 in
650 4669 1100 4740 consuetudinem
1163 4681 1400 4746 cadunt,
1475 4677 1542 4732 ad
1595 4679 2098 4749 interpretationem

532 4775 631 4846 τῆς
652 4774 889 4836 ἐπινοίας
920 4773 1175 4843 magister
1204 4777 1390 4824 noster
1419 4768 1748 4821 mentionem
1787 4766 2011 4834 fecerat,
2044 4778 2100 4823 et

535 4867 590 4920 in
625 4864 885 4932 exemplis
927 4861 1320 4932 posterioribus
1372 4865 1608 4913 mentem
1654 4859 1933 4928 explicans
1959 4901 1972 4925 ,
2018 4860 2099 4915 sic

536 4955 808 5012 sermonis
835 4952 1350 5020 contemplationem
1394 4949 1460 5004 ad
1505 4949 1788 5019 superiora
1830 4951 2098 5019 provehit.

536 5046 683 5100 Dixit
716 5043 858 5099 enim
888 5043 1031 5112 quod
1069 5043 1172 5096 hoc
1206 5053 1404 5095 nomen
1441 5041 1582 5102 σῖτος
1616 5055 1712 5110 per
1738 5055 1798 5096 se
1827 5056 1930 5095 una
1961 5058 2102 5112 qua:-

534 5138 658 5190 dam
694 5151 783 5193 res
817 5134 1113 5189 secundum
1145 5131 1561 5188 subsistentiam
1597 5139 1844 5201 apparet,
1892 5133 1988 5186 sed
2033 5134 2127 5190 ad

532 5229 714 5282 varias
765 5225 1146 5297 preprletates,
1199 5238 1318 5293 quae
1374 5223 1428 5277 in
1480 5222 1601 5292 ipso
1654 5222 2099 5290 considerantur,

534 5319 787 5373 immutat
805 5317 1220 5389 appellationes,
1243 5315 1373 5370 dum
1397 5313 1457 5367 ﬁt
1479 5323 1532 5368 et
1559 5329 1766 5379 semen,
1791 5322 1845 5370 et
1870 5315 2100 5382 fruetus,

529 5417 585 5462 et
619 5411 794 5473 cibus,
842 5418 896 5464 et
941 5421 1277 5479 quaecunque
1330 5405 1411 5471 ﬁt,
1466 5405 1690 5461 totidem
1735 5407 2098 5465 nominatur:

2211 4500 2604 4570 μέμνηταιτοῦ
2652 4502 2781 4555 ίδίου
2826 4503 3061 4569 σκοποῦ;
3101 4505 3226 4568 Πῶς
3274 4501 3381 4559 οἶδε
3429 4506 3555 4569 τοὺς
3600 4506 3773 4572 λόγους

2208 4593 2328 4647 καθ’
2377 4587 2451 4646 ὧν
2493 4591 2584 4644 τὸν
2630 4593 2862 4664 πόλεμον
2921 4595 3281 4666 ὲνεστήσατο;
3323 4596 3596 4667 Ἐμνήσθη
3644 4595 3773 4658 τινὸς

2207 4681 2317 4735 τῶν
2362 4681 2721 4752 ἐντρεχόντων
2765 4685 2831 4753 τῇ
2881 4683 3137 4755 συνηθείᾳ
3183 4684 3319 4756 πρὸς
3355 4684 3454 4756 τὴν
3494 4686 3775 4757 ἑρμηνείαν

2208 4775 2306 4845 τῆς
2332 4773 2568 4838 ἐπινοίας
2608 4775 2636 4826 ό
2669 4773 2986 4845 καθηγητὴς
3027 4774 3056 4827 ό
3101 4775 3386 4846 ἡμέτερος,
3437 4776 3532 4831 καὶ
3580 4777 3633 4829 ἐν
3673 4777 3772 4834 τοῖς

2211 4866 2538 4935 κατωτέροις
2572 4864 2682 4918 τῶν
2720 4865 3127 4936 ὑποδειγμάτων
3155 4868 3244 4922 τὸν
3275 4868 3397 4920 νοῦν
3427 4868 3769 4938 διασαφήσας,

2210 4955 2379 5018 οὕτως
2413 4952 2734 5025 προϐιὸάζει
2774 4955 2886 5015 τοῖς
2929 4953 3042 5007 ἄνω
3068 4953 3163 5024 τὴν
3193 4954 3424 5025 θεωρίαν
3466 4953 3562 5006 τοῦ
3606 4953 3766 5020 λόγου.

2211 5042 2348 5099 Εῐπε
2373 5044 2482 5116 γὰρ
2510 5044 2592 5097 ὅτι
2619 5043 2740 5097 καθ’
2765 5043 2954 5098 ἑαυτὸν
2979 5045 3008 5097 ό
3039 5047 3183 5108 σῖτος
3214 5046 3272 5097 ἓν
3305 5063 3356 5098 τι
3387 5047 3613 5117 πρᾶγμα
3648 5042 3770 5096 κατὰ

2211 5137 2310 5208 τὴν
2334 5137 2629 5189 ὑπόστασιν
2658 5133 2936 5202 φαίνεται·
2967 5133 3104 5204 πρὸς
3141 5135 3195 5187 δὲ
3241 5135 3340 5198 τὰς
3385 5127 3767 5208 ὲτέιθεωρουμέν-

2212 5245 2308 5291 νας
2335 5226 2482 5297 αύτῷ
2507 5225 2754 5288 ποικίλας
2778 5225 3059 5295 ἰδιότητας,
3082 5224 3398 5291 ἐξαλλάσσει
3426 5229 3524 5292 τὰς
3551 5228 3764 5298 κλήσεις,

2214 5321 2307 5373 καὶ
2346 5319 2542 5387 σπόρος
2576 5316 2874 5386 γινόμενος,
2915 5315 3006 5368 καὶ
3057 5316 3284 5387 καρπὸς,
3328 5319 3422 5371 καὶ
3470 5319 3651 5390 τροφὴ,
3683 5313 3764 5366 καὶ

2208 5413 2308 5466 ὅσα
2354 5411 2583 5479 γίνεται,
2636 5406 2870 5462 τοσαῦτα
2920 5407 3335 5479 ὀνομαζόμενος.
3394 5405 3766 5481 Παραπλησέως

607 5583 997 5664 “_l:sal._}i_tit,
1161 5586 1206 5616 "
1246 5585 1666 5664 Ps:tl_Lxsix,9_.
1745 5587 1791 5618 “
1833 5583 1978 5664 Psal.
2013 5605 2095 5642 ~\'X‘

2214 5589 2296 5642 10.
2452 5587 2780 5664 Psal_cxvit,
2805 5589 3142 5664 ‘22_;_Matth.
3179 5610 3293 5661 xxx,
3328 5593 3416 5649 42.
3496 5594 3537 5625 ⁸³
3567 5587 3736 5644 Matth.

540 5653 747 5736 nullo.
826 5653 1425 5718 “Exod.xxxnt,‘25.
1506 5660 1547 5690 “7
1623 5657 1780 5713 Joan.
1836 5671 1872 5719 i,
1905 5656 1958 5711 9.
2037 5659 2084 5692 ⁵⁸

2196 5668 2232 5714 t.
2270 5675 2343 5724 l.\',
2377 5658 2430 5714 5.
2507 5659 2552 5690 ⁶⁹
2584 5657 2742 5713 Joan.
2772 5676 2843 5726 vi,
2876 5661 2942 5715 δὲ
2975 5676 3097 5730 sqq.
