4010 6212
235 299 376 354 1029

1325 293 1604 351 CONTRA
1635 289 2020 358 EL'NOMIUM,
2053 292 2178 348 LIB.
2213 291 2318 347 XII.

3353 301 3514 356 ιοπου

228 417 307 480 δέ,
327 417 483 486 φησὶ,
520 415 611 468 καὶ
639 416 664 468 6
693 415 914 486 Κύριος·
944 414 1056 468 ἔστι
1091 416 1186 486 μὲν
1215 415 1334 468 καθ’
1357 413 1543 468 ἑαυτὸν
1568 414 1596 464 ὅ
1617 412 1666 463 τί
1692 425 1816 462 ποτε

1920 411 2192 476 similiter,
2251 413 2442 482 inquit,
2486 412 2648 466 etiam
2701 413 3005 483 Dominus;
3060 421 3146 472 est
3196 419 3340 473 enim
3399 438 3488 476 sc-

231 509 378 561 κατέι
400 510 496 578 τὴν
518 507 676 576 φύσιν
702 508 844 560 ἐστί’
872 509 990 570 ταῖς
1011 507 1065 559 δέ
1093 507 1196 559 τῶν
1221 504 1508 577 ἐνεργειῶν
1535 505 1818 574 διαφοραῖς

232 598 747 668 συνονομαζόμενος,
777 598 837 650 οὐ
884 598 1011 667 μίαν
1056 597 1150 649 ἐπὶ
1199 597 1414 650 πάντων
1465 597 1603 665 ἴσχει
1653 611 1817 664 προσ-

228 690 461 760 ηγορίαν
482 707 493 717 ·
528 689 662 740 ἀλλὰ
691 689 810 741 καθ’
835 688 1069 759 ἑκάστην
1099 688 1301 741 ἔννοιαν
1326 688 1422 759 τὴν
1453 687 1514 751 ἐξ
1538 685 1815 756 ἐνεργείας

229 781 588 851 ἐγγινομένην
639 783 772 851 ἡμῖν
823 781 1223 850 μεταλαμϐάνει
1269 779 1328 832 τὸ
1379 778 1567 848 ὄνομα.
1613 778 1678 831 Τί
1723 773 1814 831 οὖν

230 875 258 924 6
289 872 442 940 λόγος
473 871 628 941 ἡμῶν
672 871 759 924 διὰ
806 872 913 924 τῶν
961 873 1263 943 εἰρημένων
1293 871 1601 941 ἐλέγχεταις
1651 872 1708 924 ’0
1740 872 1815 923 εί-

229 963 346 1015 πὼν
372 962 596 1015 δυνατὸν
627 955 763 1014 εἶναι
787 963 984 1026 πολλὰς
1013 965 1414 1034 ἐφαρμό-ζεσθαι
1449 963 1814 1035 προσηγορίας

227 1052 369 1106 κατὰ
403 1055 501 1116 τὰς
527 1053 635 1106 τῶν
664 1055 951 1122 ἐνεργειῶν
993 1055 1275 1126 διαφορὰς,
1311 1057 1402 1109 καὶ
1447 1056 1544 1126 τὴν
1577 1057 1711 1127 πρὸς
1747 1055 1814 1108 τὰ

227 1145 594 1216 ἐνεργούμενα
640 1145 841 1215 σχέσιν,
889 1147 968 1198 ἐνὶ
1021 1147 1158 1199 κατὰ
1205 1148 1263 1200 τὸ
1310 1148 1664 1217 ὑποκείμενον
1701 1147 1814 1200 ὄντι

225 1236 303 1305 τῷ
333 1235 450 1304 Υἱῷ
475 1234 567 1287 τοῦ
601 1235 734 1288 Θεοῦ
755 1251 768 1264 '
797 1236 871 1298 ὡς
898 1237 990 1289 καὶ
1022 1240 1048 1290 6
1077 1240 1217 1300 σῖτος
1258 1234 1335 1302 εἷς
1361 1237 1435 1291 ῶν
1471 1241 1532 1290 ἐκ
1565 1237 1672 1290 τῶν
1704 1255 1815 1290 ποι-

229 1326 394 1378 κίλων
445 1326 572 1394 περὶ
618 1326 781 1378 αὑτοῦ
824 1328 1130 1398 νοημάτων,
1169 1329 1444 1400 διαφόροις
1482 1329 1812 1398 ἐπωνυμίαις

231 1417 628 1487 ἐπιμερίζεται.
674 1417 798 1481 Πῶς
849 1415 941 1471 οὖν
992 1421 1283 1490 ἀνατρέπει
1336 1421 1404 1474 τὰ
1459 1421 1743 1491 εἰρημένα,
1787 1409 1862 1474 ὁ¹

229 1507 401 1574 λέγων
439 1510 565 1577 περὶ
616 1509 808 1562 ἑαυτοῦ
853 1509 1025 1563 ταῦτα
1069 1512 1159 1564 τὸν
1191 1511 1424 1581 Χριστὸν
1469 1512 1538 1564 τὰ
1578 1512 1815 1582 ὀνόματα

229 1599 435 1666 λέγειν;
463 1601 536 1652 Ού
569 1601 676 1670 γάρ
711 1601 858 1663 ὅστις
895 1603 922 1654 6
957 1604 1348 1673 κατονομάσας,
1394 1603 1455 1656 τὸ
1488 1603 1815 1672 ζητούμενον

229 1685 316 1758 ἦν,
344 1689 480 1742 ἀλλά
517 1691 645 1760 περὶ
689 1691 787 1756 τῆς
833 1691 939 1744 τῶν
981 1694 1258 1763 ὀνομάτων
1293 1694 1494 1756 ἐννοίας
1533 1696 1566 1763 ἡ
1616 1694 1814 1764 θεωρία

231 1781 516 1852 προέκειτο
535 1801 548 1812 ·
577 1783 803 1850 πότερον
837 1785 996 1852 φύσιν
1028 1786 1376 1845 ἐνδείκνυται.
1402 1787 1434 1857 ἦ
1462 1787 1813 1858 ἐπινοητικῶς

231 1873 294 1926 ἐκ
327 1873 437 1926 τῶν
487 1875 775 1944 ἐνεργειῶν
813 1877 1153 1946 ὀνομάζεται.
1200 1878 1337 1930 Ἀλλ’
1371 1881 1399 1932 ὁ
1428 1879 1623 1950 δριμὺς
1665 1875 1815 1944 οὗτος

231 1965 328 2017 καὶ
369 1963 690 2036 ἀμφιλαφὴς
738 1967 836 2037 τὴν
890 1967 1147 2032 διάνοιαν,
1179 1969 1499 2040 ἀνατρέπων
1541 1969 1633 2022 τὸν
1679 1971 1814 2024 ἀπο-

228 2055 455 2109 δοθέντα
485 2058 610 2126 περ).
640 2056 738 2126 τῆς
769 2058 1008 2121 ἐπινοίας
1045 2058 1222 2128 λόγον,
1255 2060 1346 2113 τὸν
1393 2061 1631 2125 εἰπόντα,
1661 2060 1818 2116 δυνα-

228 2147 319 2200 τὸν
353 2143 488 2201 εἶναι
518 2148 598 2201 ἐνί
630 2149 706 2220 τῷ
734 2150 1074 2222 ὑποκειμένῳ
1122 2151 1320 2216 πολλὰς
1367 2153 1603 2225 ἐξευρεῖν
1650 2171 1819 2226 προσ·

229 2241 478 2312 ηγορίας,
531 2243 670 2295 κατὰ
712 2243 810 2306 τὰς
857 2245 964 2296 τῶν
1001 2245 1288 2315 ἐνεργειῶν
1341 2246 1632 2316 σημασίας,
1672 2247 1818 2317 ἰσχυ-

233 2330 345 2400 ρῶς
387 2331 646 2401 κέχρηται
690 2332 811 2385 καθ’
840 2333 996 2403 ἡμῶν
1045 2337 1110 2405 τῇ
1162 2335 1333 2408 μάχῃ,
1379 2335 1550 2404 λέγων
1583 2337 1655 2408 μὴ
1687 2336 1816 2408 παρ’

231 2422 424 2492 ἐτέρου
460 2423 600 2486 τινὸς
635 2423 907 2477 τεθεῖσθαι
934 2424 1012 2494 τῷ
1045 2425 1235 2496 Κυρίῳ
1273 2425 1370 2488 τὰς
1416 2427 1666 2490 τοιαύτας
1701 2444 1816 2495 φω-

232 2515 350 2577 νάς.
385 2515 450 2566 Τί
489 2509 580 2568 οὖν
610 2516 783 2570 ταῦτα
818 2517 954 2588 πρὸς
995 2518 1093 2586 τὴν
1141 2518 1504 2589 προκειμένην
1551 2518 1814 2590 σπουδήν;

233 2607 323 2678 ῗςίὴ
369 2607 555 2678 ἐπειδὴ
609 2607 756 2678 παρὰ
805 2608 900 2661 τοῦ
946 2610 1150 2680 Κυρίου
1189 2609 1260 2662 τὰ
1299 2610 1533 2680 ὀνόματα
1579 2611 1814 2679 λέγεται,

233 2698 353 2751 οὐδὲ
387 2699 627 2769 ὀνόματα
658 2699 816 2753 δώσει
844 2700 1016 2756 ταῦτα
1064 2700 1223 2764 εἶναι,
1261 2701 1381 2756 οὔτε
1424 2705 1815 2774 προσηγορίας,

233 2790 353 2844 οὐδὲ
383 2793 566 2860 φωνὰς
611 2794 895 2863 νοημάτων
946 2795 1318 2864 σημαντικάς;
1353 2795 1412 2847 Et
1461 2796 1558 2866 μὲν
1602 2795 1709 2868 γὰρ
1755 2776 1816 2848 οἶ.)

233 2881 446 2952 δέχεται
476 2883 535 2935 τὸ
561 2879 698 2936 εἶναι
727 2883 897 2937 ταῦτα
917 2884 1174 2954 ὀνόματα,
1205 2887 1270 2956 τῇ
1310 2885 1416 2939 τῶν
1442 2884 1816 2956 προσηγοριῶν

235 2973 515 3044 ἀναιρέσει
538 2974 685 3046 καὶὴ
714 2976 924 3029 ἐπίνοια
958 2975 1338 3048 συνανῄρηται.
1372 2976 1433 3030 El
1463 2976 1517 3029 δέ
1541 2977 1639 3030 οὐκ
1670 2977 1817 3030 ἀντι-

1919 505 2156 558 cundum
2207 506 2445 575 seipsum
2496 506 2860 577 quodcunque
2891 508 3108 562 tandem
3151 520 3237 565 est
3291 526 3492 566 secun-

1918 595 2046 651 dum
2094 606 2379 661 naturam;
2413 601 2791 668 operationum
2824 616 2957 655 vero
3008 601 3333 658 differentiis
3361 620 3486 658 eum

1919 690 2253 752 nominatur,
2292 705 2403 744 non
2437 706 2598 743 unam
2647 691 2699 744 in
2727 691 2982 746 omnibus
3010 694 3224 752 retinet.
3245 695 3486 764 appella-

1919 779 2140 837 tionem.
2195 779 2286 833 sed
2321 781 2621 835 secundum
2671 797 2942 851 quamque
2978 785 3226 837 notitiam
3257 801 3377 853 qua:
3421 802 3486 839 ex

1917 870 2238 940 operatione
2277 871 2437 926 nobis
2470 871 2840 941 ingeneratur,
2893 889 3089 927 nomen
3127 875 3377 928 assumit.
3427 874 3485 928 lu

1915 975 2025 1030 quo
2059 960 2227 1032 igitur
2277 962 2415 1016 ratio
2451 973 2634 1018 nostra
2669 980 2764 1033 per
2815 979 2878 1020 ea
2936 981 3055 1034 qute
3084 966 3152 1019 ab
3194 967 3312 1035 ipso
3340 968 3485 1020 dirta

1915 1056 2063 1110 sunt,
2117 1049 2633 1120 redarguitur?.Qui
2671 1052 2809 1106 dixit
2856 1052 2968 1107 fieri
3014 1064 3264 1122 possent
3306 1057 3488 1110 multm

1915 1141 2309 1209 appellationes
2359 1145 2657 1198 secundum
2704 1145 3083 1214 operationum
3125 1145 3484 1212 differentias,

1916 1241 1968 1286 et
2004 1234 2322 1288 relationem
2357 1235 2421 1288 ad
2451 1249 2511 1288 ea
2543 1251 2662 1304 qua:
2704 1252 2769 1289 ex
2805 1224 3120 1305 operatione
3157 1237 3310 1303 fiunt,
3347 1252 3486 1291 con-

1916 1334 2116 1394 gruant
2153 1327 2242 1380 uni
2275 1328 2574 1382 secundum
2606 1328 2913 1397 subjectum
2947 1330 3229 1385 exsislenti
3278 1329 3368 1384 Dei
3399 1329 3486 1384 Fi-

1917 1417 2010 1477 lio,
2063 1420 2205 1472 sicut
2259 1435 2455 1474 nomen
2491 1423 2634 1483 σῖτος
2679 1435 2802 1473 eum
2853 1421 2924 1474 sit
2971 1437 3159 1486 unum,
3218 1438 3282 1476 ex
3321 1423 3486 1476 variis

1916 1509 2232 1563 nationibus
2294 1526 2414 1579 qua:
2462 1510 2529 1563 de
2589 1511 2706 1579 ipso
2759 1511 3101 1574 formantur,
3167 1513 3219 1565 in
3271 1513 3486 1568 dim-rsa

1917 1584 2136 1653 nomina
2176 1600 2458 1655 dividitur.
2496 1601 2782 1666 Quomodo
2831 1603 3000 1672 igitur
3030 1619 3150 1672 quze
3180 1603 3324 1658 dicta
3359 1615 3488 1659 sunt

1917 1692 2129 1754 evertit,
2169 1693 2263 1762 qui
2308 1694 2382 1746 ait
2429 1693 2495 1748 de
2539 1695 2720 1763 seipso
2773 1694 2886 1748 haec
2933 1694 3209 1750 Christum
3265 1697 3486 1750 nomina

1916 1781 2138 1836 dicere?
2164 1780 2283 1836 Non
2308 1784 2450 1837 enim
2480 1785 2604 1854 quis
2633 1786 2724 1839 ille
2755 1785 2951 1854 estqui
2983 1786 3304 1849 nominavit,
3333 1803 3484 1857 qum-

1915 1872 2156 1939 rebatur,
2189 1875 2284 1928 sed
2317 1875 2383 1929 de
2414 1876 2606 1928 notitia
2651 1876 2932 1929 nominum
2964 1876 3333 1932 consideratio
3360 1893 3486 1947 pro-

1916 1967 2218 2034 ponebatur
2261 1983 2272 2018 :
2315 1975 2490 2018 utrum
2549 1975 2740 2019 natura
2789 1965 3228 2031 demonstratur,
3265 1982 3333 2020 an
3390 1982 3486 2036 per

1916 2055 2436 2110 commentationem
2472 2070 2536 2109 ex
2568 2056 2979 2126 operationibus
3009 2057 3343 2111 nominatur.
3375 2056 3482 2111 Sed

1917 2149 2006 2203 hic
2048 2163 2174 2204 acer
2223 2157 2276 2203 et
2321 2164 2552 2220 magnus
2601 2157 2654 2204 et
2701 2150 2874 2204 solers
2921 2148 2988 2203 ad
3041 2149 3480 2218 excogitandum,

1916 2245 2168 2294 evertens
2223 2238 2557 2309 assignatam
2612 2239 2854 2302 ἐπινοίας
2918 2239 3310 2303 definitionem,
3363 2257 3484 2310 quae

1917 2330 2075 2393 dixit,
2114 2329 2376 2400 possibile
2418 2345 2542 2386 esse
2577 2332 2670 2385 uni
2710 2332 2962 2401 subjecto
3007 2333 3208 2388 multas
3250 2334 3484 2387 comini-

1918 2423 2055 2476 nisci
2106 2423 2516 2493 appellationes,
2551 2424 2852 2477 secundum
2894 2425 3272 2493 Operationum
3315 2424 3485 2494 signi-

1919 2514 2223 2578 ﬁcationes,
2271 2523 2462 2569 contra
2499 2529 2599 2570 nos
2626 2529 2805 2584 pugna
2853 2516 3066 2569 fortiter
3096 2530 3228 2570 usus
3259 2524 3366 2576 est,
3398 2516 3483 2568 di-

1919 2619 2050 2658 cens
2106 2619 2214 2657 non
2275 2603 2346 2658 ab
2401 2603 2586 2672 aliquo
2641 2603 2840 2658 inditas
2877 2619 3000 2658 esse
3053 2601 3284 2657 Domino
3349 2604 3484 2656 tales

1919 2709 2102 2750 voces.
2137 2695 2275 2760 Quid
2315 2695 2481 2764 igitur
2528 2693 2594 2748 ad
2647 2695 2984 2764 propositum
3026 2693 3305 2749 studium?
3332 2694 3483 2760 Quo-

1920 2785 2064 2838 niam
2099 2800 2127 2838 a
2163 2784 2392 2839 Domino
2430 2785 2542 2838 lucc
2574 2787 2794 2838 nomina
2845 2801 2956 2839 non
2989 2785 3264 2848 dicuntur,
3308 2801 3484 2854 neque

1920 2875 2141 2928 nomina
2185 2875 2334 2928 dabit
2371 2874 2485 2928 haec
2535 2890 2677 2935 esse,
2712 2889 2888 2944 neque
2935 2875 3347 2944 appellationes,
3385 2892 3483 2929 ne-

1918 2978 2026 3033 qne
2073 2979 2235 3019 voces
2293 2965 2575 3018 notionum
2615 2965 3026 3036 significatiras.
3074 2965 3129 3018 Si
3182 2965 3325 3019 enim
3374 2981 3483 3018 non

234 3066 384 3133 λέγει
421 3066 482 3119 τδ
511 3066 611 3130 τὰς
637 3067 818 3135 φωνὰς
844 3067 1044 3131 ταύτας
1072 3068 1308 3138 ὀνόματα
1335 3067 1488 3133 εἶναι,
1517 3069 1566 3122 τί
1592 3069 1814 3138 βλάπτει

1920 3056 2157 3110 admittit
2190 3071 2311 3111 esse
2360 3055 2473 3110 haec
2523 3057 2782 3120 nomina,
2815 3055 3240 3125 appellationum
3297 3055 3482 3110 subla-

233 3155 328 3209 τὸν
358 3157 478 3210 κατ’
506 3157 748 3210 ἐπίνοιαν
775 3158 951 3226 λόγον,
982 3159 1068 3212 διὰ
1107 3160 1198 3212 τοῦ
1229 3159 1394 3224 δεῖξαι
1429 3161 1501 3231 μὴ
1545 3165 1673 3233 παρ’
1710 3164 1816 3216 ἐτέ-

237 3262 334 3316 ρου
359 3245 521 3309 τινος,
550 3246 682 3298 ἀλλὰ
714 3247 841 3316 παρ’
867 3246 1029 3299 αὐτοῦ
1063 3247 1153 3300 τοῦ
1196 3248 1398 3318 Κυρίου
1429 3249 1526 3312 τὰς
1566 3249 1816 3314 τοιαύτας

233 3336 509 3388 τεθεῖσθαι
548 3335 804 3407 κλήσεις;
844 3338 917 3390 Τὸ
948 3338 1056 3408 γὰρ
1089 3337 1376 3408 λεγόμενον
1405 3336 1490 3411 ἦν,
1520 3341 1600 3393 ὅτι
1635 3358 1810 3412 παρα-

235 3426 482 3498 πλησίως
529 3427 605 3497 τῷ
647 3429 787 3482 κατὰ
830 3429 920 3482 τὸν
969 3433 1112 3483 σῖτον
1158 3431 1530 3501 ὑποδείγματι.
1572 3431 1629 3485 ἓν
1678 3432 1817 3486 κατὰ

238 3515 300 3569 τὸ
328 3516 685 3587 ὑποκείμενον
713 3519 741 3570 6
780 3518 978 3590 Κύριος
1026 3520 1120 3580 ὢν,
1168 3520 1453 3593 πρόσφορα
1503 3524 1620 3585 ταῖς
1671 3523 1817 3592 ἐνερ-

237 3609 414 3677 γείαις
451 3611 562 3681 ἔχει
593 3613 686 3664 καὶ
724 3613 790 3664 τὰ
817 3612 1074 3682 ὀνόματα.
1115 3612 1219 3665 Τοῦ
1266 3612 1322 3664 δέ
1361 3613 1505 3666 σίτου
1543 3613 1682 3667 κατα
1719 3615 1816 3685 τὴν

234 3701 348 3754 τῶν
378 3703 507 3773 περὶ
536 3703 694 3756 αὑτὸν
722 3702 1102 3774 θεωρουμένων
1131 3704 1368 3783 ἐπίνοιαν
1397 3704 1494 3767 τὰς
1523 3705 1816 3775 ὀνομασίας

241 3793 384 3863 ἔχειν
414 3792 859 3864 ὁμολογουμένου,
907 3795 1438 3864 συγκατεσκευάζετο
1489 3795 1583 3848 καὶ
1633 3796 1692 3848 τὸ
1740 3797 1814 3867 μὴ

239 3883 455 3952 φύσεως
478 3879 613 3938 εἶναι
641 3885 842 3950 ταύτας
879 3887 970 3939 ἐπὶ
994 3886 1086 3940 τοῦ
1126 3888 1328 3958 Κυρίου
1357 3886 1689 3959 σημαντικὰς
1718 3887 1816 3952 τὰς

240 3973 446 4040 φωνὰς,
476 3974 609 4028 ἀλλὰ
632 3976 710 4046 τῷ
737 3976 878 4047 λόγῳ
904 3976 1004 4046 τῆς
1037 3977 1277 4040 ἐπινοίας
1314 3978 1371 4029 ἐν
1408 3978 1520 4040 τοῖς
1559 3977 1685 4048 περὶ
1715 3978 1814 4030 αὐ-

233 4065 331 4117 τὸν
379 4067 684 4137 νοουμένοις
727 4068 1090 4124 συνίστασθαι.
1143 4071 1199 4122 '0
1250 4068 1307 4121 δέ
1365 4069 1656 4137 ἀντιλέγων
1714 4069 1816 4122 ὑπὸ

242 4156 444 4226 πολλῆς
487 4159 777 4230 προσοχῆς,
811 4160 870 4212 ού
902 4161 1035 4230 πρὸς
1077 4160 1146 4213 τά
1188 4159 1408 4214 τεθέντα
1451 4163 1680 4214 ποιεῖται
1719 4161 1815 4232 τὴν

245 4247 442 4318 μάχην.
502 4249 660 4302 Ἀλλά
697 4267 860 4321 φησιν
901 4250 1060 4306 αὑτὸν
1104 4251 1193 4319 ὑφ’
1243 4249 1433 4305 ἐαυτοῦ
1459 4239 1640 4305 ’ταῦτα
1687 4269 1815 4305 κατ-

239 4338 619 4409 ονομάζεσθαι,
653 4341 834 4410 ὅμοιον
869 4340 1056 4412 ῶσπερ
1096 4340 1161 4393 ἂν
1193 4339 1247 4392 ετ
1276 4356 1359 4404 τις
1407 4338 1500 4392 τοῦ
1546 4339 1683 4392 κατὰ
1723 4339 1814 4393 τὸν

1919 3149 2069 3204 tione
2113 3149 2276 3202 etiam
2306 3149 2338 3218 ἡ
2373 3148 2582 3200 ἐπίνοια
2619 3147 2778 3201 simul
2834 3147 3047 3201 sublata
3097 3157 3200 3202 est.
3243 3145 3396 3212 Quod
3437 3148 3484 3201 si

1919 3257 2026 3294 non
2086 3240 2416 3296 contradicit
2459 3254 2622 3294 voces
2675 3239 2777 3296 has
2824 3240 3043 3293 nomina
3090 3255 3234 3301 esse,
3277 3240 3330 3294 in
3376 3255 3486 3309 quo

1921 3333 2065 3385 ltedit
2117 3331 2168 3385 id
2205 3332 2349 3400 quod
2404 3331 2470 3385 de
2521 3333 2984 3386 commentatione
3031 3332 3254 3394 dicitur,
3302 3347 3368 3386 ex
3421 3347 3486 3385 eo

1917 3420 2065 3490 quod
2109 3421 2450 3476 demonstrat
2489 3437 2596 3476 non
2629 3422 2697 3476 ab
2730 3423 2838 3477 alio
2867 3424 3074 3492 aliquo,
3125 3423 3218 3479 sed
3256 3425 3324 3477 ab
3365 3425 3487 3494 ipso

1919 3511 2149 3567 ltnmino
2180 3513 2317 3568 tales
2349 3513 2635 3584 impositas
2663 3529 2785 3570 esse
2808 3515 3484 3582 nomenclationes?Quml

1916 3604 2061 3659 cnim
2099 3604 2403 3668 dicebatur,
2455 3606 2506 3659 id
2555 3613 2694 3668 erat,
2729 3605 2878 3675 quod
2925 3608 3382 3676 quemadmodum
3430 3607 3485 3660 in

1917 3691 2164 3760 exemplo
2226 3691 2388 3760 hujus
2432 3693 2671 3747 nominis
2727 3696 2890 3757 σῖτος,
2955 3709 3124 3747 υηιιιη
3181 3696 3484 3749 secundum

1917 3780 2221 3848 subjectum
2266 3797 2389 3835 cum
2442 3782 2514 3836 sit
2557 3781 2840 3846 Dominus,
2889 3785 3305 3852 operationibus
3351 3801 3485 3838 con-

1915 3885 2051 3939 grua
2085 3870 2246 3924 liabet
2271 3871 2433 3924 etiam
2476 3872 2716 3926 nomina.
2753 3872 2887 3926 Cum
2932 3881 3112 3928 autem
3157 3874 3230 3928 sit
3269 3873 3487 3928 confes-

1917 3977 2037 4018 sum
2071 3964 2215 4024 σῖτος
2260 3962 2558 4017 secundum
2595 3963 3110 4018 commentationem
3145 3979 3334 4019 eorum
3363 3979 3486 4032 qua:

1917 4055 1972 4110 in
2022 4056 2140 4126 ipso
2193 4063 2534 4125 spectantur,
2588 4055 2980 4126 appellationes
3040 4056 3259 4120 habere,
3321 4056 3485 4111 simul

1915 4147 2077 4201 etiam
2111 4145 2535 4202 construebatur
2567 4145 2664 4200 bas
2690 4145 2743 4199 in
2782 4143 3010 4198 Domino
3035 4160 3198 4200 voces
3229 4161 3334 4199 non
3366 4162 3486 4202 esse

1916 4246 2126 4293 naturae
2161 4237 2572 4308 signiticativas,
2606 4235 2701 4290 sed
2748 4237 2960 4291 ratione
3005 4238 3486 4294 commentationis

1918 4329 1973 4383 in
2012 4328 2099 4383 bis
2137 4343 2259 4393 qua:
2304 4327 2373 4382 de
2419 4328 2539 4397 ipso
2585 4327 2968 4399 intelliguntur
3021 4333 3345 4386 consistere.
3378 4331 3483 4398 Qui

253 4429 436 4483 Ἰσαὰκ
477 4430 735 4501 ὀνόματος
779 4431 876 4502 τὴν
923 4429 1440 4502 ἑρμηνείανεζητῶν,
1477 4431 1699 4502 πότερον
1725 4431 1815 4500 γέ-

1918 4427 2096 4474 autem
2127 4419 2455 4474 contradicit
2500 4435 2611 4490 pra:
2657 4421 2827 4474 multa
2870 4425 3195 4485 attentione.
3241 4439 3349 4479 non
3389 4425 3487 4479 ad-

239 4521 365 4583 ἓως,
401 4520 477 4584 ῶς
505 4521 634 4590 φασί
660 4539 823 4588 τινες,
859 4521 1236 4593 ἑρμηνεύεται,
1275 4521 1308 4592 ἢ
1347 4523 1474 4577 ἄλλο
1521 4539 1570 4575 τι
1616 4524 1816 4594 σημαί-

237 4629 318 4665 νει
338 4611 399 4665 τὸ
423 4613 613 4683 ονομα,
633 4614 662 4665 6
685 4613 740 4666 δέ
767 4631 848 4675 τις
873 4613 981 4666 τῶν
1003 4612 1144 4666 κατὰ
1173 4613 1431 4684 Εὐνόμιον
1458 4614 1818 4678 ἐπιστατικῶς

238 4705 588 4771 ἀποκρίνοιτο
611 4705 759 4776 παρὰ
788 4705 886 4775 τῆς
911 4703 1112 4774 μητρὸς
1142 4705 1408 4758 τεθεῖσθαι
1438 4704 1517 4774 τῷ
1547 4705 1696 4758 παιδὶ
1720 4705 1818 4775 τὴν

237 4795 454 4866 κλῆσιψ
484 4794 594 4848 ἀλλ’
618 4796 678 4848 οὑ
703 4793 876 4859 τοῦτο,
904 4795 1034 4866 φαίη
1065 4813 1148 4858 τις
1167 4794 1250 4860 ἂν,
1278 4795 1338 4848 τὸ
1369 4795 1696 4866 ζητούμενον
1725 4791 1814 4866 ἦν,

237 4890 397 4961 παρὰ
429 4890 572 4954 τίνος
605 4893 638 4962 ἡ
669 4888 954 4959 ἐπωνυμία
984 4888 1328 4959 πεπόρισται,
1357 4887 1492 4942 ἀλλὰ
1529 4888 1580 4941 τί
1619 4887 1817 4961 σημαί-

237 4998 318 5035 νει
361 4981 767 5052 μεταληφθεῖσα
818 4979 954 5051 πρὸς
1009 4978 1108 5050 τὴν
1163 4979 1432 5050 ἡμετέραν
1481 4979 1730 5048 γλῶσσαν
1782 4981 1815 5051 ἡ

234 5073 332 5126 τοῦ
363 5071 626 5142 ὀνόματος
657 5071 850 5125 ἔννοια.
888 5070 997 5124 Καὶ
1035 5068 1265 5123 ἐνταῦθα
1302 5069 1480 5122 τοίνυν
1523 5069 1620 5139 τῆς
1654 5067 1819 5138 ζητή-

236 5179 380 5224 σεως
424 5160 612 5230 οὔσης,
645 5163 694 5214 εἰ
730 5160 798 5215 τὰ
833 5159 1086 5222 ποικίλως
1136 5158 1491 5228 ἐπιλεγόμενα
1526 5157 1603 5227 τῷ
1634 5158 1819 5230 Κυρίῳ

236 5254 358 5305 κατ’
394 5251 637 5304 ἐπίνοιαν
674 5251 910 5320 λέγεται,
944 5251 1035 5303 καὶ
1063 5249 1182 5318 οὐχὶ
1212 5249 1309 5319 τῆς
1356 5248 1568 5318 φύσεως
1596 5248 1693 5322 τὴν
1727 5249 1811 5302 ἐν·

233 5342 402 5408 δειξιν
438 5340 549 5411 ἔχει
575 5358 588 5371 ·
630 5344 658 5394 6
707 5342 958 5412 τοιαύτην
996 5341 1214 5408 ἐπάγων
1244 5339 1343 5411 τὴν
1387 5339 1680 5405 ἀπόδειξιν,
1716 5341 1810 5394 τοῦ

238 5435 313 5505 μὴ
349 5433 564 5504 ἐπινοίᾳ
611 5432 928 5504 θεωρεῖσθαι
973 5433 1070 5496 τὰς
1120 5431 1508 5504 προσηγορίας,
1557 5431 1634 5503 τῷ
1681 5431 1810 5502 παρ’

233 5523 403 5580 αὑτοῦ
449 5523 542 5578 τοῦ
576 5525 780 5596 Κυρίου
825 5524 1073 5594 λέγεσθαι
1115 5523 1334 5592 ταύτας,
1371 5523 1486 5588 πῶς
1525 5525 1661 5598 μετὰ
1704 5526 1810 5580 τῶν

313 5704 364 5739 ⁷⁸
408 5701 546 5759 Ceu.
586 5708 743 5773 xvtti,
779 5705 1120 5773 12-15;κκι,
1148 5703 1204 5759 2.

1843 4523 1853 4531 '
1917 4527 2111 4567 versus
2139 4512 2313 4582 posita
2346 4527 2579 4584 pugnam
2611 4513 2923 4568 committit.
2959 4514 3064 4571 Sed
3097 4517 3273 4587 inquit
3304 4518 3482 4587 ipsum

1916 4620 1944 4657 τι
1981 4604 2169 4674 seipso
2202 4604 2287 4659 liis
2321 4604 2634 4660 nominibus
2667 4607 2950 4676 appellari,
2979 4607 3157 4663 simile
3189 4624 3255 4664 ac
3277 4609 3322 4664 si
3359 4610 3483 4678 quis

1914 4695 2151 4750 nominis
2200 4694 2351 4750 Isaae
2402 4696 2908 4767 interpretationem
2963 4713 3251 4768 quaerens,
3297 4707 3482 4752 utrum

1915 4788 2154 4854 risus",
2188 4797 2244 4842 ut
2275 4788 2429 4843 aiunt
2452 4789 2698 4858 quidam,
2731 4788 3043 4859 exponitur,
3075 4803 3144 4843 an
3180 4789 3327 4843 aliud
3351 4789 3482 4858 quid

1915 4881 2188 4952 significat
2223 4881 2327 4937 hoc
2387 4896 2614 4948 nomen;
2675 4880 2872 4951 aliquis
2924 4889 3105 4935 autem
3153 4896 3342 4936 eorum
3391 4879 3482 4950 qui

1916 4982 2066 5029 stant
2108 4989 2138 5028 a
2195 4980 2352 5045 parte
2403 4971 2680 5034 Eunomii,
2742 4971 3011 5027 instanter
3056 4971 3408 5042 reSponderct
3452 4984 3482 5023 a

1916 5075 2091 5122 matre
2123 5082 2292 5137 puero
2325 5066 2640 5136 impositum
2686 5080 2811 5120 esse
2841 5065 2944 5118 hoc
2985 5079 3181 5118 nomen
3208 5079 3224 5131 ;
3255 5064 3348 5118 sed
3381 5062 3485 5116 ali-

1917 5160 2042 5228 quis
2072 5159 2292 5222 dixerit,
2327 5173 2434 5212 non
2469 5157 2572 5211 hoc
2598 5164 2717 5212 erat
2740 5155 2886 5226 quod
2919 5154 3286 5226 quaerebatur,
3317 5168 3344 5206 ο
3373 5166 3484 5223 quo

1921 5250 2034 5304 haec
2088 5249 2390 5303 nominatio
2427 5247 2630 5300 tributa
2681 5254 2784 5304 est.
2819 5243 2912 5300 sed
2964 5243 3094 5312 quid
3124 5241 3393 5312 signiticet
3427 5241 3482 5295 in

1918 5349 2166 5395 nostram
2200 5339 2438 5408 linguam
2470 5336 2718 5390 traducta
2770 5335 3010 5389 nominis
3047 5333 3263 5387 notitia.
3306 5332 3484 5403 Atque

1915 5432 2007 5487 hic
2053 5431 2217 5501 igitur
2245 5444 2368 5483 cum
2417 5429 2648 5499 quaestio
2697 5426 2982 5492 consistat,
3031 5434 3212 5478 utrum
3259 5437 3381 5496 qua;
3429 5425 3482 5480 in

1919 5522 2150 5579 Domino
2191 5520 2342 5575 varie
2385 5518 2662 5584 dicuntur,
2699 5532 2796 5588 per
2836 5513 3352 5572 commentationem
3394 5514 3483 5569 di-
