4010 6212
330 238 354 293 1
365 235 472 294 033

1452 235 1735 294 CONTRA
1767 236 2158 308 EUNOMIUM,
2187 238 2315 297 LIB.
2352 239 2463 298 XII.

3450 247 3591 305 1036

326 350 417 405 διά
462 361 519 404 τι
555 347 653 413 τάς
679 346 999 420 ἑτερότητας
1028 348 1135 404 τῶν
1170 350 1479 423 ἐνεργειῶν,
1514 328 1607 407 καὶ
1627 331 1917 421 ἀναλογίας

2027 359 2138 424 pter
2164 354 2439 420 notiones,
2474 360 2589 410 tum
2639 360 2861 427 propter
2892 352 3256 423 diversitates
3289 356 3591 424 actionum,

328 441 482 505 τινάς
513 440 606 493 καὶ
635 439 865 510 σχίσεις.
902 440 1087 495 Ταῦτα
1131 443 1239 515 γάρ
1270 443 1588 516 κατακόρως
1624 443 1712 498 ἐπ’
1752 443 1918 498 αὑτοῦ

328 533 638 605 διαθρυλλεῖ
663 532 735 586 τὰ
767 534 1025 605 ὀνόματα.
1071 535 1256 590 Ἀλλὰ
1276 534 1421 603 πῶς,
1449 537 1633 608 φησὶν,
1660 538 1772 592 οὐκ
1794 536 1923 591 ἆτο-

328 642 468 688 πον,
491 623 770 693 ἀθέμιτον
797 623 866 678 δὲ
883 623 1119 691 μᾶλλον
1131 627 1366 694 τούτοις
1381 626 1793 695 παραϐάλλειν
1812 625 1921 681 τὸν

339 715 739 787 Ἀγέννητον;
776 716 886 773 τίσι
914 715 1155 783 τούτοις;
1190 716 1268 787 τῷ
1325 717 1476 788 σίτῳ,
1529 718 1682 789 φησὶ,
1714 718 1810 773 καὶ
1842 716 1921 788 τῷ

331 810 613 882 μονογενεί
654 806 793 878 Θεῷ.
843 807 1004 879 Ὁρᾷς
1046 808 1144 878 τὴν
1187 807 1501 864 εὐλάϐειαν
1536 805 1650 862 ἴσον
1696 808 1920 879 ἀπέχειν

326 903 425 971 τῆς
471 901 630 967 ἀξίας
680 899 775 953 τοῦ
833 900 1128 972 ἀγεννήτου
1170 888 1317 954 ⁴Θεοῦ
1380 899 1778 965 κατασκευάζει
1828 900 1919 952 τὸν

330 995 540 1065 βραχὺν
586 996 751 1058 σῖτον,
793 994 887 1048 καὶ
939 993 1029 1046 τὸν
1076 994 1352 1065 Μονογενῆ
1382 993 1530 1047 Θεόν.
1579 992 1687 1046 Καὶ
1736 992 1817 1046 ὃτι
1857 991 1917 1046 οὗ

332 1086 776 1158 συκοφαντοῦμεν
807 1086 898 1140 τὸν
930 1085 1109 1154 λόγον,
1154 1084 1284 1155 παρ’
1318 1084 1495 1139 αὐτῶν
1533 1084 1648 1139 ἔστι
1685 1084 1794 1137 τῶν
1826 1100 1920 1152 γε‹

330 1180 666 1252 γραμμένων
697 1177 884 1249 μαθεῖν
904 1178 1067 1232 αὐτοῦ
1090 1177 1185 1248 τὴν
1216 1177 1474 1232 διάνοιαν.
1498 1176 1630 1242 Πῶς
1659 1176 1788 1248 γὰρ,
1818 1192 1920 1247 φη-

334 1269 438 1334 σὶν,
484 1269 596 1322 οὐκ
645 1266 904 1330 ἄτοπον,
957 1265 1236 1334 ἀθέμιτον
1286 1263 1354 1319 δὲ
1396 1263 1637 1334 μᾶλλον
1688 1264 1921 1328 τούτοις

330 1354 743 1424 παραϐάλλειν
795 1355 903 1410 τὸν
946 1356 1340 1426 Ἀγένγητον;
1390 1356 1500 1412 Καὶ
1533 1355 1703 1409 ταῦτα
1751 1353 1920 1407 εἰπὼν

331 1446 530 1514 ἐπάγει
560 1445 699 1499 κατά
725 1443 787 1498 τὸ
818 1445 1077 1516 ὁμότιμον
1105 1445 1195 1497 τὸν
1225 1444 1352 1515 περὶ
1390 1442 1484 1497 τοῦ
1517 1442 1664 1496 σίτου
1704 1442 1798 1495 καὶ
1824 1440 1919 1493 τοῦ

332 1538 542 1608 Κυρίου
581 1536 755 1606 λόγον,
780 1532 899 1590 ἴσον
932 1536 1013 1601 εἰς
1060 1536 1293 1590 ἀτοπίαν
1338 1535 1559 1609 κρίνων,
1591 1535 1672 1589 ἑνὶ
1717 1535 1920 1588 τούτων

334 1628 702 1700 παραϐάλλειν
741 1628 833 1682 τὸν
869 1628 1020 1682 θεόν.
1067 1628 1237 1681 Παντὶ
1281 1627 1337 1681 δὲ
1385 1627 1659 1699 γνώριμον
1706 1628 1919 1691 πάντως

2019 452 2074 499 et
2115 446 2501 516 proportiones
2551 453 2605 502 et
2651 446 3023 503 habitudines.
3057 445 3182 501 llaec
3212 447 3357 503 enim
3399 449 3466 503 ad
3503 465 3595 506 sa-

2020 538 2260 594 tietatem
2295 554 2470 609 usque
2509 538 2562 593 in
2595 538 2714 611 ipso
2745 539 3031 608 pervulgat
3065 541 3313 594 nomina.
3350 539 3476 603 Sed,
3509 542 3594 596 in-

2020 627 2169 696 quit,
2224 627 2485 697 quomodo
2536 644 2639 682 non
2687 626 3016 692 absurdum,
3081 628 3158 682 rel
3212 628 3388 697 potius
3441 630 3594 698 nefas

2019 734 2325 787 comparare
2376 716 2675 789 Ingenitum
2720 720 2802 771 Itis
2869 719 3056 773 nescio
3109 718 3340 787 quibus,
3397 733 3595 787 nempe

2023 809 2291 879 frugibus,
2323 808 2529 879 inquit,
2569 814 2625 864 et
2655 808 2935 878 unigenito
2966 807 3119 861 Deo?
3153 806 3313 862 Vides
3352 807 3595 861 hominis

2020 899 2566 970 circmnspectionem
2605 908 2701 954 seu
2736 900 2988 968 pietatem
3018 915 3033 952 :
3062 897 3345 967 aequaliter
3386 897 3594 952 distare

2021 1006 2050 1044 a
2082 990 2346 1061 dignitate
2377 992 2606 1058 ingeniti
2639 991 2734 1046 Dei
2786 990 2988 1044 astruit
3015 989 3121 1043 vile
3164 988 3499 1044 frumentum
3538 995 3594 1043 et

2022 1084 2365 1154 unigenitum
2426 1083 2617 1138 Deum.
2685 1081 2751 1136 Et
2812 1081 2956 1153 quod
3015 1096 3124 1135 non
3190 1079 3594 1135 calumniantur

2021 1189 2356 1237 sermonem,
2395 1190 2460 1229 ex
2508 1174 2641 1244 ipsis
2683 1172 2907 1244 scriptis
2952 1172 3077 1227 licet
3118 1171 3238 1241 ejus
3281 1171 3593 1242 intelligen-

2019 1266 2149 1319 tiam
2209 1265 2511 1337 percipere,
2551 1262 2850 1330 Quomodo,
2895 1263 3090 1334 inquit,
3129 1279 3229 1318 non
3277 1262 3588 1326 absurdum,

2020 1357 2126 1410 imo
2170 1373 2287 1411 vero
2340 1356 2602 1426 nefarium
2651 1355 2732 1410 Itis
2784 1371 3091 1424 comparare
3150 1353 3491 1425 Ingenitum?
3527 1351 3590 1407 Et

2020 1447 2134 1500 haec
2187 1447 2405 1501 locutus
2452 1444 2735 1517 subiungit
2766 1459 2950 1515 parem
3001 1443 3067 1499 de
3125 1443 3400 1497 frumento
3434 1450 3487 1497 et
3525 1441 3594 1497 de

2022 1536 2253 1593 Domino
2310 1552 2644 1601 sermonem,
2701 1537 2963 1606 aequalem
3011 1535 3401 1591 absurditatem
3447 1534 3596 1605 judi-

2021 1642 2177 1696 cans,
2230 1644 2353 1683 cum
2404 1628 2601 1683 borum
2658 1627 2830 1683 altero
2876 1626 3045 1681 Deum
3094 1626 3366 1682 conferre.
3406 1626 3595 1681 Cuivis

330 1719 393 1773 τὸ
418 1720 658 1773 τοιοῦτόν
690 1722 857 1784 ἐστιν,
904 1721 983 1775 ὅτι
1032 1720 1101 1773 τὰ
1141 1722 1239 1789 ίσῳ
1272 1718 1456 1791 μέτρῳ
1491 1719 1635 1779 τινος
1682 1719 1919 1789 ἀφεστη-

2027 1721 2163 1775 enim
2213 1729 2403 1774 nutum
2444 1729 2499 1775 ct
2552 1719 2773 1790 planum
2807 1732 3062 1789 prorsum
3114 1718 3247 1773 illud
3299 1724 3407 1781 est,
3447 1716 3595 1788 quod
3638 1782 3646 1791 θ

332 1813 467 1866 κότα
498 1812 591 1865 καὶ
614 1812 753 1866 αύτά
793 1812 928 1885 πρὸς
952 1813 1153 1883 ἄλληλα
1180 1812 1239 1865 τὸ
1270 1808 1386 1865 ῐσον
1407 1811 1541 1882 ἔχει.
1579 1812 1740 1865 Ὥστε
1774 1810 1915 1864 κατά

331 1902 424 1955 τὸν
462 1902 623 1972 σοφὸν
667 1902 912 1972 θεολόγον
948 1904 976 1957 ὁ
1003 1902 1112 1956 τῶν
1150 1902 1360 1958 αἰώνων
1394 1901 1641 1972 ποιητὴς,
1686 1900 1783 1955 καὶ
1819 1900 1917 1954 πάο

336 2009 438 2065 σης
467 1993 954 2065 περιδεδραγμένος
1000 1995 1105 2048 τῶν
1137 1995 1305 2048 ὄντων
1350 1993 1582 2064 φύσεως,
1617 1991 1916 2054 ἰσοστάσιος

334 2083 615 2157 ἀνεδείχθη
662 2085 739 2157 τῷ
783 2085 1103 2157 βραχυτάτῳ
1151 2087 1454 2158 σπέρματι,
1513 2086 1669 2155 εῐπερ
1720 2083 1914 2154 ἐπίσης

331 2176 689 2231 ἀπολείπεται
714 2177 814 2248 τῆς
859 2176 993 2250 πρὸς
1025 2177 1120 2231 τὸν
1168 2176 1299 2230 Θεὸν
1331 2175 1667 2248 συγκρίσεως
1703 2174 1794 2227 καὶ
1820 2174 1917 2227 αὺ-

330 2266 426 2330 τδς
459 2267 553 2321 καὶ
580 2267 610 2320 ό
639 2269 803 2333 σῖτος.
843 2268 982 2322 Ἀλλ’
1010 2271 1043 2340 ἡ
1084 2268 1181 2339 μὲν
1222 2267 1443 2322 ἀσέϐεια
1487 2264 1580 2319 τοῦ
1611 2264 1768 2334 λόγου
1793 2281 1914 2318 τοσο

332 2355 496 2431 αὕτη.

407 2535 612 2609 Καιρδς
642 2537 686 2591 δ’
731 2536 796 2591 ἂν
826 2538 913 2608 είη
947 2536 1040 2591 καὶ
1077 2538 1243 2608 αὐτὴν
1272 2537 1524 2604 ἐξετάσαι
1557 2533 1655 2604 τὴν
1699 2533 1778 2594 εἰς
1817 2529 1915 2597 τὴν

336 2627 688 2701 βλασφημίαν
710 2629 1071 2700 κατασκευὴν,
1095 2630 1154 2682 ὲν
1172 2629 1276 2681 τίνι
1299 2627 1434 2699 πρὸς
1461 2624 1656 2694 ἑαυτὴν
1677 2620 1916 2693 τῷλόγῳ

332 2721 404 2775 δι’
435 2719 756 2785 ἀκολουθίας
788 2721 1139 2793 συνήρτηται.
1169 2718 1351 2774 Εἰπὼν
1384 2718 1509 2790 γὰρ,
1544 2716 1743 2771 ἄτοπον
1774 2708 1914 2766 εἶναι

333 2811 414 2881 τῷ
446 2812 578 2883 σίτῳ
608 2812 701 2866 καὶ
727 2811 805 2883 τῷ
833 2811 1053 2884 Χριστῷ
1074 2811 1168 2866 τὸν
1195 2811 1327 2864 Θεὸν
1358 2807 1747 2880 παραϐάλλειν,
1779 2803 1915 2871 Περὶ

335 2901 447 2957 τοῦ
474 2903 669 2967 σίτου,
702 2904 886 2973 φησὶν,
913 2904 993 2956 ὅτι
1021 2904 1130 2957 οὐκ
1151 2902 1324 2956 ἔστιν
1349 2904 1381 2955 ό
1407 2900 1550 2965 Θεὸς
1575 2899 1703 2954 καθ’
1722 2894 1914 2967 ὁμοιό-

335 3009 485 3058 τητα
512 2993 738 3047 τούτων
759 2993 908 3063 πρὸς
928 2991 1272 3062 μεταϐολὴν
1304 2989 1638 3056 ἐπιτήδειος
1663 3029 1679 3053 ,
1707 2986 1836 3056 περὶ
1859 2983 1915 3036 δὲ

338 3085 434 3140 τοῦ
474 3084 808 3155 Μονογενοῦς
842 3085 902 3140 τὸ
949 3084 1022 3155 μὴ
1066 3082 1204 3138 εἶναι
1248 3082 1409 3138 αὐτὸν
1443 3080 1577 3154 πρδς
1622 3076 1919 3151 μεταϐολὴν
1946 3062 1991 3123 C

338 3176 642 3248 ἐπιτήδειον
673 3177 974 3247 σιωπήσας,
1003 3176 1094 3229 καὶ
1120 3176 1206 3230 διὰ
1234 3173 1422 3229 τούτου
1463 3171 1648 3242 σαφῶς
1677 3168 1914 3234 ἐνδειξα-

341 3285 503 3340 μενος
534 3269 595 3321 τὸ
619 3269 870 3323 ταπεινὸν
898 3270 996 3338 τῆς
1026 3267 1200 3333 ἀξίας,
1230 3266 1288 3320 ἐν
1313 3265 1389 3336 τῷ
1424 3264 1497 3336 μὴ
1518 3265 1627 3317 δεῖν
1656 3262 1816 3316 αὑτὸν
1842 3261 1917 3336 ὡς

340 3363 438 3416 καὶ
466 3360 557 3414 τὸν
599 3363 744 3415 σῖτον
777 3360 857 3431 τῷ
898 3358 1018 3430 Θεῷ
1053 3358 1391 3429 συγκρίνειν,
1426 3358 1604 3427 ἀφῆκε
1637 3356 1727 3409 τὸν
1762 3354 1917 3421 λόγον

342 3451 640 3524 μετέωρον,
669 3452 844 3505 οὐδενὶ
878 3451 1023 3523 ἀλλῳ
1047 3450 1291 3522 λογισμῷ
1322 3447 1735 3512 κατασκευάσας
1763 3447 1819 3499 ἐν
1841 3444 1918 3515 τῷ

343 3544 503 3616 μέρει
530 3543 702 3613 τούτῳ
729 3543 790 3597 τὸ
819 3542 956 3615 πρὸς
993 3544 1082 3597 τὸν
1113 3543 1332 3613 Πατέρα
1357 3541 1450 3595 τοῦ
1482 3539 1611 3594 Υίοῦ
1643 3537 1918 3610 ἀπαράθε-

337 3652 456 3703 τον,
475 3635 553 3699 ὡς
578 3635 778 3690 ίκανῶν
801 3635 971 3689 ὄντων
993 3635 1101 3689 τῶν
1131 3634 1256 3706 περὶ
1284 3633 1373 3687 τὸν
1397 3633 1591 3687 κόκκον
1617 3629 1919 3701 θεωρηθένο

338 3746 467 3791 των,
498 3728 592 3783 καὶ
618 3727 712 3781 τοῦ
744 3727 875 3780 Υίοῦ
900 3727 997 3799 τὴν
1028 3728 1163 3798 πρὸς
1190 3726 1282 3780 τὸν
1318 3716 1537 3796 Πατέρα
1574 3722 1714 3778 κατά
1744 3722 1803 3775 τὺ
1832 3739 1920 3774 τα-

345 3821 656 3893 πεινότερον
705 3817 1055 3890 παραλλαγὴν
1092 3816 1541 3882 συνενδείξασθαι.
1601 3813 1759 3867 Ἀλλὰ
1794 3814 1922 3883 περὶ

342 3915 449 3986 τῆς
483 3914 791 3983 ἀφθαρσίας
835 3911 929 3965 τοῦ
968 3908 1181 3984 Πατρδς
1230 3908 1552 3977 διαλέγεται,
1600 3905 1677 3970 ὡς
1725 3905 1823 3958 οὐκ
1863 3904 1920 3971 ἐξ

343 4005 626 4078 ἐνεργείας
652 4004 959 4077 προσούσης
987 4000 1153 4072 αὐτῷ.
1194 4001 1333 4069 Ἐγὼ
1362 4000 1440 4063 δὲ,
1467 4001 1514 4052 εί
1548 3997 1645 4068 μὲν
1674 3996 1922 4067 ἐνέργειά

343 4098 431 4163 τίς
455 4099 602 4151 ἐστιν
629 4100 662 4169 ἡ
689 4098 858 4160 ὅντως
880 4095 1015 4165 ζωὴ,
1041 4093 1239 4165 ἑαυτὴν
1267 4090 1584 4164 ὲνεργοῦσα,
1613 4089 1707 4144 καὶ
1731 4090 1778 4142 εἰ
1802 4090 1922 4141 ταύ-

342 4190 438 4244 τόν
462 4191 578 4242 ἐστι
605 4188 684 4257 τῷ
711 4186 1094 4259 σημαινομένῳ
1125 4185 1185 4239 τό
1210 4201 1268 4238 τε
1296 4184 1383 4238 ἀεὶ
1411 4183 1530 4253 ζῇν,
1556 4180 1732 4235 καὶτὸ
1762 4179 1925 4251 μηδὲ·

345 4299 479 4336 ποτε
508 4282 589 4345 είς
617 4280 819 4353 φθοράν
843 4279 1187 4344 διαλύεσθαι,
1218 4276 1371 4331 οὔπω
1404 4275 1482 4347 τῷ
1523 4275 1668 4346 λόγῳ
1697 4273 1923 4347 προστί-

345 4373 508 4443 οημι,
537 4371 671 4425 ἀλλὰ
704 4373 815 4434 τοῖς
849 4368 997 4433 ἰδίοις
1023 4366 1387 4439 ταμιεύσομαι
1415 4365 1619 4431 τόποις.
1650 4366 1771 4420 Ὀτι
1797 4366 1926 4437 μὲν·

348 4484 435 4520 τοι
465 4465 564 4537 μία
597 4466 694 4534 τῆς
723 4462 1029 4533 ἀφθαρσίας
1060 4462 1175 4515 ἐστὶ
1204 4461 1430 4524 διάνοια,
1464 4459 1723 4524 ὡσαύτως
1752 4458 1843 4512 ἐπί
1871 4475 1931 4513 τε

348 4556 447 4611 τοῦ
477 4556 689 4623 [ἰατρὸς
717 4554 922 4609 καὶτοῦ
952 4553 1079 4607 Υἱοῦ
1111 4553 1397 4625 νοουμένη,
1424 4552 1519 4607 καὶ
1548 4553 1666 4608 κατ’
1696 4552 1849 4606 οὐδὲν
1871 4548 1933 4605 τὸ

348 4647 449 4704 ’τοῦ
470 4646 681 4720 [ἰατρὸς
702 4646 977 4717 ἄφθαρτον
1000 4648 1097 4717 τῆς
1122 4645 1429 4718 ἀφθαρσίας
1456 4645 1551 4700 τοῦ
1575 4644 1705 4699 Υίοῦ
1728 4642 1934 4716 παραλ-

347 4737 563 4805 λάσσει,
583 4736 708 4794 οὔτε
738 4737 926 4807 ὑιρὲσει
957 4737 1062 4791 τινὶ
1090 4739 1183 4792 καὶ
1208 4738 1475 4801 ἐπιτάσει,
1507 4735 1629 4791 οὔτε
1655 4737 1762 4790 τινὶ
1790 4735 1933 4807 ἀλλῳ

346 4828 652 4902 διαφθορᾶς
679 4824 866 4901 τρόπῳ
897 4827 994 4899 τῆς
1025 4828 1167 4883 κατὰ
1193 4827 1289 4899 τὴν
1324 4827 1631 4899 ἀφθαρσίαν
1666 4827 1936 4899 παραλλα·

351 4923 461 4993 γῆς
487 4921 903 4994 εὐρισκομὲνης,
927 4921 1085 4976 τοῦτο
1112 4919 1208 4975 καὶ
1236 4919 1331 4974 νῦν
1351 4938 1492 4991 φημι
1522 4919 1775 4994 εὔκαιρον
1796 4916 1935 4977 εἶναι

352 5018 452 5071 καὶ
483 5016 570 5069 ἀεὶ
605 5014 813 5082 λέγειν,
853 5015 931 5078 ὡς
959 5014 1026 5068 ἂν
1059 5011 1325 5084 μηδεμίαν
1356 5011 1467 5081 ἔχοι
1495 5011 1582 5065 διά
1610 5012 1800 5068 τούτου
1828 5013 1937 5084 χώ-

357 5124 462 5179 ραν
487 5108 515 5160 ὁ
541 5106 697 5175 λόγος
724 5104 873 5177 αύτῷ
903 5107 970 5176 τῇ
1001 5106 1140 5158 κατά
1173 5104 1271 5175 τὴν
1304 5103 1609 5175 ἀφθαρσίαν
1649 5104 1825 5176 ἐννοίᾳ
1857 5104 1937 5177 τῷ

353 5201 535 5272 Πατρὶ
565 5197 1004 5271 προσμαρτυρῶν
1027 5196 1089 5249 τὸ
1116 5197 1249 5268 πρὸς
1278 5196 1370 5249 τὸν
1400 5196 1526 5249 Υἱὸν
1552 5195 1931 5265 ἀκοινώνητον.

366 5292 457 5356 Ὠς
487 5292 596 5363 γάρ
633 5292 763 5361 περὶ
797 5289 888 5343 τὸν
913 5288 1132 5358 Πατέρα
1157 5289 1191 5358 ἡ
1218 5287 1493 5360 ἀφθαρσία
1528 5286 1938 5358 καταλαμϐάνε-

352 5401 469 5445 ται,
501 5383 673 5446 οὖτως
706 5383 797 5436 καὶ⁵
823 5381 937 5434 ἔστι
962 5379 1057 5433 τοῦ
1092 5377 1429 5448 Μονογενοῦς
1458 5374 1598 5433 εἶναι
1629 5379 1729 5434 οὐκ
1760 5381 1933 5451 ἀμφι-

356 5474 638 5529 ϐάλλεται.
685 5473 759 5527 Τὸ
802 5472 910 5546 γάρ
945 5472 1048 5542 τῆς
1097 5471 1305 5543 φθορᾶς
1352 5471 1749 5541 ἀπαράδεκτον,
1799 5473 1935 5544 ὅπερ

358 5566 644 5639 ἀφθαρσία
674 5566 771 5619 καὶ
804 5566 918 5619 ἔστι
949 5566 1043 5620 καὶ
1081 5560 1325 5633 λέγεται,
1356 5559 1475 5617 ἶσον
1510 5563 1710 5635 μᾶλλον
1748 5564 1805 5618 δὲ
1846 5564 1938 5618 τὸν

324 5700 333 5705 -
361 5658 525 5715 αὑτὸν
553 5657 664 5730 [xu
689 5657 845 5727 λόγον
871 5656 955 5727 ἐφ’
973 5650 1144 5727 οὗπερ
1170 5655 1235 5709 ἀν
1265 5654 1512 5728 λέγηται.
1542 5656 1608 5711 Τί
1632 5652 1725 5712 οὖν
1751 5655 1937 5728 μαθὼν

684 5748 955 5812 Pauor.
1001 5747 1117 5809 Gn.
1165 5747 1353 5811 XLV.

1961 4420 2007 4479 D

2020 1827 2142 1882 quae
2175 1813 2368 1882 aequali
2398 1825 2654 1866 mensura
2686 1810 2755 1864 ab
2794 1810 2979 1879 aliquo
3008 1810 3235 1875 distant,
3270 1821 3324 1865 et
3363 1810 3479 1881 ipsa
3514 1810 3598 1865 in-

2020 1909 2106 1957 ter
2154 1917 2215 1958 se
2267 1902 2532 1972 aequalem
2588 1899 2792 1954 habent
2841 1915 3182 1959 mensuram.
3225 1900 3408 1965 Quare
3452 1902 3599 1957 sicut

2020 2000 2209 2048 censet
2246 1992 2335 2047 hic
2364 1991 2583 2063 sapiens
2612 1990 2921 2060 theologus,
2959 1989 3286 2045 saeculorum
3320 1989 3596 2056 conditor,

2020 2093 2349 2151 omnemque
2380 2096 2571 2136 eorum
2604 2095 2725 2151 quae
2767 2086 2918 2142 sunt,
2970 2087 3220 2133 naturam
3257 2078 3596 2148 complexus.

2020 2173 2248 2243 aqualis
2301 2173 2528 2227 minimo
2575 2172 2772 2228 semini
2822 2171 3229 2227 demonstratus
3267 2177 3372 2235 est,
3425 2170 3598 2241 siqui-

2021 2263 2144 2319 dem
2178 2261 2461 2333 atqualiter
2485 2261 2652 2316 distat
2694 2275 2725 2316 a
2758 2260 2851 2316 Dei
2883 2258 3291 2332 comparatione
3320 2267 3375 2315 ct
3404 2258 3521 2329 ipse
3545 2265 3600 2313 et

2022 2352 2381 2411 frumentum.
2413 2354 2588 2425 Atque
2615 2353 2781 2424 hujus
2800 2353 3019 2425 quidem
3042 2351 3314 2410 sermonis
3341 2350 3598 2422 impietas

2024 2453 2174 2502 tanta
2204 2454 2310 2505 est.

2095 2538 2294 2597 Verum
2334 2540 2446 2611 jam
2477 2546 2690 2611 tempus
2715 2537 2878 2596 fuerit
2904 2537 3218 2596 examinate
3247 2536 3600 2610 blasphemia:

2022 2632 2431 2699 astruetionem,
2480 2632 2536 2687 in
2584 2646 2694 2702 quo
2722 2632 2789 2687 ad
2837 2633 3008 2702 ipsam
3041 2647 3296 2688 sermone
3337 2648 3435 2703 per
3465 2647 3602 2688 con-

2022 2726 2360 2797 sequentiam
2400 2740 2609 2781 annexa
2649 2723 2865 2795 pendet.
2895 2725 3031 2781 Cum
3063 2725 3206 2781 enim
3237 2726 3466 2781 dixisset
3499 2726 3601 2780 ab.

2021 2818 2244 2875 surdum
2264 2833 2388 2874 esse
2420 2817 2691 2873 frumento
2723 2826 2775 2874 et
2797 2817 3017 2873 Christo
3040 2815 3206 2872 Deum
3234 2832 3598 2888 componere:

2022 2909 2101 2964 De
2120 2910 2384 2979 frumento
2412 2909 2610 2980 inquit,
2634 2912 2772 2981 quod
2807 2927 2909 2964 non
2941 2919 3017 2964 est
3048 2909 3185 2964 Deus
3214 2909 3399 2964 horum
3429 2910 3605 2965 instar

2023 3001 2333 3058 mutationis
2377 3017 2567 3071 capas,
2620 3004 2689 3058 de
2737 3001 3025 3073 Unigenito
3066 3012 3244 3057 autem
3295 3001 3441 3072 quod
3492 3017 3601 3057 non

2024 3093 2098 3150 sit
2130 3095 2246 3165 ipse
2278 3093 2345 3149 ad
2392 3094 2748 3149 mutationem
2784 3102 2943 3165 aptus
2978 3109 3103 3148 cum
3149 3093 3397 3160 reticuit;
3436 3094 3599 3148 etiam

2026 3201 2120 3255 per
2153 3185 2257 3240 hoc
2294 3194 2481 3255 aperte
2516 3185 2775 3240 indicavit
2805 3186 3087 3256 dignitatis
3119 3185 3501 3247 humilitatem,
3543 3184 3602 3238 in

2023 3293 2088 3331 eo
2117 3277 2262 3348 quod
2295 3291 2403 3332 non
2451 3285 2700 3347 Oporteat
2730 3276 2931 3347 ipsum,
2981 3278 3125 3332 sicut
3154 3286 3206 3332 et
3242 3274 3599 3338 frumentum,

2023 3385 2147 3423 eum
2168 3369 2277 3425 Deo
2303 3384 2643 3439 comparare,
2671 3380 2996 3438 suSpensnm
3027 3382 3333 3423 sermonem
3369 3365 3601 3429 dimisit,

2026 3460 2175 3515 nulla
2209 3460 2420 3515 ratione
2452 3460 2555 3540 alia
2590 3468 2923 3531 praestruens
2951 3460 3005 3514 in
3029 3459 3130 3514 bac
3162 3468 3312 3529 parte
3333 3456 3455 3513 Filii
3477 3473 3602 3514 cum

2024 3551 2186 3608 Patre
2226 3551 2624 3622 disparitatem,
2660 3551 2816 3622 quasi
2857 3567 2919 3606 ea
2961 3566 3082 3620 quae
3116 3552 3169 3605 in
3216 3566 3386 3622 grano
3419 3551 3603 3607 consi-

2025 3643 2307 3707 derantur,
2344 3643 2539 3699 idonea
2578 3652 2761 3700 essent
2784 3643 2853 3698 ad
2884 3643 3005 3698 Filii
3035 3658 3156 3698 cum
3201 3642 3381 3708 Patre,
3413 3658 3606 3699 secun-

2024 3733 2155 3788 dum
2214 3733 2266 3788 id
2315 3733 2461 3804 quod
2515 3743 2600 3790 est
2643 3734 2924 3796 humilius,
2972 3733 3334 3788 differentiam
3379 3734 3604 3789 demon-

2026 3824 2328 3881 strandam.
2361 3825 2466 3880 Sed
2493 3824 2561 3880 de
2587 3825 2761 3881 Patris
2809 3825 3324 3895 incorruptibilitate
3354 3825 3600 3891 disserit,

2027 3917 2171 3988 quod
2216 3932 2321 3971 non
2374 3916 2503 3973 insit
2533 3916 2580 3972 ei
2612 3930 2675 3971 ex
2723 3921 2869 3971 actu.
2916 3914 3026 3984 Ego
3072 3923 3275 3980 autem,
3331 3914 3601 3985 siquidem

2028 4016 2183 4066 actus
2214 4008 2434 4080 quidam
2478 4016 2562 4065 est
2601 4022 2727 4065 vera
2771 4015 2824 4063 et
2851 4006 3161 4064 essentialis
3190 4007 3318 4073 vita,
3368 4006 3601 4077 scipsam

2026 4100 2283 4164 eﬂiciens,
2329 4107 2384 4155 et
2425 4099 2470 4156 si
2516 4099 2658 4155 idem
2696 4106 2783 4155 est
2812 4098 3109 4153 secundum
3147 4098 3600 4170 significationem

2028 4200 2082 4247 et
2114 4206 2331 4262 semper
2351 4191 2553 4257 vivere,
2576 4198 2631 4245 et
2661 4189 3020 4259 nunquamjn
3045 4189 3322 4244 interitum
3352 4188 3600 4252 dissolvi,

2029 4283 2269 4337 nondum
2304 4281 2497 4335 rationi
2530 4281 2819 4347 assentior,
2859 4280 2956 4336 sed
2991 4281 3227 4351 propriis
3258 4281 3394 4335 locis
3429 4295 3603 4336 reser-

2031 4372 2187 4427 vabo.
2212 4371 2367 4438 Quod
2391 4370 2608 4440 quidem
2632 4386 2738 4426 una
2760 4381 2844 4426 est
2875 4373 3025 4426 notio
3049 4370 3601 4442 incorruptibilitatis.

2033 4478 2154 4536 qua!
2198 4463 2388 4519 eodem
2433 4464 2595 4518 modo
2633 4464 2689 4519 in
2722 4462 2883 4521 Patre
2925 4472 2979 4519 et
3007 4463 3146 4520 Filio
3180 4464 3517 4535 intelligitur,
3551 4474 3608 4520 et

2033 4553 2183 4608 nulla
2244 4568 2304 4609 re
2352 4553 2497 4624 quod
2548 4554 2602 4608 in
2645 4553 2806 4610 Patre
2853 4554 3263 4624 incorruptibile
3285 4562 3390 4618 est,
3418 4570 3448 4608 a
3484 4551 3606 4608 Filii

2034 4646 2548 4731 incorruptibilitate
2584 4646 2784 4712 ditl‘ert,
2840 4663 3017 4718 neque
3047 4647 3370 4703 remissione
3401 4647 3604 4717 aliqua,

2034 4755 2210 4810 neque
2242 4737 2565 4803 intentione,
2595 4754 2720 4794 cum
2761 4754 2861 4795 nec
2890 4739 3071 4809 aliquo
3103 4739 3209 4795 alio
3239 4739 3609 4808 corruptionis

2036 4831 2196 4887 modo
2207 4829 2540 4894 ditl‘erentia,
2558 4844 2678 4899 qua:
2698 4829 2996 4886 secundum
3017 4827 3606 4899 ineorruptibilitatem.

2037 4919 2367 4983 inveniatur,
2397 4918 2502 4974 hoc
2531 4918 2692 4974 etiam
2726 4934 2872 4973 nunc.
2921 4919 3043 4973 dico
3070 4925 3437 4989 opportunum
3486 4930 3610 4974 esse

2034 5019 2089 5066 et
2116 5026 2329 5082 semper
2353 5009 2555 5073 dicere,
2587 5009 2731 5079 quod
2755 5009 2962 5063 nullum
2996 5026 3091 5078 per
3116 5009 3220 5064 hoc
3242 5008 3421 5064 locum
3448 5005 3614 5061 habet

2034 5104 2155 5174 ejus
2182 5117 2384 5165 sermo,
2437 5116 2534 5171 per
2574 5100 3003 5171 ineorruptionis
3048 5100 3349 5164 notionem,
3408 5097 3609 5154 Filium

2036 5211 2160 5250 cum
2196 5193 2353 5249 Patre
2392 5194 2595 5248 nullam
2640 5193 2841 5248 habere
2869 5192 3120 5247 essentia:
3163 5190 3605 5247 communionem

2037 5302 2311 5343 asserens.
2347 5285 2499 5340 Sicut
2525 5285 2668 5341 enim
2690 5285 2744 5337 in
2770 5282 2929 5338 Patre
2956 5282 3445 5352 incorruptibilitas
3464 5295 3611 5337 com-

2038 5378 2411 5450 prehenditur,
2438 5367 2517 5432 sie
2532 5386 2584 5432 et
2610 5378 2662 5430 in
2688 5374 2978 5447 Unigenito
3001 5390 3125 5430 esse
3153 5389 3261 5430 non
3289 5374 3603 5445 ambigitur.

2038 5469 2193 5537 Quod
2231 5469 2376 5523 enim
2427 5468 2677 5521 interitus
2707 5475 2923 5521 nonest
2953 5481 3145 5535 capax,
3198 5467 3342 5537 quod
3385 5466 3605 5537 quidem

2039 5559 2526 5631 ineorrnptibilitas
2576 5565 2632 5611 et
2679 5566 2761 5614 est
2804 5565 2860 5613 et
2919 5558 3136 5623 dicitur,
3177 5559 3461 5631 aequalem,
3520 5556 3602 5610 vel

2039 5653 2222 5727 potius
2255 5650 2499 5709 eamdem
2536 5650 2696 5705 habet
2731 5650 3016 5716 rationem,
3053 5650 3105 5704 in
3140 5663 3467 5720 quocunque
3514 5644 3599 5700 dit

3165 5734 3237 5803 33
