4010 6212
401 246 542 300 1055

1648 246 1701 302 S.
1740 238 2064 302 GREGORII
2095 238 2393 304 NYSSENI

3510 226 3648 297 i036

398 338 562 389 citur.
620 329 763 399 Quid
810 331 972 404 igitur
1020 332 1231 399 didicit,
1287 347 1386 389 cur
1431 334 1533 391 soli
1576 337 1819 409 ingenito
1860 336 1972 393 Deo

2079 339 2220 411 μόνῳ
2275 337 2683 411 προσμαρτυρεῖ
2726 334 2803 407 τῷ
2851 330 3128 403 ἀγεννήτῳ
3173 328 3325 400 Θεῷ,
3377 327 3439 382 τὸ
3479 331 3554 401 μὴ
3583 332 3647 398 ἐξ

398 424 670 489 attribuit,
702 439 811 480 non
851 439 917 480 ex
950 433 1075 479 actu
1106 439 1230 481 esse
1270 425 1445 497 ipsius
1489 427 1975 501 incorruptibilita-

398 528 526 583 tem,
554 524 812 587 tanquam
842 532 937 585 per
974 517 1077 571 hoc
1106 515 1282 574 Patris
1313 530 1344 572 a
1378 516 1516 573 Filio
1544 519 1973 591 discrepantiam

397 604 824 660 demonstrans?
856 602 916 659 Si
937 605 1083 660 enim
1105 607 1518 675 corruptibilem
1542 611 1800 681 supponit
1821 625 1976 666 crea-

298 706 309 715 ‘
398 703 513 750 tum
536 709 697 750 suum
722 693 912 763 Deum,
943 697 1204 765 praeclare
1230 698 1609 768 corruptibilis
1634 715 1758 755 cum
1793 702 1976 757 incor-

396 784 643 855 ruptibili
689 785 1015 853 differentia,
1066 803 1185 843 eam
1215 802 1337 859 quas
1379 790 1679 846 secundum
1722 802 1974 857 naturam

396 884 502 944 est,
536 878 965 949 discrepantiam
993 882 1255 945 ostendit.
1287 881 1445 949 Quod
1490 881 1537 938 si
1574 883 1828 940 interitus
1866 899 1975 939 non

399 982 568 1038 capax
598 969 789 1051 eodem
821 969 985 1024 modo
1008 979 1093 1026 est
1134 979 1398 1042 uterque;
1443 987 1621 1044 neque
1650 974 1848 1044 magis,
1878 989 1978 1029 ne.

399 1075 509 1130 que
531 1060 716 1117 minus
747 1061 803 1116 in
833 1061 1377 1133 incorruptibilitatc,
1400 1079 1521 1134 quae
1550 1066 1851 1142 secundum
1881 1081 1976 1122 na-

403 1162 581 1206 turam
613 1162 717 1219 est,
747 1153 1246 1223 comprehenditur,
1292 1155 1569 1225 quomodo
1605 1155 1819 1212 Patrem
1849 1172 1973 1212 cum

402 1245 684 1315 unigenito
724 1244 862 1300 Filio
903 1259 1010 1300 non
1046 1260 1207 1316 posse
1242 1249 1552 1318 comparari
1601 1248 1976 1304 demonstrat?

401 1334 497 1389 Vel
533 1336 662 1405 quid
696 1337 810 1390 vult
856 1352 967 1391 non
996 1351 1061 1391 ex
1092 1346 1218 1392 actu
1262 1353 1510 1395 asserere
1537 1338 1685 1393 Patri
1716 1340 1858 1410 quod
1892 1340 1975 1394 in-

401 1425 757 1495 corruptibile
801 1426 923 1481 est?
975 1424 1081 1481 Sed
1120 1441 1348 1497 scopum
1382 1428 1603 1483 revolvit
1639 1437 1694 1483 et
1743 1428 1977 1498 explicat

402 1530 654 1572 sermone
706 1524 988 1586 sequente.
1031 1514 1152 1571 Non
1198 1532 1267 1572 ex
1310 1518 1742 1588 operationibus,
1778 1518 1972 1588 inquit,

401 1605 836 1675 incorruptibilis
884 1614 991 1671 est,
1037 1613 1091 1661 et
1130 1606 1428 1678 ingenitus,
1468 1606 1565 1663 sed
1600 1615 1660 1661 ut
1705 1606 1867 1663 Pater
1920 1615 1976 1663 et

401 1694 591 1749 mundi
628 1693 830 1765 opifex.

471 1793 573 1849 Hic
612 1794 746 1848 mihi
775 1801 1013 1851 attentas
1052 1808 1214 1852 aures
1252 1796 1495 1867 praebere
1524 1798 1826 1855 auditorem
1860 1814 1974 1854 ma-

402 1886 545 1941 xime
585 1887 818 1957 postulo.
853 1885 1138 1953 Quomodo
1187 1887 1331 1944 idem
1366 1904 1489 1946 esse
1541 1899 1697 1961 putat
1741 1891 1973 1947 duorum

402 1980 596 2035 horum
626 1982 908 2036 nominum
940 1983 1328 2052 signiﬁcatum,
1365 1987 1684 2050 creationis,
1726 1988 1972 2059 inquam,

399 2080 453 2127 et
508 2074 884 2143 paternitatis?
937 2073 1321 2144 Operationem
1390 2078 1535 2132 enim
1594 2094 1716 2135 esse
1778 2080 1973 2135 borum

401 2177 693 2239 utrumque
721 2183 787 2223 ex
805 2183 965 2238 aequo
996 2169 1206 2235 definit,
1241 2171 1443 2227 diserte
1471 2173 1552 2228 sic
1575 2188 1828 2231 sermone
1851 2189 1975 2245 pro-

401 2261 689 2316 nuntians:
752 2260 1182 2329 Incorruptibilis
1233 2279 1339 2318 non
1401 2274 1588 2320 estea:
1648 2268 1970 2335 operatione,

408 2352 570 2405 Pater
597 2363 771 2406 autem
794 2361 845 2408 et
876 2354 1062 2407 mundi
1090 2354 1266 2424 opifex
1294 2372 1360 2410 ea:
1390 2357 1777 2426 operationibus
1808 2359 1976 2413 nomi-

403 2451 583 2495 natur.
616 2441 673 2496 Si
702 2442 866 2512 igitur
894 2443 1037 2498 idem
1072 2453 1157 2499 est
1186 2443 1400 2500 Patrem
1428 2453 1482 2501 et
1504 2447 1691 2502 mundi
1722 2449 1973 2518 opificem

402 2533 581 2603 ipsum
614 2533 742 2598 dici,
774 2534 901 2604 quia
932 2534 1178 2606 Operatio
1205 2537 1276 2592 sit
1303 2536 1352 2592 ei
1381 2537 1666 2593 amborum
1694 2540 1975 2596 nominum

402 2642 589 2692 causa,
625 2642 848 2683 necesse
880 2636 964 2682 est
994 2628 1219 2685 omnino
1247 2630 1626 2698 operationum
1657 2631 1844 2687 effecta
1879 2649 1974 2688 co‘
2014 2672 2021 2679 .

403 2732 603 2789 genere
629 2734 690 2775 se
720 2718 923 2774 habere
953 2718 1094 2775 inter
1133 2735 1211 2787 se,
1241 2735 1307 2775 ex
1338 2736 1403 2775 eo
1431 2722 1549 2791 ipso
1582 2724 1727 2792 quod
1757 2739 1825 2779 ex
1850 2739 1978 2794 ope-

406 2811 617 2866 ratione
649 2811 921 2867 ‘similiter
958 2810 1085 2867 sint.
1126 2809 1239 2867 Hoc
1288 2819 1469 2869 autem
1519 2812 1585 2868 ad
1619 2830 1779 2886 quem
1831 2816 1979 2874 blas-

405 2901 634 2971 phemiae
665 2902 956 2956 terminum
988 2916 1084 2970 per
1106 2902 1554 2971 consequentiam
1585 2904 1829 2971 effertur,
1860 2907 1978 2961 cui-

2076 433 2357 505 ἐνεργείας
2383 425 2521 485 εἶναι
2554 429 2653 500 τὴν
2680 425 2987 497 ἀφθαρσίαν
3022 421 3206 484 αὐτοῦ,
3242 420 3319 485 ὡς
3343 420 3433 473 διὰ
3457 421 3651 475 τούτου

2074 527 2176 597 τὴν
2209 524 2349 580 κατὰ
2388 523 2483 577 τοῦ
2520 519 2855 590 Μονογενοῦς
2898 514 3251 588 παραλλαγὴν
3289 514 3503 585 Πατρδς
3544 514 3658 569 δει-

2076 617 2285 680 κνύων;
2332 616 2396 669 Ei
2437 615 2535 686 μὲν
2559 612 2669 685 γὰρ
2706 610 2941 683 φθαρτὸν
2966 606 3278 662 ὑποτίθεται
3312 605 3406 659 τὸν
3433 608 3659 662 κτιστὸν

2076 708 2275 764 ἑαυτοῦ
2299 707 2453 771 Θεὸν,
2489 703 2667 767 καλῶς
2691 704 2758 774 τῇ
2791 700 2885 756 τοῦ
2921 697 3161 771 φθαρτοῦ
3193 698 3329 769 πρὸς
3353 698 3416 751 τὸ
3439 698 3657 768 ἀφθαρ-

2074 821 2166 858 τον
2193 800 2458 872 διαφορᾷ,
2486 796 2586 870 τὴν
2616 795 2760 851 κατά
2792 793 2890 866 τὴν
2928 793 3089 863 φύσιν
3128 790 3484 863 παραλλαγὴν
3511 790 3659 844 ἀπο-

2074 895 2363 949 δείκνυσιν.
2398 892 2459 945 Εί
2485 890 2543 944 δὲ
2565 888 2914 950 ἀνεπίδεκτος
2941 886 3148 956 φθορᾶς
3167 882 3429 947 ὡσαύτως
3455 883 3654 937 Exars-

2079 1004 2189 1059 ρος,
2224 986 2320 1040 καὶ
2344 983 2468 1038 οὒτε
2503 983 2565 1037 τὸ
2601 980 2817 1054 μᾶλλον,
2855 976 2979 1033 οὔτε
3015 978 3077 1031 τὸ
3114 973 3279 1048 ἧττον
3311 977 3369 1029 ὲν
3398 979 3466 1048 τῇ
3508 976 3657 1029 κατά

2076 1079 2236 1151 φύσιν
2270 1077 2546 1150 ἀφθαρσίᾳ
2574 1069 3073 1144 καταλαμϐάνεται’
3118 1069 3236 1132 πῶς
3277 1066 3517 1121 δείκνυσι
3552 1064 3657 1120 τοῦ

2075 1172 2288 1245 Πατρὺς
2308 1171 2445 1244 πρὸς
2468 1169 2561 1223 τὸν
2591 1166 2850 1240 μονογενῆ
2874 1163 3002 1218 Υίὸν
3023 1160 3084 1216 τὸ
3109 1160 3436 1233 ἀσύγκριτον
3458 1176 3474 1225 ;
3495 1160 3569 1213 Ἣ
3598 1158 3655 1212 τί

2076 1264 2323 1336 βούλεται
2357 1261 2419 1315 τὸ
2459 1260 2533 1331 μὴ
2575 1259 2636 1324 ἐξ
2679 1256 2953 1328 ἐνεργείας
2996 1250 3535 1326 προσμαρτυρεῖσθαι
3572 1250 3661 1321 τῷ

2075 1355 2247 1425 Πατρὶ
2272 1354 2331 1407 τὸ
2366 1353 2669 1423 ἀφθαρτον;
2703 1348 2839 1401 Ἀλλ’
2860 1345 3190 1399 ὲκκαλύπτει
3217 1343 3307 1397 τὸν
3337 1342 3539 1396 σκοπὸν
3569 1341 3655 1412 τῷ

2078 1445 2214 1516 μετὰ
2230 1442 2402 1498 ταῦτα
2426 1441 2568 1511 λόγῳ
2588 1457 2601 1471 ·
2625 1440 2726 1493 οὐκ
2750 1437 2807 1505 ἐξ
2826 1435 3136 1509 ἐνεργειῶν,
3167 1434 3352 1505 φησὶν,
3374 1431 3653 1503 ἄφθαρτός

2076 1539 2190 1590 ἐστι
2230 1535 2324 1589 καὶ
2356 1533 2681 1604 ἀγέννητος,
2715 1531 2790 1594 ὡς
2830 1528 3020 1599 Πατὴρ
3065 1526 3121 1580 δὲ
3172 1526 3265 1579 καὶ
3299 1523 3652 1596 δημιουργός,

2145 1804 2333 1877 Τούτῳ
2369 1820 2458 1875 μοι
2481 1800 2765 1873 προσέχειν
2794 1795 3025 1867 μάλιστα
3057 1788 3147 1845 τὸν
3176 1788 3453 1860 ἀκροατὴν
3488 1784 3649 1854 ἀξιῶ.

2076 1900 2201 1964 Πῶς
2225 1896 2419 1952 ταύτὸν
2442 1894 2611 1948 οίεται
2637 1890 2746 1944 τῶν
2774 1887 2867 1941 δύο
2902 1885 3108 1940 τούτων
3141 1881 3423 1952 ὀνομάτων
3459 1879 3518 1932 τὸ
3544 1896 3653 1949 οη.

2080 1991 2417 2064 μαινόμενον,
2443 1984 2544 2055 τῆς
2563 1978 2940 2053 δημιουργίας,
2960 1975 3122 2064 λέγω,
3150 1973 3363 2042 καὶ-τῆς

2073 2060 2185 2147 τος⁶
2220 2060 2494 2151 ἐνέργειαν
2520 2074 2629 2145 γάρ
2653 2067 2789 2124 εἶναι
2817 2067 3027 2122 τούτων
3043 2061 3300 2134 ἑκάτερον
3319 2061 3515 2131 ἐπίσης
3538 2060 3656 2131 (ipi-

2075 2176 2246 2242 ζεται,
2276 2170 2461 2241 σαφῶς
2483 2167 2653 2229 οὕτως
2670 2160 2997 2233 διαγορεύων
3017 2157 3095 2227 τῷ
3113 2155 3277 2226 λόγῳ,
3298 2154 3381 2208 ὅτι
3404 2154 3658 2242 Ἀξσθαρα

2073 2240 2179 2334 τος
2204 2240 2322 2336 μὲν
2356 2240 2466 2316 οὐκ
2510 2255 2773 2326 ἐνεργείᾳ
2814 2250 2986 2305 ἐστὶν
3007 2289 3021 2312 ,
3061 2244 3263 2313 Πατὴρ
3306 2242 3387 2336 δέ
3419 2241 3517 2295 καί
3553 2240 3661 2336 δη-

2071 2331 2354 2429 μιουργὸς
2382 2351 2451 2416 ἐξ
2478 2344 2786 2418 ἐνεργειῶν
2817 2338 3175 2429 ὀνομάζεται.
3204 2336 3274 2429 ᾲΕί
3304 2333 3485 2429 τοίνυν
3517 2331 3659 2429 ταῦα

2076 2422 2166 2505 τόν
2205 2422 2321 2501 εστι
2345 2440 2566 2513 Πατέρα
2593 2452 2652 2491 τε
2678 2436 2772 2490 καὶ
2801 2428 3128 2504 δημιουργὸν
3159 2424 3318 2481 αὐτὸν
3352 2422 3613 2493 λέγεσθαι
3638 2458 3653 2485 ,

2076 2541 2153 2611 τῷ
2176 2539 2274 2612 τὴν
2303 2535 2581 2605 ἐνέργειαν
2604 2524 2927 2599 ἀμφοτέρων
2964 2519 3113 2592 αὐτῷ
3136 2516 3381 2612 γίνεσθαι
3405 2516 3518 2570 τῶν
3541 2517 3657 2612 ὀνο-

2082 2606 2266 2707 μάτωψν
2305 2627 2514 2690 αἰτίαν,
2543 2622 2756 2690 ἀνάγκη
2790 2616 2939 2670 πᾶσα
3100 2612 3172 2707 τὰ
3204 2609 3314 2664 τῶν
3359 2606 3659 2707 ἐνεργειῶν

2076 2698 2490 2791 ἀποτελέσματα
2522 2710 2797 2786 ὁμογενῶς
2817 2708 2960 2781 ἔχειν
2988 2705 3254 2777 ἀλλήλοις,
3279 2704 3399 2791 κατέ
3430 2700 3564 2755 αὐτὸ
3593 2698 3660 2753 τὸ

2077 2812 2139 2882 ἐξ
2193 2790 2471 2884 ἐνεργείας
2523 2804 2724 2877 ὁμοίως
2772 2794 2930 2854 εἶναι.
2986 2793 3155 2850 Τοῦτο
3199 2792 3257 2848 δὲ
3311 2790 3453 2884 πρὸς
3500 2791 3659 2843 ποῖον

2082 2902 2426 2981 βλασφημίας
2480 2898 2653 2969 πέρας
2705 2893 2792 2948 διά
2830 2893 2930 2963 τῆς
2965 2885 3284 2981 ἀκολουθίας
3327 2883 3620 2981 ἐκφέρεται
3630 2918 3657 2981 Γ

405 2991 488 3047 vis
521 2993 865 3063 perspicuum
898 2998 983 3047 est
1007 2991 1203 3048 scienti
1232 3007 1456 3049 cernere
1474 2995 1605 3065 quid
1633 2996 1831 3067 cuique
1853 3014 1977 3055 con-

2081 2972 2244 3056 παντί.
2279 2972 2441 3067 δῆλόν
2486 2994 2604 3045 ἐστι
2638 2988 2717 3059 τῷ
2763 2982 3108 3054 ἐπισταμένῳ
3154 2978 3371 3090 βλέπειν
3417 2977 3555 3090 πρὸς
3596 2972 3666 3081 rb

404 3093 686 3156 sequatur.
722 3084 835 3156 Ego
867 3100 996 3149 vero
1033 3099 1371 3158 quaecunque
1410 3087 1477 3143 de
1507 3088 1592 3146 his
1622 3092 1837 3146 ratione
1860 3092 1975 3147 col-

405 3177 537 3249 ligo,
584 3192 898 3233 sermonum
946 3179 1317 3250 disquisitioni
1365 3180 1489 3235 volo
1539 3181 1796 3251 adjicere.
1833 3181 1976 3239 Fieri

406 3285 516 3325 non
562 3276 760 3341 potest,
807 3278 867 3325 ut
905 3271 1153 3342 operatio
1184 3272 1263 3327 rei
1297 3272 1533 3342 alicujus
1563 3273 1806 3329 effectrix
1859 3276 1979 3346 ipsa

405 3377 503 3431 per
531 3376 590 3417 se
613 3360 899 3426 subsistat,
942 3361 989 3415 si
1016 3375 1122 3414 non
1162 3361 1352 3416 subest
1379 3361 1584 3431 aliquid
1613 3362 1757 3430 quod
1788 3376 1979 3431 opera-

406 3453 573 3508 tionis
603 3462 806 3506 motum
840 3452 1124 3520 suscipiat,
1153 3452 1318 3507 veluti
1347 3453 1561 3523 operari
1596 3453 1833 3510 dicimus
1852 3469 1978 3510 eum

407 3542 499 3611 qui
528 3556 603 3596 res
628 3541 902 3611 procudit,
936 3541 1070 3597 efﬁci
1103 3558 1232 3597 vero
1257 3544 1540 3600 materiam
1571 3560 1693 3616 quae
1721 3547 1822 3601 arti
1850 3547 1980 3602 sub-

404 3630 549 3699 jecla
579 3639 683 3686 εει.
718 3632 860 3701 Ergo
887 3631 1002 3686 lucc
1038 3632 1182 3688 inter
1210 3647 1269 3687 se
1289 3634 1655 3689 necessariam
1684 3636 1977 3706 quamdam

410 3721 725 3775 relationem
749 3721 971 3783 habent,
1002 3721 1187 3779 efﬁcax
1213 3732 1267 3779 et
1292 3724 1530 3793 patibilis
1560 3724 1816 3792 facultas,
1846 3743 1981 3799 quo-

407 3826 527 3867 rum
564 3812 609 3866 si
646 3812 856 3869 ratione
897 3814 1126 3869 alterum
1177 3813 1340 3870 fuerit
1378 3825 1709 3887 separatum,
1764 3834 1875 3875 non
1924 3821 1979 3875 in

407 3905 588 3973 seipso
640 3919 738 3975 per
792 3920 851 3960 se
912 3906 1142 3961 alterum
1191 3908 1522 3963 constiterit.
1578 3910 1636 3965 Si
1690 3911 1834 3965 enim
1871 3926 1979 3966 non

409 3995 575 4051 fuerit
597 3996 742 4067 quod
780 3998 1003 4067 patitur,
1033 3998 1178 4067 quod
1210 4006 1334 4070 agat
1361 4015 1470 4054 non
1501 4000 1626 4056 erit.
1650 3999 1791 4067 Quid
1818 4002 1981 4071 igitur

408 4104 473 4142 ex
509 4091 613 4142 hoc
638 4089 947 4151 conficitur,
997 4090 1043 4143 si
1077 4104 1184 4144 non
1221 4104 1318 4159 per
1349 4105 1407 4146 se
1450 4090 1705 4147 consistit
1737 4093 1983 4162 operatio

413 4179 493 4234 rei
536 4178 770 4249 alicujus
812 4179 1080 4245 eﬂ‘ectrix,
1121 4181 1166 4236 si
1207 4196 1315 4236 non
1350 4182 1493 4238 adsit
1541 4182 1843 4252 subjectum
1884 4199 1980 4253 pa-

412 4270 594 4327 tiens?
630 4268 792 4325 Pater
829 4277 1032 4335 autem,
1063 4272 1205 4328 sicut
1237 4273 1325 4328 isti
1356 4274 1530 4336 aiunt,
1558 4275 1691 4329 nihil
1726 4275 1872 4330 aliud
1899 4282 1981 4331 est

2079 3064 2388 3153 ἀκόλουθον.
2431 3080 2572 3153 Ἐγὼ
2598 3082 2641 3136 δ’
2664 3080 2763 3134 ὅσα
2791 3077 2918 3148 περὶ
2953 3074 3155 3128 τούτων
3182 3070 3488 3139 λογίζομαι,
3525 3064 3657 3136 βού-

2077 3190 2240 3259 λομαι
2288 3178 2600 3253 προσθεῖναι
2652 3174 2717 3244 τῇ
2771 3166 3113 3233 συνεξετόωει
3158 3164 3268 3218 τῶν
3298 3162 3493 3259 λόγων.
3539 3160 3659 3259 Dux

2078 3254 2224 3335 ἔστιν
2259 3275 2535 3346 ἐνέργειαν
2568 3262 2976 3338 ἀπεργαστικήν
3012 3274 3158 3357 τινος
3204 3257 3526 3357 πράγματος
3555 3254 3659 3357 αύ-

2078 3372 2176 3444 τὴν
2200 3370 2286 3440 ἐφ’
2319 3363 2520 3434 ἑαυτῆς
2549 3357 2828 3427 συστῆναι,
2863 3355 2936 3444 μή
2964 3368 3105 3415 τινος
3137 3347 3529 3444 ὑποδεχομένου
3558 3347 3663 3444 τῇς

2080 3434 2359 3535 ὲνέργείας
2404 3453 2502 3526 τὴν
2540 3451 2791 3520 κίνησιν·
2836 3441 2948 3498 οἷον
2978 3442 3219 3513 ἐνεργεῖν
3264 3438 3318 3491 τί
3347 3452 3529 3535 φαμεν
3566 3434 3663 3535 τὸν

2080 3530 2428 3634 χαλκεύοντα,
2468 3546 2805 3624 ἐνεργεῖσθαι
2833 3545 2891 3634 δὲ
2920 3541 3018 3614 τὴν
3048 3537 3371 3634 έγκειμένην
3403 3533 3543 3634 iam;
3590 3530 3658 3634 τῇ

2079 3620 2262 3721 τέχνῃ.
2292 3640 2500 3701 οὐκοῦν
2519 3620 2820 3707 ἀναγκαίαν
2844 3632 2955 3704 ἔχει
2975 3628 3096 3729 τινὰ
3122 3627 3311 3729 σχέσιν
3327 3623 3503 3729 ταῦτα
3521 3620 3660 3729 arpi);

2081 3716 2284 3811 ἄλληλα
2317 3738 2351 3808 ὴ
2383 3729 2707 3805 ὲνεργητικὴ
2748 3726 2844 3780 καὶ
2882 3724 2919 3794 ἡ
2960 3717 3262 3813 παθητικὴ-
3283 3716 3512 3813 δύναμις
3535 3754 3551 3776 ,
3584 3716 3659 3813 ὢν

2082 3834 2130 3887 εί
2157 3805 2450 3903 χῶρισθείη
2477 3822 2554 3893 τῷ
2581 3820 2729 3889 λόγῳ
2769 3815 2830 3870 τὸ
2856 3815 3046 3903 ἕτερον
3059 3851 3074 3876 ,
3114 3810 3213 3903 οὐκ
3236 3806 3302 3903 ἂν
3329 3805 3415 3903 ἐφ’
3462 3805 3661 3903 ἑαυτοῦ

2084 3893 2311 3991 συσταίη
2337 3893 2517 3973 καὶ-τὸ
2541 3910 2878 3980 λειπόμενον.
2906 3905 2969 3958 Εί
2992 3902 3100 3974 γάρ
3127 3901 3201 3970 μὴ
3230 3899 3293 3952 τδ
3315 3897 3526 3967 πάσχον
3546 3893 3659 3991 εἴη,

2081 4014 2143 4067 τὸ
2161 3986 2413 4084 ἐνεργοῦν
2441 4006 2540 4060 οὐκ
2572 4003 2744 4057 ἔσται.
2778 3999 2843 4052 Τί
2869 3992 2961 4051 οὖν
2994 3996 3060 4048 ὲκ
3086 3991 3276 4046 τούτου
3312 3986 3659 4042 κατασκευά-

2082 4077 2271 4171 ζεται,
2298 4077 2363 4154 *εί
2405 4098 2465 4151 οὗ
2496 4086 2821 4149 συνίσταται
2850 4087 2970 4142 καθ’
3006 4082 3201 4154 ἑαυτὴν
3238 4083 3273 4151 ἡ
3303 4080 3577 4178 ἐνέργεια,
3621 4077 3657 4178 η

2082 4168 2472 4258 ἀποτελεστική
2502 4200 2645 4246 τινος
2680 4180 3022 4251 πράγματος,
3055 4174 3130 4246 μὴ
3169 4168 3532 4240 ὑποκειμένου
3560 4168 3661 4220 τοῦ

2084 4284 2420 4354 πάσχοντος;
2471 4279 2529 4330 'U
2563 4276 2751 4344 Πατὴρ
2786 4271 2864 4336 δὲ,
2903 4266 3085 4329 καθὼς
3115 4258 3259 4318 οὗτοί
3291 4277 3478 4354 φασιν,
3503 4258 3661 4354 οὐδὲν

410 4377 574 4431 quam
603 4363 881 4434 operatio:
934 4364 1177 4434 patibilis
1208 4364 1371 4433 igitur
1397 4380 1492 4435 per
1526 4364 1641 4421 hac
1668 4366 1977 4437 unlgenitus

2083 4350 2270 4447 ἕτερόν
2295 4374 2440 4425 ἐστιν
2471 4369 2505 4438 ἢ
2535 4366 2783 4437 ἐνέργεια
2803 4379 2817 4393 ⁸
2858 4359 3096 4429 παθητὸς
3121 4357 3227 4428 ἄρα
3268 4354 3357 4447 διά
3385 4350 3661 4447 τούτωνῌδ

411 4453 583 4511 Filius
615 4454 1045 4520 demonstratur,
1071 4454 1136 4510 ad
1176 4455 1475 4521 motionem,
1503 4457 1833 4525 operationis
1862 4472 1982 4528 qua:

412 4548 589 4615 ipsum
642 4547 944 4603 subsistere
989 4547 1120 4603 facit
1137 4546 1472 4605 eﬂormatus.
1510 4550 1979 4616 Quemadmodum

410 4640 556 4694 enim
587 4640 824 4695 universi
871 4639 1204 4696 conditorem
1251 4639 1505 4704 dicimus,
1554 4640 1827 4711 patibilem
1876 4643 1978 4697 alis

410 4745 573 4800 quam
614 4737 669 4785 et
708 4728 868 4784 facile
896 4730 1175 4785 cedentem
1204 4730 1484 4784 materiam
1515 4731 1839 4800 subjecisse,
1872 4733 1979 4787 sic-

408 4837 516 4893 que
543 4820 812 4881 ellicacem
844 4823 927 4878 sui
951 4822 1124 4891 ipsius
1144 4822 1509 4892 operatricem
1540 4824 1831 4878 essentiam
1851 4822 1977 4880 effe-

408 4915 578 4970 cisse:
619 4914 674 4969 in
706 4913 1060 4971 sensibilibus
1088 4913 1307 4984 quidem
1332 4912 1509 4970 varias
1536 4922 1591 4970 et
1617 4915 1978 4974 multiformes

408 5007 661 5076 subjecto
708 5006 1000 5076 qualitates
1052 5007 1119 5059 ad
1166 5007 1435 5077 cujusque
1471 5021 1660 5063 eorum
1692 5023 1814 5079 quae
1843 5008 1979 5063 (lunt

404 5099 744 5154 effectionem
771 5096 1064 5154 artificiose
1091 5098 1454 5164 inserentem;
1495 5107 1549 5151 at
1578 5113 1706 5154 vero
1737 5100 1789 5154 in
1821 5101 1979 5156 intel-

408 5188 711 5260 ligibilibus
742 5190 918 5244 altero
964 5187 1147 5253 modo,
1179 5203 1291 5243 non
1337 5188 1697 5258 qualitatibus
1736 5190 1832 5245 sed
1867 5191 1979 5246 eie-

405 5282 569 5337 ctivis
596 5281 1022 5353 impulsionibus
1049 5278 1483 5335 conformantem
1521 5278 1848 5349 subjectum.
1887 5278 1980 5335 Sic

409 5377 721 5431 necessario
756 5376 803 5433 si
835 5375 1130 5432 efficaciam
1159 5373 1284 5443 quis
1313 5358 1535 5427 definiat
1571 5372 1976 5443 paternitatem,

406 5480 517 5522 non
568 5467 726 5521 aliter
767 5466 1163 5522 demonstrabit
1205 5480 1328 5521 esse
1377 5462 1498 5517 Filii
1534 5462 1975 5526 subsistentiam,

408 5553 512 5608 nisi
548 5569 643 5623 per
670 5556 907 5625 aliquam
932 5555 1210 5624 patibilem
1242 5554 1525 5608 materiam
1553 5553 1782 5608 omnino
1810 5552 1976 5606 absoa

410 5642 689 5701 lotam..Si
731 5645 873 5700 enim
902 5644 1222 5714 impatibilis
1250 5645 1679 5708 existimaretur,
1726 5645 1968 5699 renitens

2087 4441 2379 4538 μονογενὴς
2411 4460 2539 4523 Υἱὸς
2570 4455 2967 4513 ἀποδείκνυται,
2999 4449 3135 4538 πρὸς
3163 4447 3263 4518 τὴν
3296 4445 3511 4538 κίνησιν
3551 4441 3658 4538 τῇς

2085 4529 2393 4623 ύφιστώσης
2420 4548 2578 4604 αὐτὸν
2606 4542 2885 4615 ἐνεργείας
2911 4537 3266 4606 τυπούμενος.
3303 4533 3394 4596 Ὠς
3418 4532 3529 4603 γὰρ
3563 4529 3659 4583 τὸν

2081 4646 2176 4699 τοῦ
2221 4640 2418 4704 παντὸς
2453 4636 2778 4710 δημιουργόν
2819 4646 2997 4701 φαμεν
3041 4626 3349 4697 παθητικήν
3393 4640 3514 4678 τινα
3560 4623 3661 4676 καὶ

2082 4735 2321 4791 εὖεικτον
2384 4731 2516 4802 ὕλην
2566 4724 3003 4795 ὑποϐαλλόμενον
3051 4719 3270 4789 ἐνεργὸν
3319 4714 3510 4770 ἑαυτοῦ
3552 4715 3659 4785 τὴν

2082 4825 2476 4899 δημιουργικὴν
2497 4821 2685 4876 οὐσίαν
2706 4817 2947 4887 ποιῆσαν
2972 4813 3065 4867 ἐπὶ
3095 4812 3194 4882 μὲν
3219 4810 3329 4864 τῶν
3357 4808 3655 4878 αἰσθητῶν,

2081 4915 2178 4979 τάς
2201 4913 2447 4974 ποικίλας
2465 4928 2523 4963 τε
2547 4910 2641 4963 καὶ
2663 4903 2957 4967 πολυειδεῇ
2974 4901 3052 4974 τῷ
3072 4900 3415 4971 ὑποκειμένῳ
3442 4899 3659 4967 ποιότη-

2080 5023 2180 5069 τας
2230 5003 2364 5077 πρὸς
2404 5001 2504 5073 τὴν
2549 5000 2779 5053 ἑκάστου
2808 4996 2919 5050 τῶν
2966 4994 3268 5064 γινομένων
3311 4990 3662 5061 ἀπεργασίαν

2079 5096 2339 5168 τεχνικῶς
2364 5092 2734 5155 ἐπιόἀλλοντα,
2760 5091 2852 5143 ἐπὶ
2885 5088 2942 5141 δὲ
2971 5086 3080 5140 τῶν
3103 5083 3308 5156 νοητῶν
3332 5082 3518 5153 ἕτερον
3540 5082 3661 5152 τρὸ·

2082 5202 2182 5241 πον
2209 5185 2330 5256 οὐχὶ
2357 5184 2654 5253 ποιότησιν,
2690 5177 2827 5233 ἀλλά
2858 5175 3264 5249 προαιρετικαῖς
3296 5172 3499 5242 ὁρμαῖς
3537 5168 3661 5222 δια-

2084 5275 2394 5350 μορφοῦντα
2434 5274 2496 5326 τὸ
2544 5267 2920 5340 ὑποκείμενον.
2963 5265 3149 5328 οὕτως
3200 5261 3261 5328 ἐξ
3306 5263 3555 5350 ἀνάγκης
3606 5262 3657 5312 εἰ

2079 5366 2359 5438 ὲνέργειάν
2402 5381 2486 5427 τις
2519 5361 2753 5434 ὁρίζοιτο
2800 5358 2901 5430 τὴν
2948 5355 3281 5427 πατρότητα,
3330 5353 3434 5405 οὐκ
3479 5349 3655 5413 ἄλλως

2079 5458 2349 5525 ἀποδείξει
2381 5456 2474 5510 τοῦ
2513 5452 2641 5509 Υἱοῦ
2676 5451 2777 5524 τὴν
2806 5449 3098 5506 ὑπόστασιν
3122 5488 3136 5513 ,
3170 5446 3218 5499 εί
3252 5445 3327 5516 μὴ
3359 5442 3503 5498 κατά
3530 5451 3658 5494 τινα

2082 5550 2328 5622 παθητὴν
2352 5549 2567 5611 πάντως
2591 5543 3027 5618 ἀπεργασθεῖσαν
3050 5539 3199 5611 ὓλην.
3219 5538 3285 5592 Εί
3306 5536 3416 5608 γὰρ
3437 5531 3653 5602 ἀπαθὴς

2080 5640 2383 5712 νομισθείη,
2428 5638 2713 5700 ἀντίτυπος
2754 5636 2968 5698 πάντως
3014 5633 3050 5703 η
3095 5629 3332 5686 ἀπάθεια
3373 5627 3451 5699 τῷ
3504 5627 3655 5696 ἐνερ-
