4010 6212
305 229 442 306 tos?

1428 236 1712 308 CONTRA
1738 250 2134 322 ,EUNOMIUM,
2151 253 2277 310 LIB.
2313 254 2424 311 xu.

3417 255 3556 312 10⁸58

302 360 488 432 γοῦντι
515 360 833 432 γενήσεται,
864 360 1214 433 κωλυομένης
1241 361 1295 416 δὲ
1322 361 1418 431 τῆς
1446 361 1752 434 ἐνεργείας,
1780 363 1877 416 οὐκ

1985 364 2143 435 plane
2167 364 2545 434 impatibilitas
2584 364 2833 436 aperanti
2865 363 3036 428 foret;
3085 364 3343 435 impedita
3371 377 3555 422 autem

301 457 458 509 ἔσται
485 454 700 518 πάντως
729 453 791 508 τὸ
816 453 1230 525 ἑνεργούμενον.
1277 454 1362 518 Ὠς
1391 454 1537 508 δυοῖν
1575 453 1821 526 θάτερον,
1847 454 1881 525 ἢ

301 545 551 616 παθητὴν
598 545 688 599 διά
741 545 944 599 τούτων
996 545 1091 600 τοῦ
1145 546 1483 615 Μονογενοῦς
1536 547 1637 618 τὴν
1694 545 1883 600 οὐσίαν

300 639 639 709 ποιήσουσιν,
681 637 768 691 ῐνα
800 639 901 710 τὴν
937 638 1216 710 ἐνέργειαν
1241 637 1477 710 δέξηται,
1514 636 1546 709 ἢ
1593 636 1750 691 τοῦτο
1794 636 1884 691 διά

299 730 361 783 τὸ
394 729 671 801 προφανὲς
702 728 802 800 τῆς
835 727 1087 791 ἀσεϐείας
1132 729 1413 793 ὀκνοῦντες
1432 769 1447 794 ,
1482 729 1545 782 τὸ
1576 727 1708 800 μηδὲ
1746 728 1883 792 ὅλως

299 820 470 892 αὐτὴν
501 817 639 875 εἶναι
664 821 1180 884 κατασκευάζουσιν.
1220 823 1286 875 ’0
1311 820 1420 891 γάρ
1450 816 1640 876 παθεῖν
1675 819 1883 873 ἀποπέ-

300 930 495 983 φυκεν,
523 912 646 967 οὐδὲ
672 913 771 984 τὴν
793 912 1077 984 ποιητικὴν
1103 913 1383 984 ἐνέργειαν
1411 913 1497 981 ἐφ’
1526 906 1717 965 ἑαυτοῦ
1743 909 1879 964 πάν-

296 1021 411 1067 τως
436 1003 739 1073 προσίεται.
781 1004 839 1058 '0
862 1005 1040 1057 τοίνυν
1066 1004 1343 1075 ἐνεργείας
1368 1002 1510 1067 τινὸς
1536 1000 1880 1072 ἀποτέλεσμα

297 1094 392 1148 τὸν
423 1094 554 1148 Υίὸν
590 1093 864 1166 διορίζων,
910 1094 969 1149 ἕν
1010 1112 1063 1148 τι
1098 1094 1191 1149 καὶ
1228 1092 1417 1148 τοῦτον
1470 1093 1579 1149 τῶν
1621 1092 1881 1165 παθητῶν

298 1183 615 1257 διορίζεται,
659 1187 760 1240 ὅσα
804 1185 869 1238 δι’
915 1181 1193 1258 ἐνεργείας
1235 1184 1359 1256 ἔσχε
1401 1182 1501 1257 τὴν
1553 1181 1877 1255 πρόοδονοῆ

298 1276 460 1347 εἴπερ
507 1272 724 1350 ἀρνοῒτο
761 1275 823 1330 τὸ
856 1275 1047 1340 πάθος,
1081 1275 1174 1330 καὶ
1220 1276 1318 1346 τὴν
1366 1273 1662 1329 ὑπόστασιν
1713 1271 1876 1328 αὐτοῦ

300 1362 443 1440 μετά
486 1368 580 1423 τοῦ
612 1369 814 1433 πάθους
860 1369 1171 1440 ἀρνήσεται.
1214 1366 1352 1421 Ἀλλ’
1382 1366 1568 1437 ἐπειδὴ
1599 1365 1718 1419 καθ’
1746 1364 1877 1419 ἑκά-

295 1465 457 1531 τερον
509 1460 619 1514 τῶν
664 1460 805 1514 κατά
858 1461 917 1515 τὸ
969 1459 1305 1533 διλήμματον
1349 1457 1796 1532 προφαινομένων
1844 1459 1877 1528 ἡ

295 1550 541 1612 ἀσέϐεια,
577 1552 673 1605 καί
702 1551 761 1606 τὸ
792 1550 866 1623 μὴ
894 1547 1028 1606 εἶναι
1061 1551 1259 1619 λέγειν,
1295 1551 1387 1604 καὶ
1421 1549 1480 1604 τὸ
1514 1547 1754 1617 παθητὸν
1782 1547 1879 1600 αὺ-

1985 454 2298 522 operatione
2339 468 2451 506 non
2497 453 2603 508 erit
2654 452 2879 507 omnino
2925 453 3071 524 quod
3102 453 3352 510 eilicitur.
3384 454 3462 508 lta
3495 465 3555 511 ut

1983 543 2216 600 duorum
2258 544 2513 611 alterum,
2559 543 2644 600 vel
2674 544 2956 615 patibilem
3007 561 3102 616 per
3128 545 3244 601 haec
3275 545 3553 617 Unigeniti

1982 635 2277 691 essentiam
2323 634 2545 699 facient,
2583 642 2642 689 ιιι
2674 636 3044 705 operationem
3082 638 3293 707 capiat;
3333 639 3419 692 vel
3448 638 3553 693 hoc

1984 731 2207 794 propter
2235 721 2541 780 evidentem
2572 723 2905 794 impietatem
2931 732 3205 792 verentes,
3240 741 3415 796 neque
3458 743 3552 798 pe-

1982 817 2131 873 nitus
2159 817 2332 887 ipsam
2366 832 2489 875 esse
2524 825 2881 890 praestruunt.
2919 817 3073 884 Quod
3121 818 3267 873 enim
3306 820 3414 887 pati
3449 837 3550 874 na-

1981 915 2101 963 tura
2136 908 2413 975 abhorret,
2467 925 2644 980 neque
2668 909 2997 965 eﬁ‘ectricem
3029 909 3324 964 ellicaciam
3372 910 3425 964 in
3462 926 3551 966 se-

1980 998 2158 1069 ipsum
2200 999 2423 1054 omnino
2456 998 2713 1055 admittit.
2745 999 2849 1066 Qui
2882 998 3048 1070 igitur
3094 999 3327 1069 alicujus
3355 1016 3554 1071 opera-

1980 1090 2146 1147 tionis
2196 1090 2446 1147 eﬁ‘ectum
2493 1091 2690 1147 Filium
2732 1090 2943 1156 deﬁnit,
2996 1091 3143 1145 hunc
3182 1091 3344 1147 etiam
3382 1107 3550 1147 unum

1980 1185 2111 1256 quid
2138 1200 2324 1241 eorum
2361 1196 2481 1255 qum
2506 1185 2616 1256 pati
2646 1194 2775 1238 nata
2807 1192 2936 1238 sunt
2962 1182 3169 1248 deﬁnit,
3212 1199 3552 1255 quascunque

1979 1286 2077 1347 per
2126 1277 2492 1346 operationem
2536 1288 2856 1346 processum
2895 1274 3117 1339 habent,
3150 1274 3233 1328 ‘vel
3279 1274 3548 1345 siquidem

1980 1370 2381 1438 perpessionem
2406 1375 2583 1438 neget,
2609 1367 2773 1422 etiam
2802 1367 2976 1437 ipsius
2993 1365 3405 1422 subsistentiam
3426 1381 3549 1419 cum

1980 1457 2331 1527 perpessione
2350 1457 2585 1527 negabit.
2610 1456 2717 1512 Sed
2742 1455 2999 1527 quoniam
3021 1455 3320 1512 secundum
3343 1466 3552 1510 utrum-

1970 1531 2086 1617 'que
2109 1559 2298 1601 eorum
2331 1560 2456 1616 qua)
2498 1560 2594 1617 per
2634 1546 2891 1601 dilemma
2929 1546 3396 1610 demonstrantur,
3448 1546 3553 1599 im-

294 1639 388 1695 τὺν
411 1641 637 1706 οἴεσθαι,
670 1643 933 1714 πρόδηλος
956 1644 989 1711 ἡ
1019 1641 1267 1714 ἀλήθεια,
1292 1641 1378 1695 διά
1402 1640 1502 1711 τῆς
1527 1640 1637 1694 τῶν
1659 1640 1875 1694 ἀτόπων

1978 1641 2153 1711 pietas
2180 1649 2284 1702 est,
2332 1648 2385 1695 et
2418 1652 2528 1694 non
2568 1655 2691 1695 esse
2718 1638 2921 1702 dicere,
2956 1647 3011 1694 et
3059 1640 3240 1709 ipsum
3272 1637 3550 1709 patibilem

295 1728 631 1799 ἀναιρέσεως
662 1730 1088 1802 ἀναφαινομένη.
1130 1730 1193 1783 Et
1225 1729 1334 1801 γάρ
1365 1730 1459 1783 καὶ
1490 1728 1704 1799 άληθῶς
1736 1728 1873 1792 ἐστι,

293 1820 391 1873 καὶ
419 1818 664 1891 παθητὸς
700 1822 800 1875 οὐκ
844 1820 1011 1885 ἔστιν,
1045 1821 1204 1891 δῆλον
1237 1821 1317 1874 ὅτι
1358 1818 1457 1874 οὐκ
1495 1820 1555 1888 ἐξ
1596 1820 1877 1891 ἐνεργείας

294 1910 470 1975 ἐστὶν,
499 1910 614 1964 ἀλλ’
639 1913 713 1976 ὡς
746 1913 892 1976 εἰκὸς
921 1911 1173 1982 ἀληθινὸν
1199 1907 1336 1966 εἶναι
1360 1911 1492 1966 Θεὸν
1523 1912 1586 1964 ὲκ
1618 1910 1712 1965 τοῦ
1744 1911 1877 1983 άληο

293 1998 449 2053 θινοῦ
475 1999 611 2054 Θεοῦ
656 2000 748 2055 τοῦ
790 2001 1023 2074 Πατρδς,
1063 2001 1288 2066 ἀπαθῶς
1320 2002 1380 2066 ἐξ
1409 2001 1581 2055 ἀϊδίου
1627 2002 1877 2070 ἀπαυγα-

294 2088 499 2143 σθέντα
531 2107 589 2143 τε
642 2091 732 2145 καὶ
776 2091 1149 2162 ὲκλάμψαντᾱ.
1203 2090 1363 2144 Ἀλλά
1415 2089 1534 2143 κατ’
1572 2087 1741 2161 αὐτὴν
1777 2089 1876 2160 τὴν

291 2179 523 2245 οὐσίαν,
558 2180 755 2253 φησὶν,
790 2182 1065 2254 ἄφθαρτός
1105 2185 1251 2236 ἐστιν
1289 2184 1317 2235 ὁ
1357 2181 1520 2245 Θεός·
1566 2180 1620 2234 τί
1653 2179 1710 2234 δὲ
1751 2180 1879 2235 ἀλλο

290 2268 407 2323 τῶν
436 2269 752 2342 θεοπρεπῶν
776 2272 1061 2343 νοημάτων
1083 2273 1183 2326 οὐκ
1210 2272 1382 2343 αὐτῆς
1409 2272 1589 2342 ἔχεται
1621 2270 1715 2325 τοῦ
1745 2269 1878 2324 Υίοῦ

288 2360 396 2432 τῆς
425 2361 649 2428 οὓσίαςς
682 2361 756 2417 Τὸ
782 2363 1007 2430 δίκαιον,
1039 2360 1099 2417 τὸ
1129 2358 1351 2433 ἀγαθὸν,
1385 2363 1446 2416 τὸ
1472 2362 1661 2426 ἀίδιον,
1697 2362 1757 2416 τὸ
1783 2361 1876 2416 τοῦ

290 2452 472 2506 κακοῦ
503 2454 702 2517 παντὸς
729 2453 1106 2518 ἀνεπίδεκτον,
1134 2455 1195 2508 τδ
1231 2456 1288 2509 ὲν
1320 2455 1484 2508 παντὶ
1529 2453 1606 2525 τῷ
1650 2453 1790 2508 κατὰ
1818 2453 1878 2507 τὸ

290 2542 503 2611 ἀγαθὸν
543 2544 815 2616 νοουμένῳ
840 2545 1245 2617 ἀπεριόριστον.
1283 2537 1420 2616 Ἀρα
1449 2543 1531 2608 τίς
1558 2545 1704 2598 ἐστιν
1734 2546 1763 2599 ὁ
1791 2543 1880 2598 λέι

287 2650 428 2703 γιον,
474 2625 765 2707 ὲπίκτητόν
807 2654 859 2689 τι
896 2636 1009 2690 τῶν
1046 2636 1227 2690 καλῶν
1258 2633 1395 2689 εἶναι
1428 2638 1495 2707 τῇ
1535 2634 1654 2707 θεία
1696 2635 1878 2705 φύσει,

287 2725 389 2779 καὶ
414 2727 477 2781 οὐ
498 2728 607 2780 πᾶν
629 2728 658 2781 ὃ
677 2727 729 2781 τί
751 2726 858 2799 πέρ
884 2729 998 2780 ἐστι
1018 2726 1180 2781 καλὸν
1200 2727 1405 2780 ἐκεῖθέν
1424 2742 1482 2779 τε
1507 2725 1875 2798 ἀφορμᾶσθαι,

287 2816 391 2870 καὶ
415 2818 474 2871 ὲν
508 2820 645 2890 αὐτῇ
679 2818 1034 2889 θεωρείσθαι;
1068 2817 1224 2872 υῦτω
1252 2818 1347 2872 τοῦ
1380 2819 1660 2891 προφήτου
1690 2819 1876 2888 λέγον-

287 2924 408 2973 τος,
435 2909 520 2961 ὅτι
563 2909 617 2962 εί
634 2926 689 2962 τι
731 2909 929 2974 καλὸν,
965 2909 1149 2973 αὑτοῦ,
1188 2911 1279 2963 καὶ
1312 2911 1365 2963 εῐ
1396 2928 1451 2963 τι
1495 2910 1719 2979 ἀγαθὸν,
1744 2912 1879 2981 παρ’

288 2999 465 3053 αὐτοῦ
491 3000 624 3055 ἐστι.
657 2990 923 3054 Συνάπτει
945 3000 1002 3055 δὲ
1030 3000 1223 3071 τούτῳ,
1245 3001 1306 3053 τὸ
1326 3003 1419 3055 καλ⁸
1438 3002 1730 3073 ἀγέννητον
1758 3009 1878 3055 κατ’
1906 3032 1948 3091 c

287 3088 486 3143 οὐσίαν
511 3086 670 3146 εἶναι.
718 3091 859 3159 Ἐγὼ
886 3091 944 3145 δὲ
976 3092 1024 3144 εί
1058 3091 1156 3161 μὲν
1184 3090 1325 3144 οὕτω
1352 3091 1488 3144 νοῶν
1517 3092 1675 3145 τοῦτο
1706 3093 1871 3162 λέγει,

284 3182 379 3237 ὅτι
410 3176 703 3252 ἀγέννητός
736 3182 853 3235 ἐστι
879 3181 973 3235 τοῦ
1017 3174 1232 3253 Πατρδς
1261 3182 1293 3251 ἡ
1325 3181 1483 3236 οὐσία
1502 3220 1516 3246 ,
1564 3182 1874 3255 συντίθεμαι

284 3271 373 3343 τῷ
414 3271 712 3343 λεγομένῳ,
745 3274 838 3326 καὶ⁴
874 3273 973 3338 qua
1018 3273 1307 3328 άντιὸαίνω
1348 3272 1425 3344 τῷ
1456 3262 1704 3345 δόγματι.
1741 3274 1874 3328 Οὐδὲ

284 3363 407 3434 γάρ
443 3380 525 3427 τις
564 3363 701 3427 ὅλως
746 3364 855 3417 τῶν
896 3356 1260 3428 εὐσεϐούντων
1304 3365 1558 3435 γεννητὸν
1603 3362 1740 3420 εἶναι
1784 3365 1875 3421 τὸν

290 3455 517 3526 Πατέρα
542 3455 637 3508 τοῦ
662 3455 995 3525 Μονογενοῦς
1035 3456 1365 3511 ὑποτίθεται.
1400 3458 1463 3510 Εἰ
1496 3456 1554 3510 δὲ
1590 3457 1747 3511 τοῦτο
1776 3457 1876 3528 μὲν

290 3548 629 3601 ἐνδείκνυται
668 3548 811 3601 κατά
838 3548 899 3601 τὸ
928 3551 1114 3619 σχῆμα
1143 3548 1237 3602 τοῦ
1270 3548 1449 3617 λόγου,
1480 3549 1874 3613 κατασκευάζει

288 3639 355 3693 δὲ
380 3640 444 3693 τὸ
471 3639 642 3711 αὐτὴν
670 3640 771 3711 τὴν
799 3640 1122 3712 ἀγεννησίαν
1148 3640 1335 3693 οὐσίαν
1361 3635 1521 3704 εῖναι,
1550 3639 1706 3693 τοῦτό
1733 3657 1875 3711 φημι

288 3730 408 3785 δεῖν
443 3730 519 3803 μὴ
566 3731 943 3803 παραδραμεῖν
975 3731 1345 3799 ἀνεξέταστον,
1381 3732 1457 3795 ῶς
1501 3733 1567 3785 ἂν
1618 3731 1692 3803 μὴ
1724 3732 1875 3787 λάθοι

289 3823 423 3887 τοὺς
442 3821 872 3893 εὐεξαπατήτους
894 3822 1027 3894 πρὸς
1048 3823 1147 3893 τὴν
1177 3823 1573 3891 συγκατάθεσιν
1587 3823 1684 3893 τῆς
1709 3822 1874 3893 βλασδ

291 3913 510 3984 φημίας
540 3911 985 3982 ὑποποιούμενος.
1024 3914 1149 3967 Ὅτι
1172 3914 1347 3967 τοίνυν
1368 3911 1496 3967 ἄλλο
1515 3930 1568 3965 τι
1602 3914 1700 3980 τῆς
1719 3914 1877 3979 ἀγενοι

270 4002 503 4074 νησίας.
524 4000 641 4055 ἐστὶ
673 4000 770 4054 καὶ
797 3999 1114 4072 ἀγέννητος,
1156 3999 1334 4071 ἀμιγῆ
1370 4000 1465 4053 καὶ
1506 3997 1756 4070 καθαρὰν
1785 3994 1878 4054 οὗ·

274 4104 386 4152 σαν
428 4092 612 4165 πάσης
642 4090 961 4164 ἑτερότητος
989 4091 1085 4145 καὶ
1114 4090 1399 4162 διαφορᾶς.
1447 4086 1583 4162 Περὶ
1601 4089 1702 4144 τοῦ
1735 4086 1873 4144 Θεοῦ

273 4185 458 4242 ταῦτα
484 4186 656 4255 λέγει,
704 4177 764 4239 οὗ
809 4183 910 4255 τὴν
960 4181 1149 4238 οὐσίαν
1197 4182 1275 4255 (ιι)
1331 4182 1645 4254 ἀφθαρσίαν
1692 4199 1751 4237 τε
1783 4182 1879 4238 καὶ

273 4277 615 4350 ἀγεννησίαν
646 4272 784 4331 εἷναί
827 4292 981 4347 φησι.
1025 4274 1164 4347 Τρία
1195 4274 1376 4328 τοίνυν
1414 4276 1507 4330 ἐπὶ
1538 4274 1675 4329 Θεοῦ
1724 4270 1881 4329 εἶπεν

274 4372 551 4443 ὀνόματα,
586 4368 688 4441 τὴν
712 4368 925 4432 οὐσίαν,
956 4366 1018 4421 τὸ
1049 4366 1347 4438 ἄφθαρτον,
1376 4367 1437 4421 τδ
1466 4367 1781 4439 ἀγέννητον.
1815 4367 1877 4422 Εί

282 4466 388 4537 μία
429 4462 539 4517 τῶν
581 4463 751 4535 τριῶν
781 4461 988 4516 τούτων
1023 4461 1308 4534 ὀνομάτων
1350 4461 1443 4515 επὶ
1490 4460 1629 4515 Θεοῦ
1661 4463 1807 4514 ἔστιν
1841 4460 1875 4531 ὴ

279 4556 487 4619 ἑννοια,
530 4554 566 4626 ἡ
594 4553 787 4627 θεότης
830 4550 1004 4606 ταῦτα
1044 4552 1113 4606 τά
1157 4551 1285 4622 τρία
1332 4552 1549 4615 πάντως
1578 4551 1742 4605 ἐστίν.
1791 4549 1878 4615 Ὣς

276 4647 337 4701 ετ
375 4663 463 4709 τις
500 4644 649 4713 λέγοι
692 4642 784 4698 τὸν
831 4641 1118 4715 ἄνθρωπον
1169 4645 1571 4718 χαρακτηρῖσαι
1617 4640 1875 4713 βουλόμε-

276 4754 374 4803 νος
431 4736 652 4806 λογικὸν
692 4736 856 4790 αὐτὸν
904 4731 1067 4801 εἶναι,
1118 4735 1442 4804 γελαστικόν
1482 4752 1544 4789 τε
1593 4735 1687 4788 καὶ
1740 4733 1878 4794 πλα-

276 4828 584 4900 τυώνυχον.
627 4828 748 4899 Ἐφ’
774 4821 820 4897 ᾧ
862 4826 954 4882 διά
987 4827 1049 4881 τὸ
1093 4827 1368 4899 μηδεμίαν
1411 4826 1554 4880 κατὰ
1586 4824 1683 4897 τὴν
1716 4824 1878 4894 φύσιν

280 4920 343 4974 ὲν
380 4920 600 4991 ἑκάστῳ
641 4919 906 4993 διαφοράν
948 4913 1092 4974 εἶναι
1147 4918 1489 4990 ἰσοδυναμεῖν
1533 4934 1593 4971 τε
1626 4916 1879 4988 ἀλλήλοις

276 5011 351 5067 τά
395 5011 639 5081 ὀνόματα
688 5010 944 5081 λέγομεν,
986 5000 1095 5065 καῖ’
1126 5011 1185 5064 ἓν
1227 5005 1371 5063 εῖναι
1415 5008 1495 5079 τῷ
1533 5006 1878 5079 ὑποκειμένῳ

277 5105 353 5159 τά
386 5104 537 5176 τρία.
578 5104 681 5175 τὴν
730 5102 1154 5177 άνθρωπότητα,
1193 5104 1293 5176 τὴν
1330 5101 1420 5157 διά
1450 5103 1561 5155 τῶν
1598 5101 1878 5174 ὀνομάτων

279 5198 723 5270 θπσγραφεῐσαν.
770 5197 836 5252 Εἰ
880 5195 1063 5252 τοίνυν
1105 5196 1266 5252 τοῦτό
1312 5199 1460 5252 ἐστιν
1500 5197 1535 5268 ἡ
1583 5195 1795 5266 θεότης,
1842 5196 1875 5268 ἡ

278 5289 586 5361 άγεννησία
619 5308 679 5345 τε
710 5290 807 5345 καὶ
828 5292 862 5363 ἠ
886 5289 1170 5364 ἀφθαρσία
1198 5288 1295 5345 καὶ
1324 5290 1357 5361 ὴ
1391 5287 1570 5354 οὐσία,
1601 5287 1746 5343 κατά
1771 5289 1877 5343 πᾶ-

298 5396 402 5435 σαν
423 5380 675 5452 ἀνάγκην
700 5382 759 5436 εν
790 5386 859 5455 τῇ
893 5380 989 5436 τοῦ
1023 5381 1142 5447 ἑνὸς
1174 5380 1379 5436 τούτων
1409 5376 1716 5451 ἀφαιρέσει,
1754 5396 1877 5434 συν-

350 5504 431 5575 _(a)
475 5502 637 5561 Deest
670 5503 873 5575 aliquid
904 5501 1048 5573 quod
1068 5502 1345 5575 suppleex
1372 5501 1555 5575 Boieo,
1578 5500 1858 5575 §j:_ttoiv'_ov

283 5570 423 5646 ἀλλο
441 5592 491 5627 τι
520 5575 620 5646 τῆς
652 5570 977 5646 ἀγεννησίας
1007 5576 1100 5646 ἐπὶ
1131 5570 1192 5627 τδ
1216 5573 1415 5646 νρημα,
1448 5573 1543 5625 καὶ
1570 5570 1861 5646 ἀλλος-τῆς

284 5642 434 5706 θείας
486 5641 711 5707 οὐσίας(
741 5645 770 5696 ὁ
817 5641 976 5712 λόγος
1015 5645 1074 5712 ἐξ
1121 5641 1454 5699 αὐτῶντῶν
1503 5641 1632 5713 παρ’
1696 5641 1863 5713 αὐτοῦ

285 5715 592 5787 λεγομένων
624 5718 769 5768 ἐστὶν
798 5718 824 5769 ὁ
856 5710 1095 5786 ἐλεγχος.
1122 5715 1277 5768 Κατὰ
1302 5714 1471 5784 αὐτὴν
1501 5710 1634 5783 φησι
1661 5710 1760 5783 τὴν
1781 5712 1867 5764 οὓς

1975 1745 2098 1786 esse
2148 1739 2359 1800 putare,
2405 1729 2694 1784 manifesta
2729 1731 2933 1785 veritas
2981 1744 3102 1800 quae
3138 1746 3232 1800 per
3285 1729 3548 1785 falsorum

1975 1821 2323 1876 abolitionem
2361 1822 2559 1876 elucet.
2595 1818 2651 1873 Si
2681 1821 2822 1874 enim
2856 1821 3018 1876 etiam
3059 1834 3184 1875 vere
3228 1830 3333 1883 est,
3369 1827 3423 1875 et
3457 1834 3553 1889 pa.

1976 1910 2146 1965 tibilis
2176 1925 2282 1963 non
2307 1916 2412 1974 est,
2438 1909 2789 1979 perspicuum
2814 1924 2880 1963 ex
2904 1908 3220 1978 Operatione
3242 1909 3414 1977 ipsum
3441 1922 3549 1961 non

1972 2015 2116 2065 esse,
2152 2000 2244 2056 sed
2271 2001 2413 2055 sicut
2433 2008 2863 2056 consentaneum
2890 2008 2995 2064 est,
3026 2011 3213 2054 verum
3238 2013 3360 2054 esse
3382 1997 3548 2051 Deum

1975 2109 2040 2150 ex
2071 2108 2197 2149 vero
2220 2093 2328 2148 Deo
2352 2092 2532 2158 Patre,
2563 2091 2937 2162 impatihiliter
2966 2106 3030 2147 ex
3062 2098 3265 2146 aeterno
3296 2089 3553 2159 splende-

1975 2194 2218 2243 scentem
2273 2193 2326 2240 et
2381 2183 2755 2238 irradiantem.
2808 2183 2938 2248 Sed,
2996 2182 3190 2253 inquit,
3249 2180 3549 2236 secundum

1975 2274 2271 2333 essentiam
2315 2275 2751 2345 incorruptibilis
2780 2283 2861 2329 est
2891 2272 3054 2328 Deus.
3090 2272 3230 2338 Quid
3261 2270 3407 2326 aliud
3452 2287 3549 2326 eo-

1976 2381 2099 2422 rum
2151 2380 2270 2437 quze
2318 2365 2485 2422 Deum
2536 2366 2727 2420 decere
2782 2365 3158 2435 intelliguntur
3212 2379 3320 2417 non
3376 2362 3551 2432 ipsam

1977 2457 2099 2513 Filii
2132 2461 2425 2514 essentiam
2463 2455 2787 2527 possident?
2832 2454 3071 2519 Justum,
3118 2453 3342 2515 bonum,
3392 2461 3553 2507 mtera
3640 2480 3659 2495 -

1977 2566 2131 2614 nttm,
2173 2549 2373 2604 nullius
2405 2548 2531 2602 mali
2559 2562 2750 2618 capax,
2796 2547 2850 2601 in
2889 2547 3038 2601 omni
3071 2560 3135 2601 eo
3174 2545 3320 2616 quod
3350 2559 3553 2599 secun-

1978 2642 2107 2697 dum
2149 2642 2347 2695 bonum
2401 2640 2722 2711 intelligitur
2751 2638 3043 2694 inﬁnitum.
3080 2635 3281 2692 Verum
3313 2636 3437 2708 quis
3466 2643 3553 2692 est

1978 2733 2071 2803 qui
2103 2731 2249 2786 dicat
2290 2730 2492 2801 aliquid
2524 2745 2711 2786 eorum
2747 2744 2866 2800 quae
2894 2737 3022 2784 sunt
3068 2728 3294 2799 pulchra
3334 2736 3387 2783 et
3414 2742 3554 2798 prat-

1979 2823 2150 2885 clara,
2172 2822 2370 2876 divinae
2396 2827 2607 2875 naturae
2630 2834 2753 2876 esse
2776 2819 3155 2881 adventitium,
3185 2829 3238 2874 et
3259 2830 3367 2872 non
3390 2818 3552 2888 quid-

1978 2913 2109 2984 quid
2149 2921 2233 2969 est
2258 2911 2544 2983 pulchrum
2586 2911 2735 2967 illinc
2767 2911 3064 2982 proﬁcisci,
3093 2918 3146 2966 et
3182 2910 3234 2966 in
3264 2926 3327 2966 ea
3359 2911 3547 2965 consi-

1981 3003 2183 3067 derari,
2208 3002 2290 3058 sic
2310 3003 2524 3058 dicente
2542 3002 2826 3072 propheta,
2858 3001 3003 3071 quod
3033 3001 3078 3059 si
3100 3000 3231 3074 quid
3262 3001 3550 3072 pulchrum

1980 3102 2084 3159 est,
2125 3094 2316 3164 ipsius,
2372 3104 2426 3150 et
2476 3094 2521 3150 si
2556 3093 2701 3165 quod
2731 3094 2954 3159 bonum,
3004 3093 3073 3149 ah
3122 3093 3241 3164 ipso
3269 3093 3387 3147 est?
3416 3092 3550 3147 Cum

1980 3184 2083 3239 hoc
2115 3192 2294 3237 autem
2328 3183 2546 3252 copulat
2589 3185 2887 3255 ingenitum
2918 3184 3081 3238 etiam
3119 3182 3421 3239 secundum
3467 3195 3554 3237 esa-

1982 3274 2212 3329 seutiam
2238 3288 2381 3329 esse.
2413 3272 2522 3344 Ego
2546 3272 2797 3345 equidem
2831 3274 2877 3328 si
2901 3274 2973 3327 ita
3005 3275 3249 3330 sentiens
3272 3274 3377 3328 hoc
3396 3271 3551 3336 dicitt

1979 3365 2125 3436 quod
2155 3365 2395 3435 ingenita
2443 3373 2527 3420 est
2557 3363 2737 3421 Patris
2780 3366 3037 3430 essentia,
3073 3366 3217 3420 dictu
3256 3365 3551 3428 assentior,

1981 3472 2157 3529 neque
2208 3457 2449 3530 dogmati
2508 3457 2965 3531 resistoaNullus
3012 3458 3158 3513 enim
3206 3473 3433 3528 prorsus
3466 3457 3555 3528 pie

1979 3546 2277 3602 viventium
2329 3543 2547 3601 Patrem
2587 3545 2861 3618 Unigeniti
2912 3562 3035 3604 esse
3085 3547 3327 3618 genitum
3376 3546 3551 3618 ponit.

1981 3639 2135 3704 Quod
2165 3637 2211 3693 si
2242 3637 2345 3691 hoc
2391 3637 2609 3709 quidem
2643 3637 3053 3693 demonstratur
3085 3638 3383 3693 secundum
3427 3637 3558 3709 ﬁgus

1982 3744 2097 3782 ram
2133 3728 2421 3790 sermonis,
2460 3729 2656 3784 astruit
2690 3735 2869 3784 autem
2909 3729 3252 3799 ἀγεννησίαν,
3285 3738 3339 3783 et
3367 3742 3554 3784 essen—

1981 3819 2110 3872 tiam
2148 3817 2287 3874 idem
2328 3832 2471 3882 esse,
2506 3818 2611 3873 hoc
2643 3834 2751 3874 non
2786 3819 3222 3890 praetereundum
3250 3833 3374 3874 esse
3400 3819 3554 3873 inex-

1981 3924 2203 3965 cussum
2221 3910 2367 3972 dico.
2391 3916 2451 3963 ut
2477 3925 2586 3965 non
2616 3911 2781 3966 lateat
2807 3910 3033 3981 deceptu
3064 3910 3249 3967 faciles
3269 3909 3336 3964 ad
3364 3924 3554 3965 assena

1982 4000 2191 4055 sionem
2216 3999 2567 4071 blasphemia:
2589 4000 2858 4070 pellicere.
2878 4000 3032 4069 Quod
3060 4003 3225 4073 igitur
3247 4002 3392 4056 aliud
3419 3996 3551 4072 quid

1982 4088 2051 4144 ab
2076 4088 2300 4160 ingeniti
2323 4090 2539 4147 actione
2564 4096 2648 4146 est
2674 4088 2837 4145 etiam
2864 4089 3159 4161 ingenitus,
3182 4090 3480 4148 immistam
3505 4100 3558 4149 et

1981 4196 2174 4251 puram
2197 4182 2266 4237 ab
2285 4181 2434 4237 omni
2457 4180 2779 4238 diversitate
2791 4187 2845 4238 et
2867 4181 3195 4239 diﬁ‘erentia.
3214 4181 3290 4241 De
3320 4182 3432 4240 Deo
3452 4184 3563 4241 haec

1979 4271 2133 4335 dicit,
2150 4272 2307 4342 cujus
2328 4272 2625 4329 essentiam
2650 4273 3251 4343 incorruptibilitatcm,
3275 4276 3555 4345 etingeue-

1979 4362 2305 4419 rabilitatem
2327 4380 2450 4420 esse
2475 4365 2694 4421 asserit.
2716 4365 2844 4420 Tria
2878 4366 3042 4437 igitur
3065 4366 3119 4421 in
3149 4365 3258 4421 Deo
3288 4366 3428 4421 dixit
3456 4382 3555 4420 nn-

1978 4455 2475 4520 mina,essentiam,
2494 4457 3273 4535 iucorruptibile,ingenitum.
3291 4457 3348 4512 Si
3366 4459 3562 4516 horum

1979 4547 2146 4601 trium
2170 4549 2455 4604 nominum
2484 4551 2538 4605 in
2564 4547 2676 4606 Deo
2689 4557 2774 4606 est
2795 4565 2901 4605 una
2929 4551 3231 4623 eademque
3254 4551 3429 4617 notio,
3449 4550 3568 4606 dci-

1980 4647 2066 4694 tas
2090 4638 2204 4693 hme
2226 4639 2330 4695 tria
2352 4656 2579 4711 prorsus
2604 4650 2707 4698 est.
2730 4641 2802 4698 Ut
2824 4642 2870 4699 si
2894 4645 3017 4714 quis
3035 4643 3264 4707 diceret,
3287 4642 3567 4698 hominem

1977 4730 2292 4803 exprimere
2320 4733 2533 4801 volens,
2566 4735 2888 4791 rationalem
2918 4737 3099 4809 ipsum
3128 4753 3273 4801 esse,
3296 4735 3568 4793 risihilcm

1977 4828 2033 4879 et
2053 4822 2411 4895 latiunguem.
2432 4822 2489 4879 In
2504 4839 2614 4896 quo
2635 4834 2922 4898 propterea
2940 4829 3083 4898 quod
3105 4829 3252 4883 nulla
3268 4837 3351 4883 est
3370 4843 3571 4883 secun-

1977 4916 2108 4971 dum
2136 4925 2391 4973 naturam
2417 4918 2471 4973 in
2496 4934 2831 4992 unoquoque
2851 4920 3180 4989 diﬂerentia,
3205 4923 3320 4977 luec
3344 4922 3567 4976 nomina

1978 5010 2123 5068 inter
2135 5027 2195 5068 se
2211 5012 2319 5066 vim
2333 5012 2597 5083 aequalem
2615 5013 2819 5070 habere
2838 5014 3098 5079 dicimus,
3114 5023 3168 5070 et
3188 5030 3353 5070 unum
3371 5028 3497 5069 esse
3516 5014 3568 5066 iu

1978 5101 2227 5173 subjecto
2258 5103 2374 5159 haec
2396 5103 2524 5168 tria,
2561 5118 2757 5175 nempe
2787 5103 3185 5160 humanitatem
3211 5119 3307 5175 per
3333 5103 3557 5158 nomina

1978 5192 2399 5266 descriptam.Si
2416 5211 2547 5268 ergo
2566 5196 2671 5253 hoc
2688 5208 2770 5253 est
2784 5196 3189 5269 dcitas,ncmpe
3200 5196 3499 5268 άγεννησία
3518 5201 3571 5247 et

1979 5287 2470 5357 incorruptibilitas
2485 5296 2537 5344 et
2556 5290 2815 5353 essentia.
2837 5291 2985 5345 omni
3010 5292 3339 5347 necessitate
3357 5291 3555 5345 horum

1980 5395 2092 5436 uno
2112 5379 2330 5437 sublato
2358 5380 2523 5437 simul
2550 5383 2715 5437 etiam
2750 5382 2925 5439 deitas
2957 5384 3186 5440 tollitur.
3218 5380 3288 5440 Ut
3318 5384 3468 5439 enim
3506 5381 3555 5437 sl

1970 5502 2092 5589 σξαν
2124 5501 2561 5593 ἀφθαρτρςῃὲοζτι
2590 5504 2685 5593 καὶ
2717 5504 3036 5593 άγὲννητρς,
3066 5506 3246 5593 ἀμιγῆ
3271 5505 3571 5593 καὶικαθαέ-

1969 5574 2066 5654 ρᾶς
2093 5574 2152 5628 οῦ
2163 5590 2259 5672 της
2286 5574 2467 5682 thy;
2492 5575 2810 5647 ἑτερότητος
2835 5574 2929 5631 καὶ
2953 5574 3245 5650 διαφορᾶς,
3264 5579 3391 5651 περὶ
3424 5574 3561 5630 θεοῦ

1969 5661 2132 5682 φηιιφη
2177 5656 2316 5682 )-v:v
2371 5661 2400 5682 η
2423 5668 2433 5682 ι
2462 5646 2560 5682 ιι-ἒηυ
2587 5647 2776 5682 Λσ“.ηἷιινο

1965 5646 2136 5700 ταῦτα
2172 5646 2340 5714 λέγει,
2371 5646 2433 5702 οὗ
2462 5646 2560 5718 τὴν
2587 5647 2797 5703 οὐσίαν.
