4010 6212
427 204 564 261 50759

1651 203 1710 261 S.
1769 196 2091 258 GREGORII
2144 197 2440 259 NYSSEN!

3523 206 3661 265 1040

423 318 548 387 quis
581 316 779 375 dixerit
821 334 996 391 neque
1036 319 1266 374 rationis
1309 319 1653 390 participem,
1713 319 1890 388 neque
1923 317 1990 373 ad

2115 320 2302 388 ιναιρεϊ
2331 318 2425 372 καὶ
2451 316 2546 388 τὴν
2568 315 2811 388 θεότητα.
2843 318 2934 380 Ὦς
2956 315 3065 387 γὰρ
3085 315 3176 369 τὸν
3205 316 3281 388 μὴ
3300 316 3520 386 λογικὸν
3544 319 3667 374 οὐδὲ

423 409 712 463 ridendum
731 420 914 480 aptum
936 419 1166 476 natura;
1197 425 1373 480 neque
1392 411 1667 465 hominem
1699 425 1821 465 esse
1843 425 1993 465 asse-

427 501 616 555 ruerit.
650 500 726 554 Ita
754 510 807 555 et
838 502 893 555 in
927 501 1013 557 his
1043 502 1219 558 tribus
1247 502 1576 568 nominibus,
1610 501 1851 573 ingenito
1874 500 1995 557 dico

424 599 479 646 et
515 592 934 662 incorruptibili,
963 600 1018 648 et
1048 595 1308 661 essentia,
1345 594 1391 650 si
1421 610 1515 666 per
1547 595 1662 650 haec
1684 594 1861 651 deitas
1892 608 1992 648 no-

428 684 685 746 tiﬁcatur,
718 684 940 755 quando
966 700 1135 740 unum
1171 685 1393 757 aliquod
1443 686 1637 741 horum
1672 686 1837 740 trium
1887 699 1994 739 non

426 773 602 836 adest,
636 775 825 845 procul
854 775 1021 832 dubio
1050 776 1103 831 in
1133 762 1200 833 eo
1227 776 1371 847 quod
1403 782 1652 846 superest
1680 775 1881 830 abolita
1914 785 1999 831 est

425 860 644 917 deitatis
688 863 849 919 ratio.
888 862 1028 935 Ergo
1072 865 1402 935 respondeat
1442 880 1605 936 quam
1634 864 1702 920 de
1731 863 1840 920 Deo
1877 865 1999 919 uni-

427 956 613 1024 genito
644 956 805 1012 habet
845 957 1186 1027 opinionem:
1240 956 1484 1027 genitum
1515 957 1715 1027 ipsum,
1746 971 1815 1010 an
1849 955 1995 1026 inge-

428 1047 602 1101 nilum
637 1055 822 1117 putet;
858 1048 1098 1119 genitum
1131 1048 1276 1103 dicet
1305 1049 1547 1112 omnino,
1582 1047 1851 1117 siquidem
1881 1046 2000 1101 suis

429 1137 589 1192 dictis
619 1153 731 1192 non
772 1145 1055 1209 repugnet.
1085 1136 1141 1193 Si
1186 1138 1353 1209 igitur
1396 1138 1539 1193 idem
1569 1147 1654 1193 est
1685 1152 1809 1192 cum
1846 1137 1997 1208 inge-

433 1228 568 1293 nito,
595 1229 944 1299 essentiaque
976 1237 1031 1284 et
1057 1229 1489 1299 incorruptibile.
1524 1243 1622 1299 per
1652 1243 1775 1298 qum
1802 1225 2001 1282 divini-

432 1329 518 1374 tas
549 1318 921 1390 dignoscitur;
976 1320 1063 1375 cui
1105 1335 1214 1376 non
1264 1320 1417 1376 adest
1460 1319 1787 1389 ingenitum,
1836 1317 2000 1374 simul

433 1410 502 1465 ab
529 1410 633 1466 hoc
663 1411 843 1466 ablata
874 1398 965 1469 ἐει
1004 1413 1161 1483 plane
1191 1412 1433 1469 essentia
1468 1418 1523 1467 et
1549 1411 1698 1483 quod
1743 1410 1999 1466 incorru-

433 1501 644 1571 ptibile,
674 1502 874 1573 quibus
915 1504 1140 1560 remotis
1168 1495 1343 1559 deitas
1376 1502 1687 1559 necessario
1707 1503 1999 1559 eximetur.

433 1592 795 1657 Quamobrem
810 1592 877 1647 ad
893 1592 1164 1663 duplicem
1185 1593 1474 1649 terminum
1494 1591 1793 1649 secundum
1811 1607 1999 1648 eorum

2098 407 2411 475 γελαστικὸν
2455 408 2599 461 είποι
2635 426 2718 472 τις
2747 409 2831 472 ἂν,
2863 408 2981 462 οὐδὲ
3023 408 3337 481 ἄνθρωπονσ
3371 410 3545 475 οὕτως
3576 415 3676 465 καὶ

2095 499 2187 550 ἐπὶ
2211 498 2412 553 τούτων
2440 499 2549 554 τῶν
2577 500 2741 573 τριῶν
2775 501 3048 571 ὀνομάτων
3065 544 3080 567 ,
3108 500 3203 555 τοῦ
3239 519 3300 555 τε
3334 504 3639 575 ἀγεννήτου
3659 545 3674 567 ,

2097 590 2260 661 φημὶ,
2292 592 2393 671 καὶ
2421 590 2515 645 τοῦ
2547 591 2821 663 ἀφθάρτου
2850 592 2943 645 καὶ
2970 591 3072 662 τῆς
3110 592 3315 657 οὐσίας,
3348 594 3396 645 εί
3426 592 3520 646 διὰ
3550 596 3675 646 τού-

2097 700 2204 739 των
2235 684 2269 754 ἡ
2298 681 2486 754 θεότης
2511 683 2999 754 χαρακτηρίζεται,
3029 683 3157 736 ὅταν
3192 682 3252 736 ἓν
3282 700 3335 736 τι
3361 683 3473 736 τῶν
3506 684 3679 754 τριῶν

2103 774 2178 845 μὴ
2205 774 2444 844 ὑπάρχῃ,
2475 774 2738 846 διεγράφη
2777 775 2990 838 πάντως
3022 774 3102 846 τῷ
3128 774 3367 829 λείποντι
3399 774 3495 828 καί
3519 777 3548 828 ό
3573 776 3677 844 τῆς

2100 862 2351 932 θεότητος
2385 861 2558 930 λόγος.
2595 861 2800 916 Οὐκοῦν
2834 862 3237 933 ἀποκρινάσθω,
3265 862 3389 916 τίνα
3416 864 3545 933 περὶ
3574 864 3675 917 τοῦ

2105 948 2424 1021 μονογενοῦς
2456 949 2591 1003 Θεοῦ
2635 949 2743 1019 ἔχει
2784 949 2881 1019 τὴν
2911 950 3099 1015 δόξαν,
3146 951 3402 1023 γεννητὸν
3436 953 3599 1006 αὑτὸν
3643 953 3676 1023 ἦ

2101 1043 2394 1114 ἀγέννητον
2435 1044 2633 1112 cierat;
2671 1044 2931 1116 Γεννητὸν
2961 1046 3076 1115 ἐρεῖ
3107 1044 3343 1109 πάντως,
3372 1044 3532 1116 εἴπερ
3566 1046 3679 1107 τοῖς

2105 1136 2254 1201 ίδίοις
2285 1138 2359 1208 μὴ
2387 1137 2627 1207 μάχοιτο.
2659 1137 2720 1189 Et
2743 1131 2835 1190 οὖν
2859 1135 3053 1190 ταύτόν
3085 1136 3201 1188 ἐστι
3226 1135 3303 1206 τῷ
3330 1136 3614 1206 ἀγεννήτῳ
3642 1138 3681 1207 ἡ

2102 1227 2257 1282 οὐσία
2290 1245 2349 1280 τε
2383 1228 2475 1281 καὶ
2501 1226 2561 1280 τὸ
2597 1227 2890 1298 ἄφθαρτον,
2925 1226 2992 1280 δι’
3023 1219 3097 1281 ὧν
3129 1228 3163 1297 ἡ
3196 1226 3383 1298 θεότης
3415 1226 3683 1297 γνωρίζε-

2101 1338 2213 1384 ται,
2239 1312 2285 1389 ᾧ
2321 1318 2394 1391 μὴ
2430 1319 2685 1392 πρόσεστι
2709 1318 2768 1371 τὸ
2792 1318 3112 1388 ἀγέννητον,
3143 1318 3520 1389 συναφῄρηται
3552 1320 3679 1370 τοῦ·

2102 1430 2196 1468 του
2218 1414 2432 1477 πάντως
2452 1414 2485 1485 ἡ
2506 1412 2661 1466 οὐσία
2680 1429 2737 1466 τε
2765 1412 2857 1465 καὶ
2879 1416 2938 1464 τὸ
2962 1410 3255 1482 ἄφθαρτον,
3276 1403 3349 1463 ὧν
3380 1410 3455 1480 μὴ
3478 1408 3683 1479 παρόν-

2104 1521 2231 1570 των,
2255 1505 2349 1558 καὶ
2368 1505 2402 1575 ἡ
2418 1502 2607 1574 θεότης
2626 1500 2768 1556 κατά
2789 1502 2965 1555 πᾶσαν
2984 1487 3227 1570 ἀνάγκην
3244 1499 3678 1571 ἐξαιρεθήσεται.

2108 1595 2314 1650 Οὐκοῦν
2340 1596 2418 1658 εἰς
2437 1593 2658 1648 διπλοῦν
2678 1593 2850 1665 πέρας
2872 1592 2967 1661 τῆς
2994 1590 3131 1645 κατά
3156 1588 3215 1643 τὸ
3244 1589 3563 1661 βλάσφημον
3590 1591 3684 1644 αὐ-

434 1684 827 1754 blasphemiam
855 1685 1260 1755 consequentiae
1286 1686 1428 1740 ratio
1450 1685 1714 1757 pervenit.
1773 1684 1830 1740 Si
1855 1684 2000 1740 enim

2115 1686 2210 1741 τῶν
2234 1685 2551 1747 ἀκολουθίας
2576 1687 2605 1739 6
2628 1683 2783 1753 λόγος
2811 1684 3136 1755 κατήντησε.
3176 1682 3239 1735 Et
3268 1681 3375 1752 γάρ
3408 1681 3548 1735 κατά
3582 1680 3685 1734 τοῦ

434 1773 733 1829 secundum
764 1772 904 1829 idem
946 1774 1312 1845 significatum
1360 1777 1414 1830 in
1446 1774 1556 1850 Deo
1584 1775 2003 1831 dicitur‘essen-

437 1865 508 1919 tia
536 1871 590 1920 et
616 1864 1102 1935 incorruptibilitas
1134 1874 1187 1921 et
1220 1866 1546 1937 ingenitum,
1581 1863 1871 1922 manifeste
1909 1862 2004 1919 de-

436 1963 775 2012 monstratus
803 1964 888 2013 est
917 1955 1005 2011 hic
1035 1971 1211 2012 novus
1242 1956 1334 2012 Dei
1361 1956 1677 2023 fabricator,
1708 1954 1905 2011 Filium
1937 1955 2006 2009 ab

436 2060 503 2100 eo
535 2053 800 2114 creatum,
834 2047 1241 2118 corruptibilem
1288 2048 1452 2104 etiam
1485 2062 1838 2119 cognoscere,
1875 2046 2004 2118 quia

435 2152 546 2193 non
590 2139 886 2208 ingenitum
925 2149 1148 2208 noscat;
1185 2154 1286 2194 nec
1317 2142 1418 2195 hoc
1464 2141 1660 2206 solum,
1704 2139 1799 2195 sed
1839 2138 2005 2195 etiam

439 2225 686 2285 funditus
717 2244 825 2283 non
873 2225 1284 2294 subsistentem,
1322 2230 1448 2299 quia
1482 2244 1589 2284 non
1624 2228 1797 2299 possit
1827 2229 2007 2298 ipsum

438 2319 494 2373 in
527 2318 726 2374 deitate
768 2320 987 2390 intueri,
1020 2321 1072 2375 in
1104 2336 1212 2391 quo
1257 2321 1554 2390 ingenitum
1601 2335 1709 2375 non
1740 2319 2005 2383 cernitur,

440 2410 709 2481 siquidem
752 2411 891 2468 idem
917 2411 1293 2484 ingenitumet
1323 2413 1739 2482 incorruptibile
1764 2427 1889 2469 cum
1919 2428 2010 2469 es-

440 2503 615 2558 sentia
654 2504 929 2573 opinatur.
963 2504 1230 2571 Quoniam
1262 2520 1391 2560 vero
1419 2505 1474 2559 in
1506 2505 1590 2560 his
1616 2505 1904 2576 perspicua
1927 2514 2012 2561 est

441 2594 736 2665 pernicies,
773 2595 989 2651 miseris
1019 2595 1219 2666 aliquis
1247 2596 1519 2658 consulat,
1572 2605 1632 2649 ut
1662 2594 1730 2650 ad
1768 2594 1822 2650 id
1864 2595 2010 2668 quod

442 2694 694 2756 superest
729 2688 940 2742 ratione
970 2695 1389 2752 convertantur,
1442 2701 1543 2741 nec
1575 2685 1915 2742 reluctentur
1944 2701 2009 2741 ex

443 2776 735 2832 manifesto
761 2785 951 2832 contra
975 2778 1278 2839 veritatem.
1303 2775 1397 2831 sed
1421 2775 1795 2831 asseutiantur
1816 2774 2010 2829 borum

444 2869 785 2940 singulorum
820 2869 1104 2924 nominum
1144 2868 1423 2940 proprium
1470 2882 1592 2923 esse
1624 2865 2011 2937 signiﬁcatum,

444 2960 589 3031 quod
635 2960 851 3029 quidem
900 2959 1071 3030 magis
1116 2961 1236 3028 quis
1269 2974 1363 3028 per
1394 2973 1459 3012 ea
1508 2972 1630 3027 quae
1661 2968 2013 3027 opponuntur

446 3049 790 3104 intellexerit.
837 3048 971 3103 Nam
1009 3056 1063 3104 ct
1109 3048 1411 3119 ingenitum
1453 3063 1548 3117 per
1580 3047 1746 3119 geniti
1789 3048 2015 3117 opposi-

447 3141 653 3196 tioncm
704 3141 1030 3204 invenimus,
1066 3147 1117 3195 et
1158 3138 1571 3209 inrorruptibile
1619 3152 1715 3208 per
1744 3138 2017 3207 corrupti-

410 3274 415 3280 .
450 3233 574 3286 bilis
621 3233 1017 3302 appositionem
1051 3232 1417 3301 cognoscitur,
1449 3238 1503 3285 et
1525 3230 1762 3284 essentia
1788 3244 1884 3298 per
1907 3229 2020 3284 dis-

448 3323 660 3377 crimen
689 3338 812 3374 cum
847 3338 913 3376 eo
941 3321 1085 3393 quod
1117 3337 1223 3376 non
1250 3320 1502 3375 subsistit
1539 3326 1838 3389 spectatur.
1866 3318 2020 3375 Sicut

448 3413 593 3467 enim
634 3412 776 3483 quod
818 3427 924 3466 non
954 3412 1196 3481 genitum
1228 3417 1333 3475 est,
1366 3408 1667 3478 ingenitum
1714 3408 1935 3475 dicitur,
1968 3417 2022 3463 et

451 3502 597 3575 quod
650 3517 756 3557 non
805 3501 1192 3570 corrumpitur,
1246 3497 1696 3568 incorruptibile:
1750 3497 1828 3552 sic
1875 3497 2020 3566 quod

451 3609 561 3651 non
601 3600 686 3647 est
720 3606 826 3645 non
854 3590 1144 3654 exsisteus,
1181 3588 1475 3645 essentiam
1530 3587 1898 3643 nominamus.
1961 3587 2023 3642 Et

452 3693 644 3740 contra
690 3683 832 3737 sicut
875 3681 1114 3751 genitum
1165 3694 1270 3735 non
1319 3677 1550 3734 dicimus
1584 3678 1907 3749 ingcnitum,
1944 3679 2023 3734 sic

453 3768 600 3848 quod
639 3774 991 3844 corruptiliile
1036 3784 1139 3835 est,
1184 3764 1298 3826 non
1331 3770 1742 3842 incorruptibile
1775 3772 2024 3826 nomina-

453 3883 598 3923 mus.
632 3865 773 3936 Ergo
803 3866 1039 3921 essentia
1078 3864 1295 3934 quidem
1337 3865 1391 3918 in
1421 3879 1487 3919 eo
1523 3862 1666 3933 quod
1705 3868 1790 3918 est
1820 3862 2024 3933 aliquid

453 3956 807 4027 intelligitur:
847 3956 1048 4010 bonum
1092 3960 1272 4007 autem
1321 3954 1404 4008 vel
1446 3951 1818 4022 corruptibile,
1867 3952 2026 4021 quale

455 4048 586 4118 quid
625 4063 744 4104 esse
780 4048 1001 4102 indicat.
1038 4045 1155 4100 Alia
1184 4045 1348 4117 igitur
1377 4045 1627 4100 essentia:
1648 4044 1810 4109 ratio,
1839 4052 1893 4099 et
1919 4044 2025 4097 alia

434 4158 577 4212 qum
598 4141 891 4212 quomodo,
930 4141 1011 4195 vel
1041 4140 1201 4211 quale
1236 4154 1331 4210 per
1360 4152 1420 4193 se
1447 4136 1710 4193 declarat.

524 4237 603 4288 Ac
630 4235 759 4287 mihi
794 4233 1051 4303 praeclare
1076 4232 1273 4286 habere
1295 4230 1531 4295 videtur,
1562 4230 1607 4284 si
1647 4225 2024 4283 intcrmediam

2106 1780 2269 1836 αὐτοῦ
2298 1779 2694 1852 σημαινομένου
2721 1778 2936 1847 λέγεται
2960 1778 3051 1829 ἐπὶ
3087 1774 3181 1829 τοῦ
3206 1775 3340 1828 Θεοῦ
3372 1775 3404 1843 ή
3429 1773 3582 1826 οὐσία
3612 1790 3679 1825 τε

2107 1873 2246 1942 καὶή
2270 1869 2562 1941 ἀφθαρσία,
2587 1867 2682 1923 καὶ
2705 1868 2766 1921 τὸ
2781 1865 3283 1938 ἀγέννητοννσαφῶς
3301 1864 3679 1919 ἀποδέδεικται

2107 1965 2135 2016 6
2179 1961 2362 2026 καινὸς
2403 1956 2557 2025 οὗτος
2600 1943 2841 2023 θεοποιὸς
2883 1959 2973 2012 τὸν
3012 1960 3140 2029 παρ’
3172 1955 3336 2011 αὐτοῦ
3388 1954 3681 2009 κτισθέντα

2111 2053 2258 2117 Υίὸν,
2301 2052 2537 2123 φθαρτόν
2584 2068 2643 2106 τε
2684 2050 2985 2121 γινώσκων,
3033 2048 3120 2102 διὰ
3155 2049 3216 2101 τὸ
3264 2050 3338 2119 μὴ
3391 2044 3680 2115 γινώσκειν

2109 2146 2399 2216 ἀγέννητον
2422 2160 2435 2174 ·
2462 2144 2555 2197 καὶ
2595 2144 2657 2196 οὐ
2694 2141 2850 2195 τοῦτο
2881 2141 3060 2212 μόνον,
3093 2138 3230 2193 ἀλλὰ
3263 2138 3358 2191 καὶ
3401 2135 3685 2198 παντελῶς

2109 2235 2507 2301 ἀνυπόστατον,
2545 2233 2634 2288 διὰ
2676 2232 2738 2286 τὸ
2775 2232 2850 2304 μὴ
2880 2229 3136 2285 δύνασθαι
3165 2228 3326 2283 αὐτὸν
3367 2228 3424 2281 ἐν
3468 2225 3685 2294 θεότητι

2113 2318 2394 2397 βλέπειν,ᾦ
2407 2326 2507 2379 οὐκ
2530 2323 2867 2395 ὲνθεωρείται
2889 2321 2948 2376 τὸ
2970 2320 3283 2391 ἀγέννητον,
3305 2318 3467 2387 εἰπερ
3486 2314 3683 2370 ταῦτδν

2111 2419 2172 2472 τὸ
2196 2418 2485 2488 ἁγέννητόν
2508 2434 2566 2470 τε
2592 2417 2685 2470 καὶ
2712 2414 2987 2487 ἄφθαρτον
3014 2415 3080 2484 τῇ
3109 2411 3265 2491 οὐσίᾳ
3294 2409 3490 2463 οῐεται.
3529 2406 3685 2459 Ἐπεὶ

2110 2510 2165 2564 δὲ
2197 2508 2457 2582 πρόδηλος
2489 2509 2546 2562 ὲν
2566 2507 2773 2570 τούτοις
2799 2504 2946 2560 ἐστὶν
2979 2507 3013 2575 ἡ
3046 2502 3310 2564 ἀπώλεια,
3348 2497 3683 2570 συμϐουλευσ

2114 2601 2261 2654 σάτω
2301 2617 2382 2663 τις
2407 2602 2518 2663 τοῖς
2548 2598 2800 2661 δειλαίοις
2836 2598 2927 2650 ἐπὶ
2966 2596 3027 2649 τὸ
3058 2586 3375 2664 λειπόμενον
3406 2591 3685 2662 τραπῆναι

2112 2691 2191 2761 τῷ
2220 2690 2384 2760 λόγῳ,
2427 2691 2523 2744 καὶ
2555 2691 2629 2761 μὴ
2666 2690 2989 2760 ζυγομαχεῖν
3018 2689 3081 2739 ὲκ
3111 2683 3205 2739 τοῦ
3251 2682 3516 2756 προδήλου
3546 2680 3685 2751 πρὸς

2113 2780 2210 2851 τὴν
2234 2780 2511 2850 ἀλήθειαν⁸
2537 2778 2671 2832 ἀλλὰ
2701 2777 3039 2833 συντίθεσθαι
3063 2775 3192 2828 ἴδιον
3220 2774 3452 2827 ἑκάστου
3479 2770 3689 2824 τούτων

2115 2867 2254 2925 εἶναι
2292 2872 2400 2925 τῶν
2437 2870 2714 2941 ὀνομάτων
2746 2869 2807 2923 τὸ
2847 2868 3262 2940 σημαινόμενον,
3301 2866 3438 2934 ὅπερ
3485 2862 3689 2934 μᾶλλον

2042 3002 2084 3059 C
2116 2962 2180 3017 ἄν
2205 2980 2287 3025 τις
2307 2960 2394 3014 διὰ
2415 2960 2522 3014 τῶν
2550 2958 3124 3029 ἀντιδιαστελλομένων
3144 2956 3370 3026 νοήσειε.
3396 2953 3469 3006 Τό
3491 2970 3551 3005 τε
3579 2951 3691 3022 γάρ

2121 3052 2410 3123 ἀγέννητον
2453 3053 2519 3123 τῇ
2563 3051 2697 3123 πρὸς
2738 3050 2799 3103 τὸ
2830 3048 3085 3120 γεννητὲν
3131 3044 3497 3116 ἀντιδιαστολῇ
3535 3043 3692 3106 ἐξευ-

2124 3144 2403 3216 ρίσκομεν,
2430 3145 2526 3197 καὶ
2542 3142 2602 3196 τὸ
2628 3142 2902 3212 ἄφθαρτον
2924 3144 2988 3212 τῇ
3016 3139 3149 3210 πρὸς
3171 3138 3230 3192 τὸ
3258 3137 3492 3208 φθαρτὸν
3517 3150 3696 3206 ’παρα⁴⁵

2121 3234 2266 3287 θέσει
2295 3232 2635 3304 γνωρίζεται,
2675 3231 2823 3300 καὶὴ
2857 3230 3013 3284 οὐσία
3049 3233 3113 3300 τῇ
3145 3229 3278 3299 πρὸς
3297 3226 3359 3280 τὸ
3382 3224 3693 3280 ἀνυπόστα-

2120 3342 2211 3378 τον
2246 3324 2565 3396 παραλλαγῇ
2600 3323 2903 3394 θεωρεῖται.
2956 3322 3041 3385 Ὠς
3083 3321 3191 3391 γὰρ
3230 3318 3258 3372 ὃ
3291 3317 3365 3390 μὴ
3402 3316 3696 3387 ἐγεννήθη,

2123 3418 2415 3488 ἀγέννητον
2445 3415 2682 3482 λέγεται,
2714 3414 2810 3468 κα)⁵
2853 3414 2882 3467 ὃ
2919 3413 2993 3484 μὴ
3038 3412 3345 3483 φθείρεται,
3375 3408 3655 3479 ἄφθαρτον
3678 3423 3693 3437 ·

2123 3508 2295 3573 οὕτως
2318 3510 2412 3564 καὶ
2435 3508 2497 3562 τὸ
2525 3507 2597 3578 μὴ
2625 3506 2991 3579 ἀνύπαρκτον,
3020 3504 3204 3558 οὐσίαν
3231 3501 3697 3572 κατονομάζομεν.

2126 3600 2228 3657 Καὶ
2256 3601 2315 3655 τὸ
2341 3601 2576 3672 ἔμπαλιν
2600 3599 2676 3663 ώς
2701 3599 2762 3653 τὸ
2798 3598 3051 3669 γεννητὸν
3078 3598 3177 3650 οὐκ
3206 3594 3499 3665 ἀγέννητον
3537 3593 3698 3660 λέγο-

2130 3710 2248 3762 μεν,
2280 3692 2375 3746 καὶ
2402 3691 2463 3745 τὸ
2491 3691 2727 3763 φθαρτὸν
2752 3691 2852 3744 οὐκ
2879 3689 3148 3761 ἄφθαρτον
3190 3685 3547 3757 ὀνομάζομεν.
3590 3685 3698 3738 Οὐ-

2126 3786 2255 3840 κοῦν
2301 3785 2456 3839 οὐσία
2499 3784 2596 3856 μὲν
2635 3785 2693 3839 ἐν
2731 3782 2808 3855 τῷ
2853 3777 2989 3835 εῐναί
3029 3798 3083 3833 τι
3120 3779 3492 3832 κατανοεῖταισ
3532 3776 3596 3828 τὸ
3642 3775 3702 3827 δὲ

2127 3878 2327 3947 ἀγαθὸν
2362 3878 2394 3950 ἦ
2434 3878 2495 3932 τὸ
2532 3877 2790 3949 φθαρτὸν,
2814 3877 2877 3929 έν
2915 3875 2992 3946 τῷ
3036 3874 3275 3927 ποταπὸν
3307 3868 3464 3925 εἶναι.
3506 3869 3701 3934 ’Δλλος

2126 3964 2218 4023 οὖν
2243 3972 2271 4023 6
2295 3969 2387 4023 τοῦ
2410 3965 2547 4023 εἶναι
2571 3969 2747 4038 λόγος,
2776 3968 2870 4023 καὶ
2889 3967 3072 4037 ἔτερος
3092 3967 3121 4020 6
3145 3965 3207 4018 τὸ
3236 3964 3370 4029 πῶς,
3400 3963 3436 4033 ἢ
3461 3962 3524 4016 τὸ
3547 3965 3702 4016 ποῖον

2126 4059 2192 4114 δι’
2225 4058 2417 4114 ἑαυτοῦ
2446 4058 2774 4131 σαφηνίζων.

2199 4238 2309 4292 Καί
2349 4256 2439 4310 μοι
2487 4237 2634 4293 δοκεῖ
2662 4237 2839 4302 καλῶς
2866 4236 3007 4308 ἔχειν
3041 4236 3338 4308 ὑπερϐάντι
3368 4216 3465 4306 τι»)
3492 4232 3582 4286 διὰ
3602 4226 3701 4302 μέο

457 4340 716 4381 nauseam
774 4337 1105 4395 superarero
1150 4322 1261 4393 (sic
1308 4322 1452 4376 enim
1494 4321 1728 4374 arbitror
1771 4324 2012 4389 oportere

2128 4345 2218 4383 σου
2263 4329 2486 4384 ναυτίαν
2521 4328 2684 4398 (οὕτω
2714 4329 2821 4401 γὰρ
2859 4324 3010 4399 οἶμαι
3047 4327 3244 4398 χρῆναι
3288 4326 3386 4389 τὰς
3437 4325 3702 4393 ἀνοήτους

456 4426 701 4472 amentes
724 4416 842 4487 ejus
875 4422 1064 4470 contra
1109 4413 1614 4467 commentationem
1650 4409 2024 4482 aggressiones

456 4510 790 4580 nominare),
822 4508 948 4563 dum
981 4506 1211 4578 cupidus
1238 4494 1499 4560 immoror
1541 4505 1593 4557 in
1624 4504 1896 4573 proposita
1928 4518 2025 4557 no-

455 4600 541 4655 bis
562 4600 803 4655 notioue.
836 4599 1186 4668 Qumcunque
1205 4596 1350 4651 enim
1382 4593 1448 4649 ad
1471 4595 1806 4650 eversionem
1834 4608 2022 4649 eorum

454 4706 577 4762 qum
596 4691 662 4745 de
685 4690 1140 4745 commentatione
1166 4702 1197 4742 a
1221 4686 1482 4757 magistro
1506 4684 1851 4740 considerata
1873 4693 2023 4752 sunt,

453 4782 620 4840 veluti
658 4781 912 4852 quiddam
948 4795 1147 4836 succus
1190 4778 1486 4850 pituitosus
1513 4778 1582 4832 ab
1625 4777 1728 4831 hoc
1756 4775 2026 4846 scriptore

454 4873 688 4929 evomita
712 4880 863 4939 sunt,
894 4872 1018 4925 talia
1054 4878 1184 4926 sunt
1215 4877 1272 4925 ut
1308 4870 1438 4924 nihil
1466 4868 1691 4940 periculi
1721 4867 2024 4939 legentibus

456 4966 752 5037 prazbeaut,
808 4965 909 5020 etsi
962 4963 1255 5017 admodum
1306 4962 1505 5032 aliquis
1558 4962 1723 5016 fuerit
1773 4961 2021 5025 stolidus.

453 5069 510 5113 et
544 5061 631 5113 cui
679 5058 843 5113 verba
872 5056 1002 5111 dare
1028 5056 1099 5110 sit
1138 5055 1311 5110 facile.
1346 5054 1481 5120 Quis
1510 5055 1654 5111 enim
1703 5055 1776 5109 ita
1827 5055 2025 5111 mentis

455 5149 615 5220 inops
635 5158 687 5203 et
716 5162 927 5210 vecors,
970 5154 1026 5200 ut
1058 5161 1177 5216 qum
1203 5146 1436 5216 exetnpli
1469 5147 1639 5214 gratia
1660 5146 1727 5202 de
1752 5138 2039 5202 frumento'

457 5256 489 5294 a
515 5242 736 5296 doctore
757 5240 933 5311 posita
963 5247 1109 5302 sunt,
1143 5238 1342 5309 quibus
1364 5239 1508 5293 velut
1535 5243 1705 5292 artem
1733 5237 2025 5308 quamdam

458 5338 514 5383 et
550 5329 756 5384 aditum
789 5330 854 5383 ad
887 5329 1201 5385 sublimium
1241 5327 1756 5398 contemplationem
1792 5329 2023 5383 auditori

461 5420 821 5487 supponebat,
851 5419 965 5475 haec
992 5423 1118 5475 dum
1142 5417 1353 5485 exiliter
1378 5415 1680 5476 Eunomius
1702 5422 1768 5476 de
1789 5423 2025 5476 essentia

462 5505 559 5563 Dei
592 5509 964 5565 universorum
991 5511 1335 5567 sermonibus
1365 5512 1759 5578 accommodat,
1799 5514 2024 5570 arbitre-

470 5606 558 5656 tur
586 5599 760 5672 ipsum
803 5601 1004 5671 aliquid
1043 5603 1246 5667 dicere.
1300 5611 1353 5658 et
1403 5618 1526 5660 cum
1579 5604 1757 5675 aliqua
1807 5606 2025 5663 solertia

2130 4419 2292 4491 αὑτοῦ
2317 4423 2455 4476 κατά
2478 4422 2576 4492 τῆς
2607 4421 2847 4485 ἐπινοίας
2875 4420 3244 4491 ἐπιχειρήσεις
3267 4417 3699 4487 κατονομάζειν),

2130 4511 2208 4581 τῷ
2252 4511 2594 4584 προκειμένῳ
2638 4512 2771 4583 ἡμῖν
2821 4510 3262 4581 έμφιλοχωρῆσαι
3320 4508 3573 4580 νοήματι.
3618 4506 3706 4560 Τὰ

2129 4601 2238 4673 γὰρ
2275 4602 2374 4656 ὅσα
2405 4602 2539 4674 πρὸς
2567 4602 2873 4673 ἀνατροπὴν
2903 4601 3012 4655 τῶν
3058 4601 3185 4672 περὶ
3212 4600 3308 4671 τῆς
3355 4598 3598 4661 ἐπινοίας
3618 4598 3700 4669 τῷ

2130 4694 2429 4766 διδασκάλῳ
2450 4693 2690 4765 τεθεωρη
2699 4693 2873 4765 μένων
2897 4692 3004 4747 ὑπό
3024 4693 3116 4748 τοῦ
3150 4692 3505 4764 λογογράφου,
3526 4689 3706 4745 καθά·

2131 4803 2237 4858 περ
2287 4804 2371 4851 τις
2421 4785 2589 4858 χυμὸς
2646 4785 3037 4858 φλεγματώδης
3098 4786 3434 4857 ὲξὴμεσται,
3475 4782 3708 4838 τοιαῦτά

2133 4878 2277 4931 ἐστιν
2300 4878 2376 4942 ὡς
2398 4877 2598 4949 μηδένα
2620 4878 2859 4933 κίνδυνον
2880 4876 3141 4949 παρέχειν
3160 4880 3272 4940 τοῖς
3292 4876 3706 4946 ἐντυγχάνουσι,

2133 4970 2236 5024 κᾶν
2258 4970 2459 5041 σφόδρα
2477 4987 2560 5034 τις
2590 4969 2793 5040 ἠλίθιος
2814 4970 2890 5023 ὢν
2911 4969 3003 5023 καὶ
3029 4970 3423 5041 εὐπαράγωγος
3443 4968 3706 5041 uim.th

2132 5063 2241 5133 γὰρ
2281 5061 2450 5125 οὕτως
2495 5061 2601 5128 ἔξω
2631 5061 2867 5124 διανοίας
2902 5061 3071 5123 ἐστὶν,
3096 5060 3235 5114 ὥστε
3264 5060 3332 5113 τὰ
3369 5061 3704 5130 ὑποδειγμά-

2131 5152 2297 5216 τικῶς
2330 5153 2456 5223 περὶ
2492 5150 2584 5204 τοῦ
2630 5151 2775 5205 σίτου
2809 5151 2957 5221 παρά
2988 5150 3081 5204 τοῦ
3109 5148 3430 5204 διδασκάλου
3454 5149 3703 5213 τεθέντα,

2132 5244 2198 5299 δι’
2230 5236 2303 5298 ὧν
2341 5244 2501 5297 οἱονεὶ
2537 5244 2730 5314 τέχνην
2782 5243 2899 5297 τινὰ
2943 5243 3037 5297 καὶ
3077 5242 3263 5312 ἔφοδον
3303 5244 3438 5313 πρὸς
3467 5241 3564 5312 τὴν
3593 5241 3703 5295 τῶν

2135 5333 2352 5405 ὑψηλῶν
2385 5332 2610 5403 θεωρίαν
2633 5332 2709 5403 τῷ
2734 5333 2972 5405 ἀκροατῇ
3007 5331 3307 5392 ὑπετίθετο,
3331 5330 3505 5385 ταῦτα
3533 5330 3702 5400 ψιλῶς

2134 5425 2226 5478 τοῦ
2260 5424 2520 5496 Εὑνομίου
2542 5426 2649 5488 τοῖς
2677 5442 2743 5478 πε
2753 5425 2804 5497 pi.
2827 5425 2923 5496 τῆς
2945 5425 3131 5488 οὐσίας
3157 5421 3251 5477 τοῦ
3272 5423 3409 5477 Θεοῦ
3438 5421 3544 5476 τῶν
3564 5422 3701 5475 ὅλων

2133 5514 2530 5587 ἐφαρμόζοντος
2570 5515 2777 5584 λόγοις,
2812 5515 3056 5587 οἰηθῆναί
3088 5533 3142 5569 τι
3186 5514 3362 5585 λέγειν
3395 5512 3574 5571 αὐτόν,
3606 5515 3699 5565 καὶ

2138 5606 2275 5677 μετὰ
2307 5623 2448 5670 τινος
2487 5605 2764 5678 ἀγχινοίας
2798 5606 2938 5661 κατὰ
2981 5605 3081 5678 τῆς
3136 5605 3395 5677 ἀληθείας
3448 5601 3692 5673 τεχνᾶξεε
