4010 6212
277 319 412 377 ωιι

1375 323 1655 380 CONTRA
1689 323 2078 395 EUNOMIUM,
2120 326 2250 384 LIB.
2291 327 2405 384 XII.

3386 324 3527 382 1οη

277 437 442 531 eant;
578 436 697 531 γάρ·
739 434 967 531 ξράσκειν
997 436 1160 493 αὐτὸν
1187 442 1645 516 πρεπωδεστάτην
1677 445 1855 502 αἰτίαν

1962 455 2149 501 contra
2179 448 2461 502 veritatem
2490 443 2865 501 architectari?
2886 441 3021 499 Nam
3053 440 3199 512 quod
3222 441 3336 511 ipse
3375 454 3529 497 asse-

277 525 376 582 ἐπὶ
403 524 497 581 τοῦ
515 524 652 580 Θεοῦ
673 524 770 580 τοῦ
791 526 1050 597 γεννῆσαι
1071 529 1163 582 τὸν
1179 529 1305 585 Υίδν
1332 526 1471 587 εἶναι
1495 535 1593 606 τήν
1619 535 1850 591 ἀδέσπο-

274 634 371 673 τον
407 615 688 682 ἐξουσίαν,
719 617 815 672 καὶ
864 618 962 689 τὴν
993 619 1399 692 ἀνυπέρϐλητον
1433 624 1680 698 δύναμιν,
1716 630 1852 701 ὅπερ

273 709 339 765 οὐ
361 711 492 781 περὶ
517 710 613 764 τοῦ
640 709 845 781 κόσμου
874 712 1032 782 μόνον
1049 713 1270 767 καὶτῶν
1299 715 1357 767 ἐν
1381 715 1531 787 αὐτῷ
1552 719 1848 789 στοιχείων,

274 800 415 855 ἀλλὰ
440 803 535 855 καὶ
562 803 691 874 περὶ
713 801 820 856 τῶν
849 803 1091 873 ἑρπετῶν
1121 804 1215 863 καὶ
1252 804 1454 877 θηρίων
1487 807 1631 863 ἔστιν
1655 810 1847 863 εἰπεῖν’

276 892 373 947 καὶ
397 892 560 947 τοῦτο
591 893 668 957 ὡς
712 892 921 966 πρέπον
955 895 1047 949 ἐπὶ
1074 898 1173 966 τῆς
1210 897 1304 951 τοῦ
1352 901 1673 970 μονογενοῦς
1714 901 1849 956 Θεοῦ

276 984 600 1056 ὑπολήψεως
651 985 742 1052 τὸν
797 986 990 1057 σεμνὸν
1044 986 1290 1056 θεολόγον
1332 990 1633 1046 ἐκτίθεσθαι
1656 1010 1669 1025 ο
1710 993 1742 1063 ῆ
1790 994 1852 1048 τὸ

275 1075 457 1147 λέγειν
482 1078 576 1131 καὶ
602 1077 706 1148 πρὸ
727 1078 823 1149 τῆς
838 1078 946 1133 τῶν
962 1078 1240 1149 ὀνομάτων
1261 1084 1566 1153 γεννήσεως
1602 1083 1854 1155 ’Δγέννη-

274 1185 388 1232 τον,
421 1168 454 1238 ἢ
483 1169 723 1239 Πατέρα,
751 1169 784 1239 ἢ
820 1169 888 1224 τά
934 1170 1099 1225 λοιπὰ
1125 1171 1234 1225 τῶν
1278 1173 1556 1242 ὀνομάτων
1580 1164 1866 1247 προσαγα-¹

279 1260 534 1330 ρεύεσθαι
564 1260 655 1314 τὸν
681 1260 813 1316 Θεόν
831 1278 845 1294 °
871 1262 1119 1334 καθάπερ
1149 1263 1378 1330 δεδιότα,
1411 1265 1485 1338 μὴ
1516 1266 1610 1319 τοῦ
1649 1267 1848 1337 ὀνόμα-

274 1370 369 1417 τος
404 1352 556 1424 παρὰ
586 1356 700 1417 τοῖς
746 1354 911 1425 μήπω
956 1356 1201 1424 γεγονόσι
1236 1356 1597 1428 σιωπηθέντος
1618 1398 1632 1423 ,
1663 1359 1851 1413 ἑαυτὸν

275 1444 595 1515 ἀγνοήσειεν
618 1484 632 1508 ,
661 1443 695 1514 ἢ
749 1448 829 1509 είς
864 1445 1034 1518 λήθην
1086 1446 1281 1502 ἐαυτοῦ
1328 1449 1519 1512 πέσοι,
1554 1452 1621 1521 τῇ
1673 1454 1847 1522 σιωπῇ

273 1535 371 1590 τοῦ
424 1536 684 1609 ὀνόματος
731 1539 761 1592 ὃ
796 1538 942 1592 ἐστιν
978 1540 1267 1610 ἀγνοήσας.
1322 1540 1386 1594 Ἤ
1417 1540 1474 1594 δὲ
1524 1541 1849 1614 χλευαστικὴ

274 1627 385 1682 τῶν
428 1628 710 1699 ἡμετέρων
738 1628 911 1698 λόγων
963 1630 1301 1703 καταδρομὴ,
1340 1633 1463 1687 ὅσον
1497 1633 1559 1685 τὸ
1598 1633 1761 1705 δριμύ
1790 1651 1850 1687 τε
1884 1659 1926 1715 Β

276 1720 371 1774 καὶ
406 1719 660 1789 ἀγχίνουν
687 1719 819 1791 ἔχει,
847 1721 914 1774 δι’
942 1715 1015 1777 ὧν
1041 1724 1433 1789 κατασκευάζει
1458 1724 1519 1777 τὸ
1539 1725 1757 1789 ἄτοπον,
1774 1726 1855 1779 ὅτι

276 1811 307 1864 ὀ
325 1810 433 1881 πρὸ
462 1811 677 1864 πάντων
710 1809 921 1865 αίώνων
967 1811 1061 1864 καὶ
1102 1811 1310 1883 χρόνων
1336 1813 1431 1866 καὶ
1460 1814 1641 1883 πάσης
1674 1814 1857 1885 αἰσθη-

273 1902 375 1972 τῆς
413 1918 473 1955 τε
520 1902 616 1955 καὶ
669 1904 864 1973 νοητῆς
912 1900 1125 1972 φύσεως
1170 1903 1408 1972 γεγονὼς
1462 1905 1648 1976 Πατὴρ
1670 1943 1686 1969 ,
1737 1905 1856 1969 πῶς

278 1990 565 2063 περιμένει
609 1992 735 2056 τοὺς
763 1991 1100 2064 ἀνθρώπους,
1131 1994 1218 2048 ῖνα
1250 1993 1338 2048 διὰ
1381 1994 1480 2065 τῆς
1509 1992 1713 2049 τούτων
1747 1996 1856 2048 ὀνο-

280 2084 463 2156 μασθῇ
493 2085 753 2151 ἐπινοίας,
770 2084 869 2139 οὐκ
893 2085 1310 2157 ὀνομαζόμενος,
1331 2086 1406 2150 ὥς
1435 2104 1598 2159 φησιν
1626 2088 1849 2151 ἐκεῖνος,

273 2173 403 2229 οὕτε
439 2174 544 2229 ὑπὸ
575 2174 667 2228 τοῦ
702 2174 853 2241 Υίοῦ,
876 2174 999 2229 οὔτε
1039 2176 1143 2229 ὑπὸ
1165 2175 1271 2229 τῶν
1295 2177 1371 2230 δι’·
1389 2177 1596 2230 ἐκείνου
1630 2177 1855 2248 γενομέ-

275 2283 385 2320 νων
412 2265 620 2337 νοητῶν
669 2264 897 2333 ubertim;
929 2265 1130 2320 Οὐδένα
1158 2266 1266 2338 γὰρ
1305 2265 1475 2330 οὕτως
1507 2262 1660 2337 οἶμαι
1688 2265 1853 2338 κορύ-

275 2356 378 2427 Cn;
397 2354 537 2411 εἶναι
573 2355 790 2427 βαθείας
821 2357 1035 2428 μεστὸν,
1053 2357 1129 2422 ὡς
1151 2358 1362 2427 ἀγνοεῖν
1393 2358 1476 2411 ὅτι
1502 2358 1529 2410 ό
1561 2358 1851 2429 μονογενὴς

276 2448 435 2514 Θεὸς,
469 2450 497 2502 ὀ
538 2451 595 2503 ἐν
643 2448 818 2521 Πατρὶ
843 2448 947 2512 ὢν,
978 2450 1071 2503 καὶ
1097 2451 1155 2502 ἐν
1189 2448 1340 2520 αὐτῷ
1372 2450 1464 2503 τὸν
1489 2449 1707 2520 Πατέρα
1732 2449 1849 2520 βλέο

280 2554 419 2600 πων,
450 2536 767 2609 ὀνόματοςῆ
794 2537 1039 2609 ῥήματος
1078 2538 1215 2608 πρὸς
1251 2538 1349 2609 τὴν
1377 2536 1470 2591 τοῦ
1492 2537 1851 2609 ὑποκειμένου

277 2626 484 2695 γνῶσιν
510 2628 611 2682 οὐκ
660 2626 950 2693 ἐπιδέεται,
981 2627 1104 2681 οὔτε
1138 2627 1197 2680 το
1233 2626 1455 2698 Πνεῦμα
1493 2627 1554 2681 τὸ
1587 2626 1759 2695 ἅγιον,
1794 2629 1854 2681 τὸ

270 2720 348 2777 τά
382 2719 481 2774 τοῦ
514 2719 648 2773 Θεοῦ
679 2717 816 2789 βάθη
861 2717 1297 2790 διερευνώμενον,
1329 2718 1417 2773 διὰ
1446 2719 1543 2790 τῆς
1569 2720 1854 2791 ὀνομαστι-

275 2813 381 2882 κῆε,
416 2809 788 2883 προσηγορίας
824 2810 960 2881 πρὸς
993 2809 1089 2879 τὴν
1116 2809 1209 2869 τοῦ
1266 2809 1597 2880 ζητουμένου
1653 2809 1853 2877 γνῶσιν

271 2902 557 2971 ἐνάγεται.
586 2898 724 2956 υῦτε
757 2901 791 2971 ή
833 2898 1123 2970 ἀσώματος
1150 2900 1257 2954 τῶν
1288 2901 1670 2972 ὑπερκοσμίων
1694 2902 1852 2955 devci.

1958 545 2042 591 rat
2069 552 2291 593 causam
2325 538 2380 592 in
2416 536 2525 593 Deo
2563 535 3002 592 decentissimam
3029 532 3226 590 Filium
3251 529 3524 603 gignendi,

1944 643 2079 702 _esse
2120 628 2343 683 liberam
2376 634 2697 698 potestatem
2730 632 2785 682 et
2808 625 3062 680 virtutem
3092 620 3528 691 superexcellen-

1958 726 2088 781 tem,
2118 717 2264 787 quod
2304 716 2523 787 quidem
2556 730 2665 770 non
2694 714 2879 770 solum
2900 712 2968 768 de
2993 712 3198 767 mundo
3228 720 3280 766 et
3308 711 3376 766 de
3414 710 3520 766 elc-

1957 805 2156 862 mentis
2194 808 2248 859 in
2286 805 2405 875 ipso
2434 804 2751 867 contentis,.
2784 801 2880 859 sed
2925 799 3088 857 etiam
3137 800 3205 855 de
3242 800 3529 869 reptilibus

1957 904 2010 952 et
2039 895 2170 952 feris
2200 874 2327 952 licet
2355 896 2575 962 dicere;
2615 902 2669 951 et
2699 894 2805 950 hoc
2852 902 2912 949 ut
2943 892 3204 949 decorum
3236 890 3291 944 in
3336 890 3528 960 unige-
3602 874 3619 901 ‘

1956 988 2059 1044 niti
2139 987 2233 1042 Dei
2296 986 2699 1043 existimatione
2766 998 2985 1057 gravem
3049 990 3105 1037 et
3157 981 3526 1037 venerandum

1958 1080 2263 1151 theologum
2285 1093 2576 1148 exponere,
2599 1077 2684 1133 vel
2706 1075 2835 1132 dum
2857 1074 2989 1130 dicit
3008 1072 3172 1130 etiam
3202 1082 3327 1127 ante
3349 1079 3530 1126 ortum

1956 1185 2144 1226 eorum
2179 1169 2271 1241 qui
2293 1169 2598 1235 nominant,
2658 1167 2983 1239 ingenitum,
3033 1163 3117 1220 vel
3152 1162 3392 1230 Patrem,
3444 1162 3532 1218 vel

1957 1262 2167 1333 reliqua
2200 1260 2443 1325 nomina,
2480 1259 2648 1315 Deum
2683 1257 2962 1329 appellari,
3005 1255 3163 1327 quasi
3218 1262 3425 1309 metuat
3462 1270 3532 1309 ne

1957 1354 2177 1409 nomine
2204 1353 2347 1424 apud
2370 1368 2459 1409 res
2482 1351 2725 1408 nondum
2749 1357 2905 1405 natas
2925 1348 3094 1403 tacito
3118 1348 3354 1417 seipsum
3385 1347 3534 1416 igno-

1958 1445 2113 1508 rarit,
2146 1445 2231 1500 vel
2265 1447 2320 1499 in
2359 1444 2444 1498 sui
2484 1442 2658 1513 ipsius
2694 1440 3024 1495 oblivionem
3055 1439 3329 1500 inciderit,
3366 1439 3533 1493 silen—

1959 1534 2035 1589 tio
2066 1534 2306 1589 nominis
2343 1531 2474 1604 quid
2525 1534 2597 1588 sit
2643 1531 2918 1587 nesciens.
2965 1532 3032 1584 At
3065 1529 3155 1584 illa
3201 1528 3531 1584 cavillator-ia

1957 1636 2269 1683 nostrorum
2296 1640 2608 1681 sermonum
2656 1622 2965 1686 insectatio,
2999 1630 3263 1693 quantum
3294 1620 3535 1675 acrimo-

1958 1721 2061 1776 nias
2092 1728 2146 1777 et
2175 1719 2412 1776 solertiae
2452 1718 2635 1782 habet,
2682 1715 2882 1787 quibus
2908 1714 3210 1770 absurdum
3240 1711 3531 1772 construia,

1955 1811 2103 1883 quod
2131 1811 2222 1881 qui
2260 1817 2385 1865 ante
2411 1808 2593 1864 omnia
2626 1808 2824 1863 saecula
2847 1815 2904 1862 et
2934 1816 3200 1875 tempora,
3232 1812 3286 1859 et
3316 1818 3532 1857 omnem

1955 1902 2269 1959 sensibilem
2321 1907 2375 1956 et
2423 1897 2818 1968 iutelligibilem
2871 1904 3146 1961 naturam,
3206 1893 3309 1948 fuit
3350 1892 3530 1954 Pater,

1953 1994 2230 2067 quomodo
2260 1993 2513 2048 homines
2553 1998 2854 2062 exspectat,
2895 1999 2954 2044 ut
2991 2004 3086 2060 per
3117 1987 3534 2044 commentatio-

1953 2100 2077 2141 nem
2101 2083 2189 2139 his
2224 2082 2684 2154 appellationibus
2720 2081 3054 2143 nominetur,
3086 2078 3180 2149 qui
3213 2092 3323 2132 non
3358 2077 3537 2132 nomi-

1954 2177 2206 2243 nabatur,
2257 2184 2317 2232 ut
2356 2176 2429 2231 ait
2470 2176 2581 2241 ille,
2612 2191 2790 2246 neque
2821 2191 2850 2229 a
2881 2174 3040 2239 Filio,
3079 2190 3255 2244 neque
3300 2173 3370 2229 ab
3409 2173 3537 2228 ullis

1954 2285 2050 2341 per
2081 2269 2235 2324 illum
2266 2268 2425 2324 factis
2450 2267 2614 2323 rebus
2645 2266 3115 2338 intelligibilibus?
3148 2264 3365 2320 Nullum
3389 2263 3535 2320 enim

1955 2364 2029 2416 ita
2058 2359 2334 2432 profunda
2373 2360 2667 2431 gravedine
2708 2358 2985 2429 oppletum
3046 2365 3197 2428 puto,
3238 2366 3297 2411 ut
3327 2356 3539 2424 ignoret

1952 2454 2096 2525 quod
2147 2453 2458 2523 unigenitus
2500 2452 2665 2516 Deus,
2707 2450 2799 2521 qui
2833 2452 2886 2504 in
2927 2449 3089 2505 Patre
3117 2458 3222 2513 est,
3254 2456 3309 2504 et
3350 2449 3407 2502 in
3438 2463 3529 2503 se-

1953 2548 2072 2619 ipso
2099 2547 2313 2603 Patrem
2344 2545 2489 2601 videt
2511 2547 2579 2608 ",
2628 2539 2850 2598 nomine
2879 2544 2962 2597 vel
2996 2542 3159 2596 verbo
3189 2540 3254 2595 ad
3293 2539 3533 2609 subjecti

1954 2637 2317 2708 cognitionem
2352 2650 2462 2690 non
2503 2634 2728 2703 indiget,
2775 2648 2951 2702 neque
2997 2630 3236 2702 Spiritus
3286 2640 3535 2689 sanctus.
3602 2667 3609 2674 .

1956 2728 2049 2799 qui
2074 2727 2239 2782 etiam
2272 2725 2362 2781 Dei
2401 2725 2742 2780 abditissima
2792 2722 3024 2776 rimatur
3045 2722 3113 2785 ",
3155 2735 3252 2791 per
3292 2719 3539 2773 nomina-

1957 2819 2141 2874 tivam.
2162 2817 2575 2890 appellationem
2618 2815 2684 2869 ad
2720 2815 2839 2884 ejus
2870 2813 3017 2884 quod
3044 2813 3311 2884 quan-itur
3338 2810 3531 2881 cogni-

1957 2906 2159 2965 tionem
2200 2908 2512 2963 adducitur.
2546 2906 2730 2977 Neque
2773 2906 3092 2975 incorporea
3146 2901 3540 2958 transmunda-

276 3008 433 3063 μεων
454 2989 636 3060 φύσις,
664 2991 816 3061 φωνῇ
846 2991 939 3043 καὶ
968 2989 1181 3062 γλώττῃ
1210 2990 1568 3061 κατονομάζει
1595 2991 1657 3044 τὸ
1680 2991 1851 3045 Θεϊον·

1962 3016 2152 3056 narum
2198 3001 2458 3055 virtutum
2497 3007 2693 3053 natura
2729 3011 2858 3052 voce
2901 3006 2955 3052 et
2988 2995 3172 3066 lingua
3199 3009 3400 3048 numen
3433 3004 3538 3048 no-

272 3081 377 3137 ἐπὶ
410 3080 520 3152 γὰρ
546 3079 645 3151 τῆς
682 3078 849 3134 άΰλου
882 3080 974 3134 καὶ
1007 3082 1199 3150 νοερᾶς
1242 3079 1483 3149 φύσεως,
1524 3082 1557 3149 ὴ
1588 3080 1727 3134 κατὰ
1763 3080 1854 3135 τὸν

272 3173 409 3231 νοῦν
437 3173 686 3244 ἐνέργεια
707 3171 863 3241 λόγος
898 3171 1063 3238 ἐστὶν,
1091 3172 1241 3225 οὐδὲν
1277 3174 1343 3242 τῇ
1374 3172 1530 3242 ὑλικῇ
1554 3170 1661 3225 τῶν
1692 3174 1857 3244 ὀργά-

274 3283 390 3321 νων
438 3263 709 3336 ὑπηρεσίᾳ
752 3263 1150 3334 συγχρώμενος.
1202 3264 1310 3317 Καὶ
1340 3263 1449 3337 γάρ
1482 3264 1575 3317 ἐπὶ
1619 3264 1717 3334 τῆς
1766 3266 1858 3319 ἀν-

276 3355 563 3429 θρωπίνης
611 3353 821 3424 φύσεως
847 3393 863 3420 ,
893 3354 1045 3408 οὐδὲν
1078 3354 1144 3407 ἂν
1177 3354 1392 3425 ἐδέησεν
1442 3355 1571 3425 ἡμῖν
1615 3356 1712 3427 τῆς
1750 3356 1856 3409 τῶν

276 3451 546 3524 ῥημάτων
575 3466 636 3502 τε
683 3448 778 3502 καὶ
814 3446 1092 3516 ὀνομάτων
1132 3446 1378 3518 χρήσεως
1401 3486 1416 3511 ,
1451 3447 1500 3499 εί
1531 3446 1755 3502 δυνατὸν
1790 3442 1857 3518 ῆν

275 3541 470 3615 γυμνὰ
526 3538 898 3614 προδεικνύειν
926 3537 1174 3609 ἀλλήλοις
1206 3538 1274 3591 τὰ
1304 3539 1404 3607 τῆς
1444 3539 1677 3604 διανοίας
1703 3540 1859 3609 κινή-

279 3650 454 3705 ματα.
485 3631 619 3687 Νυνὶ
658 3629 715 3684 δὲ
740 3628 848 3683 τῶν
875 3627 1235 3703 ἐγγινομένων
1265 3630 1399 3698 ἡμῖν
1436 3629 1740 3699 νοημάτων,
1773 3628 1861 3681 διὰ

275 3724 344 3779 το
369 3726 440 3796 τῇ
473 3722 704 3795 σαρκίνῃ
751 3720 1011 3793 περιϐολῇ
1035 3719 1135 3791 τὴν
1168 3720 1334 3788 φύσιν
1362 3720 1517 3790 ήμῶν
1556 3720 1860 3791 περιείργε-

278 3813 434 3878 σθαι,
466 3812 842 3884 φανερωθῆναι
872 3808 946 3881 μὴ
983 3808 1317 3880 δυναμένων,
1347 3807 1660 3878 ἀναγκαίως
1692 3808 1864 3862 καθά-

278 3923 393 3976 περ
429 3906 630 3977 σημεῖα
659 3905 771 3967 τοῖς
820 3903 1107 3975 πράγμασι
1132 3901 1231 3966 τάς
1262 3899 1421 3965 ποιὰς
1452 3900 1562 3955 τῶν
1584 3900 1862 3971 ὀνομάτων

278 4000 466 4062 θέσεις
496 3996 862 4061 ἐπιϐαλόντες,
897 3996 965 4050 δι’
990 3993 1213 4049 ἐκείνων
1233 3993 1333 4056 τὰς
1360 3993 1461 4061 ¹’τοῦ
1494 3992 1585 4047 νοῦ
1623 3994 1865 4063 κινήσεις

277 4089 539 4162 ἀλλήλοις
586 4086 998 4159 δημοσιεύομεν.
1051 4086 1114 4139 Ei
1149 4084 1207 4138 δέ
1253 4101 1371 4148 πως
1404 4078 1473 4155 ἦν
1515 4080 1864 4152 ἀπογυμνοῦν

280 4180 491 4254 ἑτέρως
511 4180 582 4235 τά
601 4163 718 4250 τῆς
735 4178 973 4242 διανοίας
1008 4177 1306 4248 κινήματα,
1341 4175 1550 4246 χαίρειν
1573 4174 1670 4246 τὴν
1710 4190 1864 4245 περι-

279 4272 474 4340 οδικὴν
498 4269 609 4325 τῶν
647 4269 925 4342 ὀνομάτων
975 4266 1275 4340 ὑπηρεσίαν
1309 4266 1585 4331 ἐάσαντες,
1603 4265 1866 4337 τηλαυγέ-

281 4378 480 4432 στερον
508 4360 575 4415 ἂν
600 4360 693 4416 καὶ
734 4341 1115 4431 καθαρώτερον
1151 4356 1402 4428 ἀλλήλοις
1442 4355 1861 4444 συνεγενόμεθα,
1897 4341 1940 4394 D

279 4452 468 4523 αὐτὴν
495 4450 595 4522 τὴν
634 4448 743 4507 τῶν
792 4447 1134 4520 πραγμάτων
1194 4447 1372 4515 φύσιν,
1407 4448 1532 4518 περὶ
1570 4447 1636 4515 ἢν
1674 4449 1702 4500 ὀ
1741 4446 1865 4511 νοῦς

282 4542 643 4611 καταγίνεται
673 4543 791 4603 ταῖς
812 4541 912 4611 τῆς
931 4540 1169 4603 διανοίας
1188 4541 1385 4611 ὁρμαῖς
1410 4537 1860 4604 ἐκκαλύπτοντες.

280 4635 427 4691 Νυνὶ
463 4634 522 4689 δὲ
560 4632 748 4687 τούτου
798 4631 955 4703 χάριν
992 4630 1067 4702 τῷ
1099 4632 1200 4702 μέν
1231 4648 1334 4685 τινι
1361 4630 1467 4684 τῶν
1493 4631 1660 4685 ὄντων
1692 4632 1866 4703 δνομα

280 4725 517 4800 οὐρανὸν
562 4723 816 4796 ἐθέμεθα,
853 4723 1025 4796 ἑτέρῳ
1062 4722 1119 4778 δὲ
1162 4723 1285 4793 γῆν,
1318 4724 1411 4777 καὶ
1449 4722 1593 4794 ἄλλῳ
1628 4723 1755 4778 ἄλλο
1791 4741 1863 4778 τι.

279 4819 402 4876 Καὶ
448 4818 511 4871 τὸ
542 4818 675 4889 πρός
711 4816 763 4869 τί
794 4834 910 4880 πως
958 4813 1175 4885 ἐχειν,ἢ
1215 4813 1277 4867 τὸ
1324 4815 1640 4885 ἐνεργεῖν,ή
1674 4816 1735 4869 τὸ
1762 4816 1868 4869 πά-

280 4926 463 4980 σχειν,
492 4909 671 4963 πάντα
692 4906 861 4961 ταῦτα
899 4905 1221 4969 ἰδιαζούσαις
1252 4905 1724 4975 ἐπισημαινόμεθα
1751 4910 1871 4970 ταῖς

277 5002 499 5071 φωναῖς
515 4999 618 5065 ’ὡς
647 4999 713 5054 ἂν
741 4998 816 5070 μὴ
839 4996 1199 5068 άκοινώνητός
1215 5013 1276 5050 τε
1295 4999 1390 5052 καὶ
1409 4998 1683 5067 ἄγνωστος
1709 5000 1742 5068 ή
1775 4997 1870 5052 τοῦ

274 5091 381 5146 νοῦ
402 5090 616 5161 κίνησις
634 5091 691 5144 ἐν
705 5091 841 5161 ήμῖν
864 5088 1033 5159 μένοι.
1049 5089 1112 5142 Ἢ
1127 5088 1182 5141 δέ
1197 5088 1559 5160 ύπερκόσμιος
1577 5087 1757 5158 ἐκείνη
1780 5090 1877 5142 καὶ

272 5182 454 5246 ἇῦὶος
475 5179 657 5251 φύσις,
688 5181 787 5252 τῆς
822 5179 1137 5249 σωματικῆς
1164 5180 1424 5251 περιοχῆς
1449 5179 1705 5253 ἐλευθέρα
1734 5176 1869 5236 οὖσα

279 5275 390 5331 καὶ
421 5274 634 5337 ἄνετος,
659 5272 785 5327 οὔτε
817 5273 910 5326 ἐπὶ
947 5272 1045 5342 τῆς
1068 5268 1471 5343 ὑπερκειμένης
1521 5274 1734 5343 φύσεως
1752 5274 1867 5329 dvo-

276 5365 482 5438 μάτων
507 5363 738 5434 δέεταιή
769 5363 1049 5434 ῥημάτων,
1094 5363 1193 5417 άλλ
1221 5365 1374 5417 εἵπου
1414 5365 1507 5418 καὶ
1537 5363 1867 5435 pompm/stis-

272 5473 379 5509 ται
409 5454 558 5526 παρὰ
591 5457 688 5525 τῆς
710 5455 901 5525 νοερᾶς
939 5452 1151 5523 φύσεως
1193 5451 1349 5522 λόγος
1374 5471 1454 5519 τις
1491 5456 1547 5507 ἐν
1576 5458 1746 5526 ἱεραῖς
1780 5456 1869 5509 Βί-

270 5544 442 5611 ωοις
497 5547 862 5615 ἀνάγραπτος,
906 5545 1060 5616 ήμῶν
1109 5546 1292 5599 ἕνεκεν
1328 5547 1434 5599 τῶν
1472 5548 1772 5602 ἀκοιόντων
1814 5550 1872 5602 τδ

368 5721 408 5750 τ’
447 5718 606 5775 Joan.
646 5735 753 5787 xiv,
779 5718 833 5785 9,
871 5718 950 5774 ιο.
1029 5721 1072 5752 ⁷³
1112 5719 1130 5776 ι
1173 5720 1298 5775 Cor.
1332 5736 1389 5774 ιι.
1436 5723 1516 5775 ιε».

1958 3095 2160 3149 mittat:
2206 3108 2329 3147 nam
2382 3092 2433 3146 in
2477 3101 2673 3146 natura
2721 3087 3068 3143 immateriali
3097 3095 3151 3141 et
3185 3084 3536 3155 intelligente.

1958 3193 2115 3241 actus
2144 3185 2236 3255 qui
2272 3183 2327 3237 iit
2376 3182 2677 3237 secundum
2714 3190 2967 3243 mentem,
3021 3192 3201 3233 sermo
3252 3182 3357 3239 est,
3402 3173 3538 3228 nillil

1958 3276 2225 3333 materiali
2251 3275 2740 3330 instrumentorum
2777 3269 3080 3324 ministerio
3107 3275 3285 3322 utens.
3312 3263 3529 3318 Etenim

1962 3368 2016 3423 in
2041 3368 2276 3422 humana
2302 3376 2519 3428 natura,
2548 3379 2654 3418 non
2678 3361 2837 3417 nobis
2858 3359 3146 3415 verborum
3174 3366 3227 3411 et
3258 3355 3538 3410 nominum

1963 3475 2065 3515 usu
2103 3473 2242 3530 opus
2279 3464 2446 3521 esset,
2490 3456 2534 3511 si
2573 3466 2859 3525 possemus
2891 3450 3067 3505 nudas
3112 3447 3312 3503 mentis
3346 3444 3543 3514 impul-

1962 3550 2166 3615 siones,
2197 3557 2251 3604 et
2284 3548 2453 3603 animi
2481 3560 2642 3602 sensa
2668 3542 2994 3615 patefacere.
3029 3541 3182 3595 Nunc
3212 3545 3390 3592 autem
3414 3549 3542 3590 cum

1963 3642 2018 3696 in
2049 3641 2206 3696 nobis
2260 3639 2512 3695 notiones
2564 3637 2982 3706 ingenerentnr,
3042 3635 3330 3700 propterea
3395 3624 3542 3696 quod

1964 3729 2169 3785 carnali
2199 3728 2401 3782 amictu
2436 3733 2630 3780 natura
2658 3720 2953 3793 praepedita
2981 3726 3087 3781 est,
3116 3732 3241 3771 cum
3270 3730 3377 3769 non
3410 3728 3542 3782 pos-

1965 3820 2076 3875 sint
2118 3816 2413 3879 declarari,
2460 3811 2772 3869 necessario
2821 3817 3078 3878 tanquam
3110 3804 3289 3874 signis
3309 3811 3362 3858 et
3396 3803 3543 3857 notis

1964 3907 2296 3981 quibusdam
2341 3903 2656 3961 nominibus
2685 3898 2957 3973 impositis
2986 3898 3109 3953 illas
3135 3894 3333 3950 mentis
3366 3893 3543 3948 notio-

1966 4016 2065 4057 nes
2111 4000 2359 4057 vicissim
2412 3994 2803 4071 expromimus.
2838 3988 2995 4058 Quod
3042 3988 3087 4043 si
3142 3986 3326 4057 aliquo
3380 3982 3543 4039 modo

1966 4071 2152 4151 liceret
2169 4089 2522 4164 cogitationis
2540 4085 2864 4159 agitationes
2887 4079 3185 4145 denudare,
3207 4075 3541 4149 periodicam

1969 4185 2250 4240 nominum
2302 4195 2527 4253 operam
2579 4177 2760 4233 valere
2815 4174 3095 4245 iubentes,
3152 4166 3449 4239 ful'gentius
3489 4174 3545 4222 et

1967 4275 2161 4346 purius
2184 4274 2327 4329 inter
2348 4285 2452 4327 nos
2480 4280 2956 4328 conversaremur,
2983 4263 3154 4333 ipsam
3178 4275 3361 4315 rerum
3386 4263 3545 4317 natu-

1969 4384 2109 4433 ram,
2147 4367 2202 4420 in
2239 4378 2349 4435 qua
2393 4377 2550 4418 mens
2582 4368 2904 4430 occupatur,
2955 4352 3303 4424 cogitationis
3347 4348 3547 4420 impul-

1971 4457 2223 4516 sionibus
2254 4453 2617 4526 recludentes.
2651 4450 2807 4506 Nunc
2832 4456 3014 4505 autem
3036 4446 3204 4517 huius
3235 4444 3408 4515 gratia
3437 4443 3546 4500 sin-

1971 4549 2113 4621 gulis
2152 4547 2317 4602 rebus
2351 4559 2551 4600 uomen
2598 4541 2899 4613 posuimus,
2937 4538 3029 4594 alii
3065 4536 3284 4608 quidem
3319 4533 3541 4600 omium,

1972 4641 2064 4695 alii
2096 4653 2227 4695 vero
2277 4645 2503 4701 terram,
2542 4642 2597 4692 et
2641 4634 2732 4691 alii
2781 4630 2913 4703 quid
2967 4628 3135 4685 aliud.
3168 4625 3234 4682 Et
3283 4625 3543 4697 quoniam

1976 4730 2120 4787 aliud
2154 4731 2220 4786 ad
2250 4728 2453 4800 aliquid
2486 4727 2805 4783 relationem
2842 4722 3027 4786 habet,
3065 4718 3149 4777 vel
3180 4720 3292 4789 agit
3340 4717 3422 4773 vel
3453 4731 3548 4787 pa-

1973 4823 2127 4886 titur,
2157 4822 2341 4876 omnia
2373 4819 2488 4874 btec
2518 4814 2887 4889 peculiaribus
2900 4812 3127 4868 vocibus
3153 4808 3545 4883 signiﬁcamus,

1973 4927 2041 4967 ne
2084 4907 2618 4966 incommunicabilis
2647 4915 2702 4962 et
2746 4904 3021 4974 incognita
3066 4900 3262 4957 mentis
3307 4899 3458 4954 notio
3486 4898 3545 4961 in

1972 5003 2134 5059 nobis
2167 5001 2450 5059 resideret.
2484 4998 2579 5055 Illa
2614 5013 2745 5054 vero
2783 4994 3244 5067 supermundialis
3262 4998 3323 5047 et
3350 4991 3546 5046 imma-

1973 5094 2181 5149 terialis
2212 5101 2428 5157 natura,
2461 5106 2583 5161 qua:
2609 5090 2681 5144 ab
2703 5088 2850 5144 onmi
2898 5084 3246 5144 concretione
3281 5096 3546 5152 corporea

1975 5186 2146 5241 libera
2177 5193 2262 5239 est
2292 5194 2345 5239 et
2373 5183 2571 5247 soluta,
2613 5194 2791 5251 neque
2833 5179 2890 5233 in
2918 5179 3117 5247 seipsa,
3151 5189 3325 5244 neque
3356 5172 3408 5228 in
3451 5188 3548 5229 su-

1977 5276 2347 5347 pereminente
2386 5283 2582 5329 natura
2623 5270 2941 5327 nominibus
2979 5269 3063 5322 vel
3098 5264 3276 5322 verbis
3321 5264 3546 5335 indiget,

1976 5368 2070 5424 sed
2090 5367 2265 5424 sicubi
2291 5382 2321 5419 a
2339 5374 2533 5421 natura
2559 5363 2893 5433 intelligente
2916 5357 3189 5431 profectus
3217 5364 3546 5411 memoratur

1978 5472 2158 5514 sermo
2183 5456 2382 5527 aliquis
2411 5456 2464 5510 in
2507 5453 2681 5510 sacris
2710 5451 2891 5507 Libris
2924 5448 3250 5519 descriptus,
3288 5444 3416 5500 illud
3452 5461 3547 5498 no-

1982 5551 2079 5605 stri
2106 5566 2289 5613 causa,
2323 5549 2413 5620 qui
2450 5548 2721 5610 audimus,
2756 5544 2973 5607 dicitur,
3007 5542 3094 5612 qui
3123 5556 3228 5596 non
3260 5538 3368 5595 alio
3389 5535 3545 5593 modo
