4010 6212
489 275 630 346 ποτ,

1654 282 1709 338 S.
1753 281 2076 339 GREGORH
2118 283 2419 340 NYSSENI

3585 282 3692 348 HM~
3707 291 3732 340 l

488 409 783 465 possumus
813 395 956 465 quod
982 397 1291 452 declaratur
1321 399 1620 469 percipere,
1651 404 1793 472 quod
1828 418 1937 457 non
1961 418 2054 471 per

2159 400 2392 456 τοιοῦτον
2445 402 2680 470 λέγεται,
2729 402 2837 456 τῶν
2884 402 3285 457 ἀδυνατούντων
3332 397 3539 454 τούτων
3593 400 3738 470 an...

485 502 651 542 voces
681 496 734 541 et
767 486 928 541 verba
981 488 1319 546 enuntiatur.
1369 490 1434 544 Et
1464 493 1510 546 si
1534 492 1703 550 David
1759 496 1813 548 in
1849 495 2055 566 Spiritu

485 579 620 633 dicit
663 577 893 634 Domino
935 595 965 633 a
998 577 1226 636 Domino
1265 582 1471 652 aliquid
1519 585 1719 650 dici”,
1759 593 1844 642 est
1889 586 2058 642 David

487 669 579 737 qui
612 670 870 739 loquitur,
918 672 1011 742 qui
1046 688 1153 727 nou
1191 681 1371 743 potest
1402 677 1560 732 aliter
1588 679 1746 734 nobis
1775 679 1851 736 rei
1901 680 2059 738 intel-

486 761 640 820 lecta:
685 761 991 818 doctrinam
1025 765 1260 831 tradere,
1310 767 1416 822 nisi
1467 784 1562 838 per
1607 785 1770 828 voces
1807 780 1862 826 et
1895 772 2058 826 verba

486 855 868 924 mysteriorum
912 857 1276 927 cognitionem
1322 875 1351 912 a
1377 858 1487 916 Deo
1526 862 1580 915 in
1623 862 1742 933 ipso
1772 863 2058 936 ingenera-

485 956 594 1000 tam
638 947 1047 1018 interpretetur.

555 1123 750 1178 Omnia
799 1124 964 1195 igitur
992 1142 1115 1196 qua:
1146 1136 1336 1194 contra
1383 1131 1896 1187 commentationem
1941 1132 2056 1202 ipse

484 1215 742 1271 disseruit
774 1218 938 1271 verba
964 1257 978 1284 ,
1007 1221 1271 1288 optimum
1303 1223 1580 1292 praterire
1606 1221 1874 1288 arbitror,
1916 1233 2057 1277 tam-

483 1308 588 1363 etsi
649 1308 874 1363 insania:
932 1319 1156 1368 accuset
1214 1327 1309 1368 eos
1359 1314 1452 1383 qui
1496 1313 1714 1370 deitatis
1745 1331 1943 1370 nomen
1992 1315 2059 1370 ad

483 1397 909 1454 declarationem
959 1404 1419 1471 supereminentis
1469 1404 1686 1466 virtutis
1744 1414 1935 1477 putant
1991 1407 2059 1461 ab

485 1488 802 1552 hominibus
847 1507 944 1561 per
982 1495 1498 1552 commentationem
1544 1494 1673 1552 diei.
1725 1496 1865 1563 Quid
1915 1498 2057 1552 enim

486 1581 578 1635 hic
651 1580 960 1652 intelligens
1021 1593 1174 1655 putat
1234 1594 1485 1655 oportere
1545 1589 2058 1645 commentationem

485 1672 750 1728 conviciis
806 1673 1120 1742 incessere,
1173 1693 1238 1732 ex
1297 1678 1444 1734 illius
1501 1680 1847 1737 sermonibus
1896 1681 2058 1742 licet,

2160 492 2345 562 τρόπῳ
2378 491 2568 562 μαθεῖν
2593 492 2654 546 τὸ
2691 491 3036 563 δηλούμενον,
3065 493 3140 564 μὴ
3167 491 3256 546 διὰ
3288 489 3479 560 φωνῶν
3508 490 3604 542 καὶ
3636 492 3730 561 ῥηο

2163 582 2346 652 μάτων
2389 583 2860 654 ἐξαγγελλόμενον.
2908 584 3027 637 Κᾶν
3067 584 3095 636 6
3143 581 3306 634 Δαειδ
3351 583 3409 634 ἐν
3456 579 3741 651 Πνεὺματι

2160 673 2307 742 λέγει
2345 674 2422 746 τῷ
2458 675 2645 748 Κυρίῳ
2676 675 2825 747 παρὰ
2861 675 2954 744 τοῦ
2988 674 3193 747 Κυρίου
3225 691 3277 727 τι
3321 672 3577 742 λέγεσθαι
3603 715 3618 736 ,
3647 677 3741 727 Δαο

2160 767 2246 820 ϐὶδ
2272 769 2300 820 6
2337 767 2506 836 λέγων
2535 769 2698 834 ἐστὶν,
2723 768 2752 820 ό
2791 767 2864 839 μὴ
2902 767 3197 839 δυνάμενος
3233 767 3436 836 ἑτέρως
3473 767 3607 836 ἡμῖν
3642 766 3741 837 τὴν

2161 859 2254 922 τοῦ
2306 860 2588 930 νοηθέντος
2639 860 2984 915 διδασκαλίαν
3035 859 3382 931 ποιήσασθαι,
3432 860 3480 911 εί
3540 859 3614 929 μη
3654 857 3743 909 διὰ

2163 950 2354 1019 φωνῶν
2379 952 2471 1008 καὶ
2524 951 2782 1022 ῥημάτων
2833 951 2933 1022 τὴν
2979 949 3339 1020 ἐγγενομένην
3367 948 3515 1018 αὑτῷ
3557 947 3742 1001 θεόθεν

2161 1042 2268 1096 τῶν
2293 1042 2609 1113 μυστηρίων
2629 1044 2952 1112 κατανόησιν
2987 1041 3358 1112 ἑρμηνεύσειε.

2235 1133 2418 1186 Πάντα
2464 1133 2642 1187 τοίνυν
2695 1135 2761 1187 τὰ
2790 1135 2931 1188 κατὰ
2970 1134 3069 1204 τῆς
3110 1133 3351 1196 ἐπινοίας
3390 1130 3541 1201 αὑτῷ
3591 1132 3740 1199 φιλο-

2164 1225 2463 1296 σοφηθέντα
2496 1225 2716 1296 ῥήματα
2735 1267 2749 1290 ,
2783 1225 3158 1297 παραδραμεῖν
3183 1219 3334 1294 οἶμαι
3361 1224 3544 1287 καλῶς
3578 1223 3743 1293 ἔχειν,

2164 1318 2266 1371 κᾶν
2327 1317 2523 1386 μανίαν
2569 1318 2800 1388 ἐπικαλῇ
2855 1320 2968 1381 τοῖς
3013 1317 3072 1370 τὸ
3113 1318 3212 1388 τῆς
3259 1316 3512 1385 θεότητος
3572 1316 3742 1386 ὄνομα

2163 1408 2299 1479 πρὸς
2333 1409 2566 1480 δήλωσιν
2613 1411 2711 1480 τῆς
2743 1408 3114 1481 ὑπερεχούσης
3150 1407 3432 1478 δυνάμεως
3465 1407 3622 1477 παρὰ
3655 1408 3742 1460 ἀνο

2160 1498 2394 1570 θρώπων
2423 1501 2688 1570 οἰομένοις
2715 1501 2780 1554 δι’
2830 1499 3070 1564 ἐπινοίας
3103 1500 3377 1570 λέγεσθαι.
3405 1499 3470 1550 Τί
3501 1499 3598 1570 μὲν
3636 1499 3744 1569 γάρ

2161 1581 2314 1654 οὗτος
2343 1591 2498 1655 νοῶν,
2519 1591 2794 1660 διασύρειν
2819 1591 2987 1644 οἴεται
3007 1591 3114 1644 δεῖν
3138 1591 3236 1662 τὴν
3257 1591 3525 1652 ἐπίνοιαν,
3547 1591 3613 1643 ἐκ
3637 1590 3745 1642 τῶν

2159 1681 2370 1734 ἐκείνου
2395 1684 2624 1754 πάρεστι
2645 1683 2819 1751 λόγων
2839 1684 2964 1746 τοὺς
2985 1682 3338 1752 βουλομένους
3367 1679 3740 1734 διδάσκεσθαι.

485 1766 579 1832 qui
623 1766 852 1833 volunt,
902 1767 1107 1823 doceri.
1163 1771 1353 1836 Qualia
1409 1781 1589 1827 autem
1635 1787 1734 1828 nos
1779 1773 2054 1828 existima-

2165 1767 2265 1826 υἷα
2303 1774 2357 1826 δὲ
2395 1764 2554 1844 ἡμεῖς
2593 1774 3044 1844 ὑπολαμϐάνομεν
3079 1774 3207 1843 περὶ
3251 1772 3354 1842 τῆς
3395 1771 3503 1824 τῶν
3538 1771 3745 1840 ὀνομά-

484 1873 608 1913 mus
651 1859 718 1914 de
761 1860 1040 1915 nominum
1088 1878 1187 1918 usu
1213 1903 1229 1929 ,
1281 1864 1336 1918 in
1375 1865 1751 1934 superioribus
1797 1864 2056 1921 diximus.

485 1949 642 2016 Quod
665 1967 788 2009 cum
817 1953 888 2008 ita
923 1970 981 2010 se
1007 1971 1095 2011 res
1126 1955 1362 2017 habeant
1392 1965 1450 2011 ut
1474 1973 1661 2013 earum
1703 1958 1808 2012 fert
1840 1967 2056 2019 natura,

484 2059 650 2101 voces
679 2061 862 2102 rerum
910 2048 1242 2117 interpretes
1276 2048 1565 2105 rationalis
1619 2049 1850 2104 facultas
1882 2065 1911 2102 a
1951 2047 2060 2103 Deo

484 2136 649 2190 insita
673 2137 726 2190 in
763 2146 960 2192 natura
993 2148 1181 2194 nostra
1215 2139 1564 2209 excogitavit.
1591 2139 1834 2206 Quarum
1861 2141 1907 2197 si
1933 2140 2058 2210 quis

483 2243 708 2282 causam
743 2229 800 2282 in
824 2243 950 2284 eum
991 2231 1083 2299 qtti
1127 2228 1443 2285 facultatem
1486 2231 1653 2296 dedit,
1702 2230 1924 2295 referat,
1959 2248 2056 2286 ne-

481 2334 588 2386 que
622 2333 722 2374 nos
751 2322 1179 2390 repugnabimus
1213 2323 1394 2378 :sicut
1432 2323 1638 2379 moveri
1675 2331 1728 2378 et
1765 2323 1968 2387 videre,
2005 2332 2058 2378 et

483 2407 693 2477 reliqua
729 2425 824 2479 per
857 2425 1052 2465 sensus
1081 2411 1315 2477 edicere,
1357 2413 1426 2468 ab
1470 2413 1562 2468 illo
1599 2414 1714 2468 fieri
1759 2414 1995 2468 dicimus
2027 2429 2056 2466 a

480 2516 594 2570 quo
648 2501 810 2556 talem
863 2502 1045 2574 adepti
1102 2519 1294 2560 sumus
1349 2506 1686 2563 facultatem.
1751 2505 1845 2562 Sic
1890 2508 2057 2578 igitur

481 2610 652 2650 causa
685 2595 907 2665 quidem
953 2596 1274 2652 nominandi
1305 2597 1474 2654 Deum
1506 2599 1598 2670 qui
1637 2606 1722 2654 est
1753 2600 2054 2654 secundum

481 2696 736 2741 naturam
784 2689 928 2758 quod
973 2690 1192 2758 quidem
1233 2699 1316 2745 est
1351 2690 1656 2745 secundum
1707 2703 2054 2746 communem

481 2779 750 2834 rationem
790 2781 845 2834 in
880 2779 1032 2833 illum
1088 2780 1265 2850 ipsum
1303 2780 1464 2836 debet
1507 2780 1702 2835 referri
1750 2798 1763 2836 :
1812 2787 2056 2851 potestas

479 2878 666 2925 autem
715 2869 904 2935 libera,
962 2886 1123 2925 sensa
1162 2872 1327 2926 animi
1384 2873 1568 2925 omnia
1617 2881 1672 2926 et
1709 2872 1945 2940 cogitata
1976 2870 2054 2926 sic

479 2963 565 3017 vel
597 2963 757 3018 aliter
783 2961 1122 3026 nominandi,
1157 2964 1210 3016 in
1243 2973 1441 3017 natura
1470 2965 1572 3018 sita
1605 2973 1709 3027 est,
1743 2979 1904 3034 quam
1939 2963 2054 3018 sive

2161 1882 2268 1918 των
2295 1866 2571 1935 χρήσεως,
2607 1867 2664 1918 ὲν
2702 1868 2814 1928 τοῖς
2837 1865 3066 1918 κατόπιν
3101 1865 3420 1936 εἰρήκαμεν.
3471 1864 3593 1916 Ὀτι
3625 1861 3743 1915 τῶν

2165 1958 2499 2028 πραγμάτων
2516 1959 2741 2028 ἐχόντων
2757 1960 2831 2022 ὡς
2848 1959 2958 2029 ἔχει
2977 1957 3208 2028 φύσεως,
3226 1958 3321 2021 τὰς
3344 1955 3743 2027 ἑρμηνευτικὰς

2160 2048 2268 2100 τῶν
2293 2048 2459 2104 ὅντων
2497 2048 2700 2118 φωνὰς,
2733 2051 2765 2118 ὴ
2798 2049 3013 2102 τεθεῖσα
3041 2047 3190 2118 παρὰ
3213 2046 3305 2100 τοῦ
3325 2047 3459 2100 Θεοῦ
3485 2050 3553 2117 τῇ
3584 2046 3746 2115 τρύσει

2159 2138 2316 2208 ἡμῶν
2345 2138 2536 2209 λογικὴ
2579 2139 2805 2211 δύναμις
2831 2139 3043 2210 εὕρατο.
3075 2134 3178 2191 Ὧν
3212 2141 3259 2192 εί
3298 2137 3398 2209 μέν
3423 2157 3508 2202 τις
3531 2138 3630 2209 τὴν
3655 2141 3738 2191 αἱ·

2157 2231 2278 2282 τίαν
2313 2231 2392 2294 είς
2431 2231 2519 2282 τὸν
2561 2230 2832 2284 δεδωκότα
2874 2231 2971 2300 τὴν
3010 2229 3240 2297 δύναμιν
3285 2230 3586 2300 ἀναφέρει,
3619 2230 3743 2310 οὗτε

2159 2323 2316 2391 ἡμεῖς
2365 2321 2711 2392 ἀντιλέγομεν
2767 2321 2955 2392 ὥσπερ
3010 2322 3102 2374 καὶ
3140 2320 3202 2374 τὸ
3241 2321 3508 2374 κινεῖσθαι
3554 2321 3646 2373 καὶ
3684 2324 3744 2373 τὸ

2158 2412 2309 2481 όρᾷν,
2345 2412 2437 2465 καὶ
2460 2412 2525 2464 τά
2545 2411 2706 2464 λοιπά
2733 2411 2819 2465 διὰ
2853 2410 2960 2464 τῶν
2994 2411 3296 2482 αἰσθήσεων
3335 2413 3578 2482 ἐνεργεῖν
3611 2413 3742 2480 παρ’

2159 2502 2367 2560 ἐκείνου
2396 2502 2622 2572 λέγομεν
2645 2501 2911 2571 γίνεσθαι,
2943 2503 3070 2573 παρ’
3092 2497 3154 2555 οὗ
3177 2502 3275 2573 τὴν
3294 2501 3550 2572 τοιαύτην
3578 2503 3745 2571 ἐσχή-

2156 2611 2332 2664 καμεν
2386 2593 2632 2664 δύναμιν.
2670 2593 2857 2657 Οὕτως
2896 2589 2987 2648 οὖν
3032 2595 3123 2648 καὶ
3156 2593 3249 2647 τοῦ
3294 2592 3584 2664 ὀνομάζειν
3611 2592 3748 2646 Θεὸν

2155 2686 2245 2736 τὸν
2269 2684 2394 2738 ὄντα
2417 2684 2556 2738 κατὰ
2583 2685 2681 2754 τὴν
2711 2685 2869 2753 φύσιν
2889 2686 3024 2756 ὅπερ
3043 2686 3208 2750 ἐστὶν,
3248 2688 3279 2755 ἡ
3306 2685 3403 2754 μὲν
3423 2685 3571 2739 αίτία
3605 2683 3749 2738 κατὰ

2155 2780 2244 2832 τὸν
2291 2780 2466 2834 κοινὸν
2512 2779 2668 2848 λόγον
2723 2782 2802 2843 εἰς
2859 2781 3018 2835 αὑτὸν
3063 2783 3268 2833 ἐκεῖνον
3321 2780 3420 2850 τὴν
3464 2778 3750 2848 ἀναφοράν

2157 2873 2296 2942 ἔχει·
2333 2875 2371 2938 ἡ
2402 2873 2459 2926 δέ
2490 2871 2706 2938 ἐξουσία
2750 2872 2842 2926 τοῦ
2882 2873 2950 2925 τὰ
3003 2872 3258 2942 νοηθέντα
3298 2871 3473 2925 πάντα
3519 2870 3747 2925 τοιιῖισδε

2155 2961 2187 3030 ἢ
2223 2961 2294 3024 ὡς
2331 2963 2530 3034 ἑτέρως
2561 2963 2966 3034 κατονομάζειν,
2995 2963 3052 3014 ἐν
3086 2965 3150 3031 τῇ
3186 2961 3342 3031 φύσει
3370 2962 3580 3014 κεῖται·
3609 2961 3643 3032 ἢ
3669 2961 3750 3012 εἰ.

479 3053 606 3122 quis
633 3054 875 3108 ἐπίνοιαν
903 3057 1422 3122 commentationem,
1453 3057 1567 3112 sive
1611 3057 1717 3110 alio
1745 3057 1928 3127 aliquo
1951 3072 2054 3112 no-

2159 3070 2214 3105 τε
2241 3072 2321 3118 τις
2344 3055 2605 3118 ἐπίνοιαν,
2626 3057 2732 3109 εἴτε
2753 3056 2879 3110 ἄλλο
2905 3073 2956 3108 τι
2983 3054 3220 3125 βούλοιτο
3241 3053 3437 3122 λέγειν,
3463 3055 3524 3106 οὑ
3551 3053 3749 3107 διοισό‹

479 3146 628 3200 mine
660 3147 790 3200 velit
822 3147 1096 3217 appellare
1124 3162 1232 3202 non
1269 3149 1690 3204 contendemus.
1731 3148 1904 3219 llujus
1933 3165 2054 3204 ser-

481 3237 662 3292 monis
688 3239 1056 3293 certissimum
1083 3250 1462 3310 argumentum
1489 3241 1742 3306 facimus,
1772 3241 1917 3311 quod
1946 3256 2054 3295 non

482 3324 627 3394 apud
659 3341 853 3382 omnes
901 3329 1156 3383 similiter
1189 3331 1337 3398 quod
1385 3330 1528 3385 Deus
1583 3339 1668 3386 est
1719 3331 2053 3395 nominetur,

483 3418 580 3472 sed
607 3424 662 3471 ut
693 3419 894 3489 cuique
921 3421 1158 3486 videtur,
1201 3423 1345 3491 quod
1388 3423 1727 3477 intellectum
1765 3435 1845 3479 est
1888 3425 2055 3478 inter.

483 3519 746 3579 pretetur.
775 3510 1140 3577 Quamobrem
1180 3528 1395 3569 omnem
1426 3515 1598 3584 ipsius
1624 3515 1786 3570 vilem
1815 3524 1870 3571 et
1906 3517 2055 3585 abje-

483 3611 624 3656 ctam
660 3601 727 3658 de
765 3605 1225 3659 commentatione
1255 3607 1630 3674 garrulitatem
1674 3608 1893 3662 silentio
1920 3624 2058 3678 prae-

480 3703 786 3758 tereuntes,
822 3693 1039 3750 decreta
1069 3695 1400 3760 tenebimus,
1444 3705 1658 3750 tantum
1705 3698 1864 3752 nobis
1895 3700 2058 3754 adno-

480 3791 663 3836 tantes
701 3798 766 3838 ex
802 3783 1129 3854 quibusdam
1162 3800 1376 3851 eorum,
1409 3803 1532 3857 qua:
1567 3789 1623 3842 in
1665 3789 1846 3844 medio
1881 3789 2056 3845 futili-

481 3873 614 3928 tatis
661 3875 776 3930 sive
824 3876 1124 3946 vaniloquii
1186 3877 1472 3948 interjecta
1529 3889 1680 3948 sunt,
1747 3882 1836 3936 ubi
1902 3890 2057 3952 putat

483 3963 651 4018 Deum
687 3966 879 4035 primis
915 3965 1166 4023 formatis
1218 3969 1558 4039 parentibus,
1604 3973 1771 4026 veluti
1817 3973 2052 4042 aliquem

481 4051 833 4125 pcedagogum
874 4056 957 4110 vel
999 4059 1433 4127 grammatistam
1479 4059 1880 4129 praesidentem,
1927 4078 2054 4117 ver-

481 4145 675 4197 borum
696 4152 750 4199 et
778 4147 1057 4200 nominum
1089 4147 1392 4203 doctrinam
1421 4150 1715 4205 tradidisse
1741 4171 1753 4205 :
1779 4151 1831 4205 in
1854 4152 2054 4221 quibus

483 4233 580 4297 ait,
614 4233 763 4304 ipsos
795 4235 1000 4305 primos
1029 4252 1059 4292 a
1095 4236 1202 4292 Deo
1233 4237 1479 4304 effectos,
1510 4241 1592 4296 vel
1624 4242 1882 4295 continua
1911 4242 2054 4298 serie

481 4341 548 4380 ex
582 4325 688 4380 illis
723 4327 960 4397 genitos,
995 4327 1104 4382 nisi
1137 4328 1317 4383 cdocti
1357 4330 1610 4394 fuissent,
1654 4331 1931 4399 quomodo
1964 4347 2053 4387 res

2164 3148 2320 3216 μεθα.
2349 3149 2659 3220 Τεκμήριον
2692 3150 2746 3203 δέ
2791 3149 2882 3202 τοῦ
2932 3149 3088 3217 λόγου
3131 3148 3289 3201 τοῦτο
3327 3145 3653 3218 ποιούμεθα,
3681 3147 3750 3200 τὺ

2162 3241 2235 3309 μὴ
2283 3241 2429 3312 παρὰ
2474 3244 2638 3295 πᾶσιν
2685 3242 2882 3312 ὁμοίως
2918 3243 2980 3294 τὸ
3022 3243 3178 3295 Θεῖον
3231 3239 3744 3311 κατονομάζεσθαι,

2159 3328 2293 3382 ἀλλὰ
2319 3329 2459 3384 κατά
2487 3331 2546 3384 τὸ
2587 3331 2776 3385 δοκοῦν
2817 3332 3068 3394 ἑκάστοις
3105 3331 3165 3383 τὸ
3200 3331 3386 3401 νοηθὲν
3443 3331 3751 3404 ἑρμηνεύεο

2159 3419 2305 3472 σθαι.
2347 3419 2556 3476 Οὐκοῦν
2601 3423 2779 3475 πᾶσαν
2827 3421 2924 3491 τὴν
2970 3421 3284 3492 συρφετώδη
3320 3421 3445 3490 περὶ
3490 3422 3592 3491 τῆς
3624 3422 3752 3474 ἐπι-

2158 3510 2306 3572 νοίας
2364 3511 2527 3564 αὑτοῦ
2587 3511 2849 3582 φλυαρίαν
2897 3513 3247 3581 σιγήσαντες,
3293 3512 3400 3564 τῶν
3456 3510 3752 3582 δογμάτων

2158 3599 2407 3669 ἑξόμεθα.
2440 3601 2691 3655 τοσοῦτον
2741 3605 2872 3673 ἡμῖν
2914 3602 3443 3674 παρασημηνάμενοι
3480 3602 3542 3654 ἔκ
3578 3618 3746 3654 τινων

2157 3691 2264 3742 τῶν
2296 3690 2437 3745 κατὰ
2461 3693 2521 3745 τὺ
2552 3694 2714 3764 μέσον
2749 3695 2897 3765 αὑτῷ
2950 3695 3048 3766 τῆς
3093 3694 3425 3764 κενοφωνίας
3471 3710 3743 3763 παρεντεο

2157 3781 2358 3834 θέντων
2383 3822 2396 3847 ,
2427 3783 2558 3836 ὅπου
2592 3785 2759 3838 οἴεται
2801 3785 2893 3839 τὸν
2939 3785 3072 3840 Θεὸν
3116 3788 3227 3849 τοῖς
3271 3785 3740 3856 πρωτοπλάστοις,

2159 3870 2407 3944 καθάπερ
2438 3873 2560 3928 τινὰ
2607 3875 2947 3944 παιδαγωγὸν
2985 3875 3018 3946 ἢ
3048 3874 3469 3946 γραμματιστὴν
3498 3873 3744 3941 προκαθ-

2157 3962 2387 4032 ήμενον,
2426 3965 2683 4035 ῥημάτων
2716 3983 2774 4018 τε
2809 3967 2899 4018 καὶ
2926 3966 3200 4034 ὀνομάτων
3248 3960 3574 4034 ὑφηγεῖσθαι
3595 3962 3740 4015 διδα-

2159 4055 2384 4108 σκαλίαν
2413 4071 2426 4085 ο
2444 4055 2502 4107 ὲν
2526 4049 2606 4118 οἷς
2637 4073 2820 4126 φησιν,
2852 4056 3048 4119 αὑτοὺς
3084 4057 3208 4118 τοὺς
3233 4055 3484 4124 πρώτους
3506 4055 3613 4108 ὑπὸ
3645 4055 3737 4108 τοῦ

2153 4147 2290 4200 Θεοῦ
2326 4146 2681 4212 πλασθέντας,
2719 4149 2750 4218 ἢ
2787 4149 2912 4211 τοὺς
2953 4149 3228 4221 προσεχῶς
3257 4148 3316 4212 ἐξ
3349 4147 3578 4201 ἐκείνων
3611 4147 3743 4218 φύν·

2155 4258 2271 4306 τας,
2302 4243 2348 4295 εί
2389 4241 2463 4314 μὴ
2507 4241 2861 4313 ἐδιδάχθησαν
2895 4241 2970 4306 ὡς
3004 4243 3206 4295 ἕκαστα
3249 4241 3357 4293 τῶν
3391 4243 3740 4311 πραγμάτων

2157 4333 2370 4402 λέγεταί
2397 4350 2454 4386 τε
2494 4334 2586 4386 καὶ
2609 4332 2951 4403 ὀνομάζεται,
2974 4333 3185 4402 ἀφωνία
3213 4331 3307 4385 καὶ
3332 4331 3525 4401 ἀλογίᾳ
3545 4332 3738 4402 συζῇν,

483 4435 712 4490 qumque
731 4419 991 4474 dicuntur
1019 4427 1073 4475 et
1099 4421 1472 4488 nominantur,
1504 4432 1682 4480 mutos
1705 4432 1759 4478 et
1787 4425 2051 4480 orationis

2159 4423 2251 4476 καὶ
2293 4422 2446 4476 οὑδέν
2485 4422 2582 4486 ἂν,
2620 4424 2814 4492 φησὶν,
2851 4424 2956 4475 τῶν
2979 4421 3256 4492 βιωφελῶν
3303 4421 3734 4492 κατεπράξαντο,

482 4519 733 4579 expertes
767 4510 1011 4566 victuros
1059 4511 1262 4577 fuisse;
1294 4512 1538 4582 nihilque
1570 4514 1646 4566 ait
1692 4529 1880 4568 eorum
1935 4531 2054 4585 qua:

481 4601 607 4655 vitae
646 4601 900 4656 humanae
955 4609 1082 4657 sunt
1115 4603 1268 4656 utilia
1306 4618 1567 4676 peragere
1617 4607 1884 4674 potuisse,
1925 4609 2053 4678 quia

481 4693 761 4763 incognita
823 4694 1016 4758 fuisset
1069 4696 1342 4765 cujusque
1391 4703 1445 4750 et
1501 4697 1708 4751 incerta
1758 4701 2051 4764 sententia,

480 4787 712 4856 penuria
747 4786 1202 4856 significantium,
1239 4803 1430 4858 nempe
1459 4790 1749 4852 verborum
1779 4799 1832 4846 et
1874 4794 2052 4847 nomi-

479 4892 634 4933 num.
670 4875 842 4930 Tanta
877 4885 959 4931 est
983 4876 1148 4946 hujus
1172 4879 1459 4950 scriptoris
1486 4881 1744 4945 amentia,
1780 4892 1838 4936 ut
1863 4898 1971 4936 non
1999 4885 2047 4938 ei

481 4968 620 5024 satis
659 4968 728 5023 sit
757 4967 1077 5024 existimare
1120 4978 1330 5025 natura:
1366 4971 1593 5024 inditam
1627 4988 1656 5026 a
1691 4972 1798 5028 Deo
1829 4975 2051 5033 faculta-

478 5067 586 5120 tem
626 5059 691 5114 ad
747 5073 960 5113 omnem
1016 5059 1332 5115 methodum
1391 5064 1678 5119 rationalis
1720 5066 2046 5130 l'unetionis;

479 5154 574 5209 sed
613 5153 716 5208 nisi
756 5151 973 5223 singula
1009 5151 1319 5216 didicisset,
1359 5161 1618 5224 tanquam
1663 5157 1756 5225 qui
1792 5156 2047 5212 Hebraeo-

478 5261 601 5300 rum
621 5245 705 5302 vel
730 5242 1100 5301 Romanorum
1125 5245 1364 5316 linguam
1389 5247 1453 5301 ad
1477 5248 1700 5302 verbum
1721 5248 2045 5313 doceantur,

480 5347 571 5389 res
604 5337 752 5405 ipsas
791 5335 921 5406 quid
950 5343 1079 5390 sunt
1116 5334 1388 5406 ignorare,
1421 5352 1596 5405 neque
1641 5337 1840 5408 ignem,
1872 5355 2048 5409 neque

480 5433 702 5488 aquam,
743 5437 923 5491 neque
972 5439 1175 5486 aerem,
1242 5439 1415 5494 neque
1454 5427 1662 5497 reliqua
1725 5444 1846 5498 qum
1899 5441 2046 5495 sunt,

482 5524 901 5584 cognoscentes,
953 5517 1056 5571 nisi
1100 5533 1194 5586 per
1240 5518 1491 5588 imposita
1543 5520 1675 5589 ipsis
1714 5524 1934 5577 nomina
1984 5525 2050 5579 de

557 5699 605 5732 ⁷³
647 5696 836 5752 Matth.
869 5713 1001 5763 nu,
1035 5698 1124 5766 ιη
1161 5697 1303 5753 Psal.
1366 5718 1469 5756 cu.
1541 5705 1585 5760 l.

2153 4514 2350 4585 ἀδήλου
2385 4514 2611 4567 ἑκάστου
2633 4513 2868 4577 διανοίας
2898 4514 3244 4584 ὑπαρχούσης
3273 4512 3338 4566 δι’
3366 4513 3602 4584 ἀπορίαν
3630 4510 3738 4564 τῶν

2158 4605 2546 4675 σημαινόντων,
2577 4607 2836 4676 ῥημάτων
2885 4605 3081 4675 δηλαδὴ
3118 4605 3210 4657 καὶ
3243 4603 3540 4674 ὀνομάτων.
3595 4605 3733 4656 Τοσ-

2156 4695 2294 4765 αύτη
2338 4697 2728 4768 παραφροσύνη
2756 4696 2847 4750 τοῦ
2873 4696 3212 4767 λογογράφου
3234 4736 3247 4760 ,
3273 4697 3348 4758 ὡς
3382 4695 3456 4766 μὴ
3484 4694 3736 4766 ἐξαρκεῖν

2157 4787 2405 4855 ἡγεῖσθαι
2453 4787 2550 4858 τὴν
2611 4789 2916 4842 ἐντεθεῖσαν
2963 4790 3028 4859 τῇ
3071 4788 3230 4856 φύσει
3278 4788 3426 4857 παρὰ
3472 4785 3564 4840 τοῦ
3597 4783 3736 4838 Θεοῦ

2154 4882 2382 4952 δύναμιν
2407 4882 2541 4952 πρὸς
2569 4883 2747 4935 πᾶσαν
2779 4881 3000 4952 μέθοδον
3047 4879 3267 4949 λογικῆς
3296 4877 3594 4949 ἐνεργείας,
3618 4876 3731 4930 ἀλλ’

2151 4977 2198 5028 εί
2256 4974 2425 5046 μὴτὰ
2459 4973 2580 5026 καθ’
2605 4974 2832 5026 ἕκαστον
2877 4971 3056 5042 μάθοι,
3093 4969 3341 5041 καθάπερ
3377 4971 3426 5021 οἱ
3476 4969 3576 5038 τὴν
3624 4967 3730 5019 τῶν

2162 5066 2427 5137 Ἐϐραίων
2454 5066 2486 5136 ἢ
2510 5066 2619 5118 τῶν
2645 5065 2928 5136 Ῥωμαίων
2951 5062 3130 5134 φωνὴν
3159 5062 3247 5115 διὰ
3273 5061 3468 5122 λέξεων
3497 5059 3734 5112 διδασκόο

2154 5179 2325 5232 μενοι,
2343 5162 2555 5228 άγνοείν
2570 5159 2638 5212 τὰ
2662 5158 2959 5227 πράγματα
2977 5156 3004 5208 ὃ
3020 5156 3069 5207 τί
3093 5156 3228 5216 ἐστι,
3251 5152 3326 5222 μὴ
3346 5152 3406 5204 τὸ
3427 5150 3556 5221 πῦρ,
3583 5150 3654 5220 μὴ
3669 5149 3732 5202 τὸ

2155 5249 2321 5322 ὑδωρ,
2361 5250 2434 5320 μὴ
2460 5248 2552 5301 τὸν
2581 5249 2738 5319 ἀέρα,
2777 5248 2850 5318 μὴ
2875 5245 2942 5299 τὰ
2967 5243 3126 5298 λοιπά
3152 5241 3260 5295 τῶν
3282 5242 3450 5295 ὄντων
3483 5237 3731 5308 ἐπιγινώ-

2157 5360 2402 5406 σκοντας,
2434 5345 2482 5395 εί
2522 5341 2596 5412 μὴ
2615 5341 2699 5393 διὰ
2724 5340 2831 5393 τῶν
2856 5337 3211 5407 ἐπικειμένων
3240 5334 3420 5397 αὐτοῖς
3457 5333 3732 5404 ὀνομάτων

2155 5433 2252 5503 τὴν
2276 5435 2400 5506 περὶ
2439 5433 2626 5486 τούτου
2654 5431 2851 5500 γνῶσιν
2880 5431 3191 5500 ἐκτήσαντο.
3237 5427 3426 5496 Ἡμεῖς
3465 5425 3518 5478 δέ
3552 5436 3732 5491 φαμεν

2158 5528 2232 5579 ὅτι
2261 5527 2286 5579 6
2314 5525 2378 5580 τὰ
2404 5525 2574 5580 πάντα
2601 5525 2657 5580 ἐν
2689 5524 2848 5593 σοφίᾳ
2876 5522 3124 5591 ποιήσας,
3147 5518 3241 5574 καὶ
3263 5518 3323 5572 τὸ
3342 5515 3550 5584 λογικὸν
3572 5509 3732 5570 τοῦτο
