4010 6212
315 303 461 365 ιοιε

1442 308 1721 367 CONTRA
1755 305 2148 376 EUNUMIUM,
2190 309 2317 363 LIB.
2359 310 2479 365 XII.

3432 305 3582 365 ιοιε

318 422 539 497 πλάσμα
560 426 1003 500 ζωοπλαστήσας,
1025 429 1173 502 μόνῳ
1198 428 1274 501 τῷ
1303 430 1509 501 ἐφεῖναι
1532 433 1598 502 τῇ
1624 430 1782 499 φύσει
1801 430 1889 483 τὸν

1996 429 2081 484 his
2121 430 2491 501 cognitionem
2516 438 2703 486 essent
2736 428 2939 501 adepti.
2971 427 3085 485 Nos
3101 431 3304 507 ‘autcnt
3332 423 3592 482 dicimus.

319 514 499 585 λόγον,
521 516 699 571 πᾶσαν
727 517 826 588 τὴν
847 519 1074 592 δύναμιν
1093 521 1191 592 τήν
1209 520 1432 590 λογικὴν
1455 521 1762 576 ἐναπέθετο.
1785 521 1895 575 Καὶ

320 605 511 676 ὥσπερ
540 606 635 677 τὴν
678 609 737 662 ὲν
773 610 885 673 τοῖς
930 609 1302 683 αἰσθητηρίοις
1348 610 1576 683 δύναμιν
1606 610 1757 683 παρά
1804 609 1895 664 τοῦ

321 697 626 762 πλάσαντος
663 698 755 751 τὸν
789 699 1062 771 ὀφθαλμὸν
1090 701 1184 755 καὶ
1220 700 1581 771 φυτεύσαντος
1607 702 1703 774 τὴν
1729 700 1898 772 ἀκοὴν

320 794 379 844 ἐν
417 794 481 865 τῇ
516 792 675 863 φύσει
694 792 926 863 ἔχοντες,
959 794 1087 865 παρ’
1110 794 1288 850 αὐτῶν
1319 795 1455 867 πρὸς
1490 794 1519 848 ὃ
1546 794 1757 864 πέφυκε
1788 792 1898 846 τῶν

320 881 690 954 αἰσθητηρίων
727 883 787 936 ἓν
810 883 1037 939 ἕκαστον
1054 923 1070 948 ,
1095 884 1230 957 πρὸς
1257 883 1413 940 τοῦτο
1441 883 1785 957 κεχρήμεθα,
1804 882 1901 937 καὶ

320 972 382 1024 οὐ
436 971 687 1043 δεόμεθα,
722 970 844 1026 οὔτε
875 972 970 1026 τοῦ
1016 974 1083 1028 τά
1118 973 1380 1045 χρώματα
1408 974 1896 1044 κατονομάσαντος,

319 1053 397 1115 ὧν
419 1062 451 1131 ἡ
478 1061 662 1133 ὅρασις
683 1060 781 1119 τὴν
805 1061 1084 1132 ἀντίληψιν
1114 1062 1227 1133 ἔχει
1254 1063 1434 1135 (ἀρκεῖ
1455 1061 1563 1134 γάρ
1581 1064 1609 1116 6
1625 1060 1900 1132 ὀφθαλμὸς

320 1153 498 1224 ἐαυτῷ
524 1153 770 1222 γενέσθαι
802 1152 908 1206 τῶν
938 1153 1189 1231 τοιούτων
1208 1153 1568 1219 διδάσκαλος),
1582 1151 1704 1207 οὔτε
1721 1146 1795 1207 ὧν
1809 1153 1897 1206 διὰ

316 1244 417 1314 τῆς
441 1243 629 1314 ἀκοῆς,
644 1243 676 1316 ἢ
693 1241 781 1296 διά
806 1246 905 1313 τῆς
930 1243 1239 1315 γεύσεως,ἢ
1265 1244 1352 1299 διὰ
1373 1245 1470 1315 τῆς
1488 1244 1630 1314 ἀφῇς
1645 1242 1902 1315 αἰσθησό-

318 1335 481 1403 μεθα,
495 1333 786 1405 ἀλλοτρίων
812 1334 946 1405 πρὸς
967 1334 1063 1407 τήν
1077 1335 1274 1404 γνῶσιν
1292 1334 1624 1389 διδασκάλων
1647 1334 1897 1406 δεόμεθα,

314 1424 527 1479 οἴκοθεν
561 1425 771 1497 ἔχοντες
799 1425 1028 1480 ἑκάστου
1056 1426 1164 1481 τῶν
1193 1429 1311 1481 κατ’
1340 1426 1587 1497 αἴσθησιν
1618 1424 1901 1495 ἐγγινομέ-

319 1535 423 1571 νων
440 1518 567 1588 ήμῖν
586 1516 647 1569 τὸ
660 1518 960 1589 κριτήριον.
977 1516 1129 1572 Οὕτω
1146 1517 1321 1589 φαμὲν
1337 1519 1429 1572 καὶ
1447 1517 1544 1589 τὴν
1559 1514 1899 1587 διανοητικὴν

312 1607 417 1676 τῆς
440 1606 620 1677 ψυχῆς
644 1605 873 1679 δύναμιν
902 1605 1155 1677 τοιαύτην
1182 1606 1334 1679 παρά
1362 1606 1455 1662 τοῦ
1498 1605 1632 1660 Θεοῦ
1676 1605 1899 1676 γενομέ-

314 1716 434 1769 νην,
471 1700 564 1768 ἀφ’
609 1699 803 1771 ἑαυτῆς
855 1698 916 1753 τδ
955 1699 1143 1753 λοιπὸν
1176 1699 1464 1761 κινεῖσθαι,
1518 1698 1610 1753 καὶ
1663 1697 1798 1769 πρὸς
1828 1697 1898 1755 τὰ

1996 520 2143 592 quod
2171 521 2263 577 ille
2305 522 2399 593 qui
2433 521 2619 577 omnia
2645 521 2702 577 in
2733 520 2999 592 sapientia
3026 518 3156 576 fecit
3177 519 3245 584 ⁷⁵,
3273 528 3327 573 et
3358 516 3459 587 qui
3484 530 3572 570 ra-

1997 611 2255 667 tionalem
2293 611 2435 667 hanc
2462 618 2774 667 creaturam
2802 609 3028 677 edinxit,
3060 610 3163 665 hoc
3191 607 3310 665 solo
3335 606 3484 678 quod
3512 604 3571 660 in

1998 700 2120 770 ejus
2150 707 2342 757 natura
2370 701 2511 757 ratio
2541 699 2706 768 inest,
2732 714 2954 756 omnem
2981 697 3308 754 rationalem
3337 695 3573 752 facultas

1999 800 2106 846 tem
2143 791 2359 847 indidit.
2398 791 2466 846 Et
2481 789 2946 863 quemadmodum
2976 789 3032 844 in
3063 786 3337 845 sentiendi
3361 786 3572 842 instru-

1999 886 2199 941 mentis
2236 885 2550 941 facultatem
2588 884 2660 939 ab
2687 898 2756 939 eo
2784 882 2879 954 qui
2922 880 3083 936 tinxit
3127 879 3372 943 oculum,
3409 885 3466 934 et
3502 878 3573 932 ab

1998 990 2065 1031 eo
2092 975 2187 1045 qui
2219 974 2487 1045 plantavit
2514 957 2702 1030 aui-em
2728 973 2784 1028 in
2814 979 3015 1028 natura
3044 970 3333 1036 habentes,
3357 967 3572 1038 abipsis

1999 1068 2068 1124 ad
2103 1067 2252 1139 quod
2287 1068 2779 1125 instrumentorum
2821 1062 3097 1121 sentiendi
3139 1058 3574 1131 unumquodque

2000 1170 2193 1217 natura
2226 1164 2605 1232 comparatum
2628 1164 2737 1222 est,
2772 1155 2842 1211 ad
2876 1156 2980 1212 hoc
3007 1152 3094 1211 usi
3134 1166 3350 1218 sumus,
3392 1164 3573 1219 neque

1998 1266 2223 1322 egemus
2280 1266 2349 1307 eo
2399 1251 2493 1321 qui
2531 1249 2748 1306 colores
2808 1246 3077 1314 nominet,
3126 1257 3361 1315 quorum
3418 1232 3571 1297 visus

1999 1343 2406 1414 perceptionem
2431 1343 2635 1398 habet:
2667 1338 2867 1397 sullicit
2895 1339 3039 1395 enim
3070 1336 3215 1410 quod
3243 1334 3441 1392 oculus
3463 1331 3571 1388 sibi

1999 1436 2070 1491 sit
2098 1436 2287 1490 talium
2326 1434 2628 1505 magister:
2660 1446 2839 1502 neque
2872 1445 3062 1487 eorum
3105 1443 3228 1501 qua:
3272 1441 3373 1498 per
3415 1423 3573 1480 audi-

1997 1535 2147 1594 tum,
2188 1526 2272 1581 vel
2323 1540 2422 1597 per
2451 1533 2706 1609 gustum,
2754 1523 2840 1580 vel
2883 1537 2982 1594 per
3025 1528 3232 1576 tactum
3278 1517 3569 1579 sentimus,

1997 1616 2191 1673 alienis
2212 1615 2279 1671 ad
2299 1604 2661 1687 cognitionem
2678 1611 2993 1669 doctoribus
3012 1609 3340 1680 indigemus,
3361 1620 3392 1660 e
3409 1604 3572 1660 domo

2000 1706 2264 1762 habentes
2300 1705 2570 1774 cujusque
2602 1716 2792 1758 eorum
2826 1714 2946 1772 quae
2978 1714 3075 1770 per
3102 1711 3323 1755 sensum
3350 1695 3573 1764 ingene-

318 1791 624 1862 πράγματα
653 1791 870 1863 βλέπειν
894 1807 907 1821 ·
940 1792 1034 1845 καὶ
1070 1791 1145 1856 ὡς
1185 1791 1251 1846 ἂν
1281 1790 1550 1863 μηδεμίαν
1576 1789 1835 1861 σύγχυσιν
1859 1789 1892 1859 ή

2001 1803 2191 1850 rantur
2225 1792 2386 1849 nobis
2409 1790 2694 1861 iudicandi
2736 1789 3182 1845 instrumentum.
3213 1783 3307 1838 Sic
3335 1781 3571 1837 dicimus

317 1882 521 1952 γνῶσις
559 1884 754 1949 πάθοι,
800 1884 1050 1955 καθάπερ
1085 1884 1373 1956 σήμαντρά
1408 1900 1528 1937 τινα
1553 1882 1652 1946 τάς
1679 1882 1765 1935 διά
1788 1881 1896 1935 τῶν

316 1973 513 2044 φωνῶν
535 1973 958 2046 έπισημειώσεις
993 1975 1211 2047 ἑκάστῳ
1250 1974 1356 2029 τῶν
1407 1974 1745 2047 πραγμάτων
1777 1974 1897 2028 ἑπι-

318 2066 552 2120 6άλλειν.
589 2066 878 2121 Πιστοῦται
909 2067 965 2122 δὲ
990 2068 1049 2121 τὸ
1082 2067 1317 2123 τοιοῦτον
1338 2067 1512 2138 δόγμα
1543 2068 1637 2121 καὶ
1663 2067 1692 2120 6
1723 2066 1894 2136 μέγας

314 2156 580 2228 Μωῡσῆς,
614 2156 780 2211 είπὼν
834 2157 983 2229 παρά
1021 2157 1115 2211 τοῦ
1156 2157 1325 2227 Ἀδὰμ
1376 2155 1737 2211 ὲπιτεθείσθαι
1784 2158 1896 2219 τοῖς

319 2247 538 2315 ἀλόγοις
587 2249 697 2303 τῶν
744 2248 896 2314 ζώων
927 2249 1025 2312 τὰς
1058 2248 1405 2320 ἐπωνυμίας,
1429 2249 1629 2303 οὑτωσὶ⁵
1680 2248 1895 2320 γράψας

312 2336 399 2407 τῷ
428 2337 632 2409 ῥήματι
661 2353 677 2369 ⁸
708 2338 813 2392 Kal
846 2338 1117 2393 ἔπλασεν
1143 2341 1177 2393 ὁ
1224 2338 1367 2405 Θεὸς
1399 2338 1488 2392 ἔτι
1522 2339 1591 2392 ἐκ
1624 2337 1735 2408 τῆς
1782 2337 1895 2409 τῆς

312 2424 513 2480 πάντα
546 2428 618 2481 τὰ
645 2428 817 2498 θηρία
840 2428 949 2483 τοῦ
980 2428 1188 2499 ἀγροῦ,
1216 2430 1313 2484 καί
1351 2429 1546 2485 πάντα
1565 2430 1637 2486 τὰ
1655 2432 1897 2486 πετεινὰ

309 2517 421 2571 τοῦ
466 2519 743 2587 οἰφανοῦ,
779 2520 875 2575 καί
920 2521 1143 2593 ἤγαγεν
1180 2522 1332 2577 αὐτὰ
1378 2522 1528 2592 πρὸς
1575 2521 1682 2576 τὸν
1724 2521 1896 2592 Ἀδὰμ

312 2609 466 2663 weis-
490 2611 547 2664 τί
573 2611 816 2666 καλέσει
838 2611 1007 2668 αὐτά.
1046 2613 1153 2667 Kal
1183 2612 1306 2668 πᾶν
1347 2612 1378 2667 ὃ
1408 2613 1704 2669 ἐκάλεσεν
1746 2611 1894 2668 αὐτὸ

329 2703 501 2772 Ἀδὰμ
556 2702 769 2772 ψυχὴν
817 2702 1046 2766 ζῶσαν,
1079 2705 1253 2759 τοῦτο
1305 2705 1490 2774 ὄνομα
1546 2704 1724 2770 αὐτῷ.
1780 2704 1892 2757 Kal

311 2793 608 2851 ἐκάλεσεν
656 2792 825 2864 Ἀδὰμ
877 2796 1138 2865 ὀνόματα
1176 2796 1323 2850 πᾶσι
1360 2794 1739 2863 τοῖςροηρίοτς
1785 2791 1893 2860 τῆς

310 2881 430 2954 τῆς
477 2882 574 2938 καί
635 2883 920 2951 κτήνεσι,
969 2885 1062 2939 1sal
1120 2884 1270 2940 πᾶσι
1321 2884 1444 2951 τοῖς
1495 2885 1720 2952 θηρίοις
1787 2881 1893 2937 τοῦ

315 2975 524 3044 ἀηοοῦ.

1995 1886 2159 1941 etiam
2194 1881 2616 1938 intellectualem
2648 1879 2817 1935 animi
2857 1877 3172 1933 facultatem
3201 1874 3363 1930 talem
3399 1887 3431 1928 a
3459 1871 3570 1930 Deo

1982 1976 2218 2041 iactam,
2252 1990 2283 2029 a
2314 1974 2493 2045 seipsa
2537 1981 2795 2028 caeterum
2836 1968 3063 2033 moveri,
3114 1973 3170 2022 et
3207 1964 3277 2022 ad
3307 1979 3397 2020 res
3436 1978 3570 2019 con-

1997 2067 2134 2124 tueri
2160 2086 2172 2121 :
2204 2074 2367 2137 atque
2400 2073 2461 2120 ut
2491 2063 2698 2120 nullam
2727 2059 3109 2117 confusionem
3142 2055 3385 2128 cognitio
3412 2064 3570 2125 pate-

1994 2156 2338 2226 retur,veluti
2360 2155 2641 2229 signacula
2660 2152 2931 2225 quaedam,
2960 2157 3119 2206 notas
3142 2162 3264 2218 quae
3282 2161 3378 2218 per
3402 2158 3573 2200 voces

1998 2251 2150 2317 (lunt,
2184 2250 2383 2320 cuique
2397 2249 2474 2304 rei
2496 2245 2701 2303 indere.
2727 2243 2842 2299 lloc
2871 2242 3067 2313 dogma
3094 2240 3383 2295 conﬁrmat
3402 2236 3567 2291 etiam

1995 2358 2228 2415 magnus
2254 2341 2452 2405 Moses,
2483 2353 2605 2394 cum
2643 2338 2779 2393 dixit
2801 2335 2868 2391 ab
2887 2335 3095 2391 Adamo
3125 2331 3303 2387 brutis
3327 2329 3570 2383 animan-

1993 2436 2144 2493 tibus
2164 2434 2385 2490 nomina
2425 2432 2598 2488 fuisse
2633 2430 2911 2500 imposita,
2941 2427 3022 2483 sic
3062 2424 3309 2480 scribens
3349 2420 3418 2477 ad
3446 2433 3569 2476 ver-

1993 2528 2123 2581 bum
2162 2545 2175 2581 :
2232 2524 2295 2579 Et
2342 2523 2592 2593 formavit
2642 2520 2785 2575 Deus
2824 2517 3053 2587 amplius
3102 2530 3167 2570 ea:
3200 2524 3343 2568 terra
3384 2526 3566 2567 omnes

1995 2616 2189 2670 bestias
2224 2614 2361 2685 agri,
2391 2622 2441 2667 et
2473 2611 2652 2666 omnia
2681 2608 2927 2665 volatilia
2954 2607 3091 2671 caeli,
3129 2613 3178 2659 et
3223 2602 3452 2657 adduxit
3489 2600 3565 2654 ad

1992 2705 2256 2761 Adamum
2314 2714 2370 2759 ut
2423 2704 2615 2758 videret
2650 2700 2910 2773 quomodo
2969 2716 3030 2754 ea
3087 2704 3413 2766 nuncuparet
3462 2710 3482 2749 :
3513 2702 3566 2749 et

1993 2812 2143 2850 omne
2181 2794 2320 2866 quod
2351 2802 2585 2848 vocasset
2616 2791 2853 2846 Adamus
2893 2790 3129 2844 animam
3153 2788 3426 2851 viventem,
3469 2783 3567 2839 hoc

1993 2904 2179 2943 nomen
2205 2885 2327 2953 ipsi.
2354 2883 2424 2938 Et
2453 2882 2650 2938 indidit
2679 2883 2916 2936 Adamus
2941 2880 3161 2935 nomine
3181 2877 3359 2934 bestiis
3384 2884 3562 2939 terra,

1992 2989 2040 3034 et
2063 2978 2320 3048 jumentis
2344 2986 2394 3031 et
2419 2974 2661 3031 omnibus
2696 2972 2885 3027 belluis
2922 2970 3039 3041 agri
3071 2969 3141 3023 ⁷⁸.

398 3066 536 3171 ’ξυιϊ
577 3067 718 3120 ἔοικε
764 3067 1010 3140 καθάπερ
1038 3086 1120 3133 τις
1147 3068 1404 3140 γλοιώδης
1440 3068 1624 3137 πηλὸς,
1645 3070 1736 3122 καὶ
1775 3068 1892 3140 ἐχέ-

2067 3070 2173 3127 Sed
2215 3068 2426 3125 videtur
2451 3067 2599 3123 velut
2628 3063 2896 3135 quoddam
2936 3062 3211 3116 viscosum
3252 3058 3465 3123 lutum,
3509 3061 3568 3111 et

2029 3164 2042 3171 .
2218 3161 2232 3171 .
2290 3161 2305 3171 .
2538 3158 2554 3171 .
2732 3170 2735 3171 ν
2912 3150 3417 3171 ,μμηωεηω
3461 3144 3541 3171 ,αι

313 3156 532 3224 καλλος,
556 3159 586 3211 6
614 3158 754 3212 κατά
800 3160 896 3230 τῆς
937 3159 1179 3224 ἐπινοίας
1227 3159 1375 3231 αὐτῷ
1426 3160 1697 3224 συντεθεὶς
1727 3159 1889 3231 λῆρος

312 3247 717 3319 παρακατέχειν
756 3250 925 3319 ἡμᾶς,
957 3249 1049 3302 καὶ
1083 3249 1158 3322 μὴ
1200 3250 1295 3319 ὲᾷν
1317 3248 1425 3301 τῶν
1462 3251 1891 3321 χρησιμωτέρων

313 3338 714 3409 προσάψασθαι.
738 3339 860 3403 Πῶς
892 3339 1000 3411 γάρ
1028 3340 1092 3394 ἀν
1116 3357 1197 3404 τις
1224 3340 1571 3412 παραδράμοι
1602 3340 1698 3412 τήν
1720 3357 1890 3395 σπου-

309 3430 469 3484 δαίαν
500 3431 716 3503 ἐκείνην
754 3434 847 3485 καὶ
876 3431 1344 3504 πεφροντισμένην
1370 3432 1705 3501 φιλοσοφίαν,
1731 3433 1789 3486 ὲν
1809 3427 1891 3498 οἷς

311 3536 470 3590 φησι,
507 3520 580 3592 μή
622 3521 783 3591 μόνον
817 3523 929 3584 τοῖς
967 3521 1261 3592 ποιήμασιν
1293 3520 1650 3591 ἐμφαίνεσθαι
1673 3523 1771 3595 τὴν
1793 3522 1889 3579 τοῦ

308 3609 447 3665 Θεοῦ
510 3610 999 3683 μεγαλοπρέπειαν,
1032 3610 1165 3665 ἀλλά
1211 3612 1315 3665 κάν
1357 3615 1467 3675 τοῖς
1512 3614 1735 3683 ὀνόμασι
1780 3614 1893 3667 δια-

308 3702 618 3757 δείκνυσθαι
653 3701 750 3775 τὴν
786 3702 880 3758 τοῦ
913 3701 1048 3758 Θεοῦ
1086 3701 1297 3772 σοφίαν,
1336 3704 1549 3768 οίκείως
1597 3706 1689 3757 καὶ⁸
1719 3722 1888 3777 προσ·-

311 3794 462 3863 φυῶς
487 3793 703 3866 ἑκάστῳ
730 3794 837 3849 τῶν
884 3793 1187 3865 γενομένων
1234 3793 1332 3857 τάς
1383 3796 1753 3867 προσηγορίας
1788 3797 1890 3867 ἀρ-

312 3886 579 3958 μόσαντος
601 3903 617 3952 ;
646 3884 830 3941 Ταῦτα
852 3888 1135 3955 Κρατύλῳ
1161 3886 1303 3957 τάχα
1324 3885 1399 3958 τῷ
1423 3886 1752 3958 Πλατωνικῷ
1772 3887 1891 3941 δια.

306 3976 474 4047 λόγῳ,
507 3977 540 4048 ἦ
571 3977 734 4041 αὐτὸς
762 3977 1025 4048 ἐντυχὼν,
1050 3979 1084 4048 ή
1123 3995 1265 4041 τινος
1315 3976 1423 4030 τῶν
1458 3978 1891 4049 ἐντετυχηκότων

305 4068 571 4130 ἀκούσας,
598 4067 687 4121 διὰ
708 4068 805 4139 τὴν
851 4068 1048 4139 πολλὴν
1078 4065 1228 4140 οἶμαι
1256 4067 1527 4139 πτωχείαν
1555 4069 1663 4122 τῶν
1684 4071 1891 4141 νοημάσ

304 4176 418 4214 των
446 4160 708 4232 ἐρῤάπτει
744 4162 855 4225 τοῖς
896 4159 1043 4224 ίδίοις
1070 4158 1254 4234 λήροις
1302 4158 1400 4224 τὰς
1436 4159 1553 4213 ἐκεῖ
1601 4158 1889 4232 φλυαρίας,

304 4252 495 4322 ὅμοιον
519 4249 686 4304 ποιῶν
717 4252 833 4314 τοῖς
860 4250 956 4321 τὴν
994 4249 1198 4324 τροφὴν
1226 4250 1291 4303 ἐκ
1329 4250 1735 4323 προσαιτήσεως
1764 4252 1892 4308 ἐαυ-

304 4342 421 4404 τοῖς
477 4340 911 4411 συναγείρουσιν.
951 4340 1035 4403 Ὠς
1066 4340 1171 4415 γάρ
1203 4341 1400 4395 ἐκεῖνοι
1449 4340 1622 4414 βραχύ
1650 4360 1702 4397 τι
1756 4347 1888 4419 παρ’

1992 3164 2177 3233 gluten
2218 3161 2459 3223 habens,
2504 3158 2574 3214 ab
2595 3172 2661 3212 eo
2682 3162 2874 3211 contra
2902 3150 3420 3207 commentationem
3458 3144 3567 3202 elli-

1992 3266 2138 3311 ctum
2164 3261 2531 3310 commentum
2562 3250 2677 3305 sive
2708 3247 3123 3303 deliramentum
3154 3255 3259 3297 nos
3293 3238 3571 3301 detinere,

1992 3360 2094 3402 nec
2141 3345 2319 3400 sinere
2360 3357 2461 3398 nos
2495 3340 2563 3395 ad
2595 3354 2659 3395 ea
2690 3352 2815 3413 qua:
2848 3338 2973 3407 p'us
3025 3333 3279 3389 utilitatis
3310 3328 3575 3384 habitura

1993 3439 2141 3495 sunt,
2168 3431 2494 3502 pertingere.
2518 3426 2803 3496 Quomodo
2839 3425 2984 3482 enim
3013 3423 3141 3494 quis
3188 3421 3336 3475 illam
3364 3418 3567 3475 bonam

1992 3532 2047 3581 et
2084 3529 2396 3578 accuratam
2442 3517 2841 3591 philosophiam
2890 3515 3219 3587 praeteriret,
3269 3512 3327 3566 in
3359 3508 3564 3581 quibus

1996 3616 2093 3681 ait,
2125 3630 2233 3671 non
2264 3613 2441 3670 solum
2475 3611 2532 3666 in
2552 3609 2824 3667 creaturis
2858 3606 2951 3661 Dei
2976 3602 3435 3675 magniﬁcentiam
3463 3613 3563 3669 ap-

1992 3721 2209 3778 parere,
2264 3704 2360 3760 sed
2405 3703 2570 3759 etiam
2630 3702 2685 3757 in
2740 3699 3053 3755 nominibus
3097 3695 3192 3749 Dei
3242 3691 3566 3763 sapientiam

1991 3792 2381 3858 demonstrari,
2418 3791 2510 3861 qui
2558 3788 2777 3861 preprie
2824 3795 2879 3841 et
2942 3783 3008 3839 ad
3053 3789 3304 3838 naturam
3345 3792 3566 3834 accom-

1991 3884 2210 3942 modate
2248 3882 2479 3954 singulis
2508 3881 2672 3937 rebus
2702 3879 2773 3933 ab
2796 3878 2918 3948 ipso
2948 3874 3149 3930 creatis
3172 3868 3566 3942 appellationes

1993 3976 2241 4049 aptavit?
2276 3974 2404 4030 Haec
2454 3971 2689 4028 fortasse
2719 3984 2843 4025 cum
2888 3968 2945 4021 in
2989 3962 3271 4035 Cratylum
3321 3957 3568 4013 Platonis

1993 4067 2276 4139 Dialogum
2309 4065 2393 4122 vel
2430 4065 2548 4135 ipse
2592 4061 2894 4123 incidisset,
2931 4057 3014 4113 vel
3059 4071 3125 4110 ex
3164 4054 3347 4123 aliquo
3373 4064 3565 4107 eorum

1993 4162 2086 4234 qui
2115 4162 2365 4232 legerunt
2397 4171 2521 4213 cum
2549 4152 2867 4217 audivisset,
2895 4149 2967 4205 ob
2987 4147 3236 4209 multam,
3265 4151 3326 4199 ut
3347 4142 3565 4211 opinor,

1993 4229 2278 4308 actionum
2315 4245 2722 4304 mendicitatem
2756 4242 2875 4297 suis
2905 4238 3067 4310 nugis
3093 4235 3272 4293 assuit
3298 4247 3421 4305 quae
3450 4229 3566 4287 illic

1992 4350 2120 4401 sunt
2152 4347 2502 4413 nugamenta,
2555 4335 2734 4393 simile
2783 4333 2911 4404 quid
2956 4330 3161 4385 fat-iens
3204 4327 3289 4383 his
3332 4324 3426 4395 qui
3460 4322 3565 4376 ali-

305 4432 544 4486 ἑκάστου
582 4431 689 4485 τῶν
732 4430 1031 4502 ὀρεγόντων
1082 4413 1380 4504 δεχόμενοι,
1411 4413 1493 4486 ἐκ
1530 4413 1787 4490 ποικίλων
1820 4413 1882 4490 τε

1994 4440 2235 4491 mentum
2281 4447 2349 4487 ex
2404 4427 2756 4485 mendicitate
2802 4423 2909 4480 sibi
2940 4421 3075 4492 ipsis
3124 4423 3448 4489 congerunt.
3491 4413 3567 4470 Ut

305 4522 403 4577 καὶ
435 4520 726 4576 πολυειδῶν
756 4520 854 4592 τὴν
874 4521 1082 4592 τροφὴν
1104 4522 1314 4587 ἑαυτοῖς
1334 4522 1695 4596 ὲρανίζουσιν·
1718 4525 1889 4592 οὕτως

302 4616 401 4669 καὶ
427 4616 456 4668 6
499 4613 591 4668 τοῦ
632 4613 894 4684 Εὑνομίου
938 4613 1092 4683 λόγος
1132 4614 1218 4669 διά
1248 4614 1345 4687 τὴν
1377 4615 1471 4670 τοῦ
1504 4616 1758 4687 ἀληθινοῦ
1791 4618 1890 4690 ἀρ-

300 4725 400 4760 του
436 4705 660 4769 πενίαν,
686 4705 785 4768 τάς
833 4705 1167 4776 πανταχόθεν
1205 4706 1371 4779 ψίχας
1401 4708 1662 4779 ῥημάτων
1700 4726 1761 4763 τε
1793 4711 1888 4765 καὶ

301 4796 595 4868 νοημάτων
628 4795 708 4867 τῷ
764 4795 877 4867 tam
927 4797 1260 4869 συνερανίζει
1311 4799 1479 4869 πόνῳ.
1536 4800 1647 4854 Καὶ
1695 4799 1886 4855 τούτου

302 4891 467 4960 χάριν
507 4887 932 4962 περικτυπηθεὶς
959 4891 1026 4960 τῇ
1047 4889 1380 4961 καλλιφωνία
1409 4890 1507 4960 τῆς
1538 4892 1886 4964 Πλατωνικῆς

303 4979 536 5046 λέξεως,
580 4978 788 5052 πρέπον
834 4981 1003 5035 οἴεται
1056 4981 1230 5051 δόγμα
1280 4984 1377 5052 τῆς
1420 4982 1745 5054 Ἐκκλησίας
1787 4982 1886 5055 τὴν

301 5072 517 5127 ἐκείνου
547 5070 863 5141 φιλοσοφίαν
890 5070 1235 5142 ποιήσασθαι.
1260 5072 1459 5137 Πόσαις
1483 5072 1609 5142 γὰρ,
1627 5073 1745 5126 είπέ
1769 5091 1883 5144 μοι,

303 5165 513 5234 φωναῖς
538 5163 676 5217 κατά
707 5163 807 5227 τάς
842 5163 949 5216 τῶν
984 5162 1150 5216 ἐθνῶν
1186 5163 1444 5234 διαφορὰς
1474 5167 1507 5235 ἡ
1532 5164 1623 5218 τοῦ
1655 5166 1886 5235 στερεώ-

306 5271 478 5323 ματος
507 5253 930 5324 κατονομάζεται
963 5253 1137 5317 κτίσις
1174 5271 1187 5319 ;
1231 5255 1420 5324 Ἡμεῖς
1456 5254 1682 5326 οὐρανὸν
1728 5257 1886 5312 τοῦτο

303 5340 561 5412 λέγομεν,
580 5343 802 5413 Σαειαὶμ
826 5345 854 5396 ὀ
888 5341 1158 5413 Ἑϐραῖος,
1183 5345 1212 5396 6
1243 5344 1508 5414 Ῥωμαίος
1535 5345 1775 5416 Κελοίιμ,
1793 5347 1883 5400 καὶ

300 5434 481 5496 dilui;
508 5434 537 5486 6
567 5433 757 5505 Σύρος,
795 5434 823 5486 6
859 5434 1059 5503 Μῆδος,
1092 5436 1120 5486 6
1157 5435 1549 5507 Καππαδόκης,
1571 5437 1600 5489 6
1631 5438 1884 5507 Μαυρού-

304 5541 441 5591 σιος,
463 5526 492 5578 ὁ
521 5524 752 5595 Σκύθης,
779 5527 807 5579 6
837 5524 1004 5597 Θρᾲξ,
1035 5528 1063 5580 ὁ
1092 5525 1404 5595 Αἰγύπτιος
1435 5528 1555 5583 οὐδὲ
1581 5529 1882 5601 ἀριθμῆσαι

380 5701 428 5738 ⁷⁸
462 5701 604 5761 Psal.
634 5721 753 5771 ctu,
785 5705 875 5761 24.
950 5708 997 5738 ⁷⁵
1031 5707 1165 5765 Gen.
1201 5723 1281 5773 ιιι,
1318 5707 1401 5770 l9,
1433 5708 1522 5766 το.

1985 4528 2131 4584 enim
2178 4524 2257 4580 illi
2303 4522 2577 4578 modicum
2628 4517 2760 4590 quid
2801 4532 2831 4572 a
2879 4514 3116 4585 singulis
3156 4507 3564 4583 porrigentibus

1985 4618 2340 4688 accipientes,
2390 4629 2457 4670 ex
2497 4612 2743 4668 variiset
2782 4605 3211 4663 multiformibus
3243 4603 3567 4657 alimentum

1985 4708 2092 4764 sibi
2137 4705 2272 4777 ipsis
2316 4708 2633 4772 corrogant,
2671 4701 2755 4755 sic
2795 4696 3050 4752 Eunomii
3108 4707 3291 4749 sermo
3340 4697 3565 4760 propter

1985 4799 2097 4855 veri
2131 4797 2290 4869 panis
2330 4796 2568 4866 inopiam
2607 4791 2851 4861 undique
2879 4787 3174 4844 verborum
3201 4791 3256 4839 et
3278 4782 3565 4838 notionum

1988 4887 2420 4959 micas‘proprio
2454 4883 2625 4940 labori
2661 4889 2937 4952 corrogat,
2975 4878 3252 4948 huiusque
3282 4887 3451 4930 causa
3491 4871 3564 4927 oh

1989 4981 2279 5037 Platonicae
2332 4978 2590 5034 dictionis
2642 4974 2966 5046 elegantiam
3018 4969 3309 5033 attonitus,
3365 4965 3564 5022 decere

1987 5073 2242 5144 opinatur
2314 5071 2540 5127 decreta
2589 5066 2849 5123 Ecclesiae
2904 5062 3305 5136 philosophiam
3358 5057 3560 5114 facere.

1987 5165 2133 5233 Quot
2160 5163 2338 5228 enim,
2374 5160 2462 5217 dic
2501 5160 2656 5223 mihi,
2695 5158 2925 5214 vocibus
2968 5152 3271 5212 secundum
3320 5149 3562 5223 gentium

1987 5254 2324 5311 diﬂ‘erentias
2391 5250 2717 5307 ﬁrmamenti
2786 5257 2980 5307 natura
3053 5242 3403 5301 nominatur?
3451 5238 3563 5297 Nos

1992 5344 2185 5413 (δι’ωοί
2202 5341 2474 5412 videlicet)
2494 5341 2722 5411 οὐρανόν
2742 5340 2998 5401 dicimus.
3021 5335 3258 5391 Samaim
3279 5332 3560 5398 Hebraeus,

1991 5434 2270 5490 Romanus
2285 5433 2504 5503 ctelum,
2525 5441 2580 5488 et
2598 5434 2755 5488 aliter
2792 5431 2982 5504 Syrus,
3000 5428 3206 5495 Medus,
3243 5425 3560 5498 Cappadox,

1994 5526 2321 5593 Maurusius,
2360 5525 2582 5595 Scytha,
2622 5525 2825 5591 Thrax,
2876 5520 3188 5596 )Egyptius.
3232 5517 3419 5592 Neque
3450 5533 3557 5574 nu-
