4010 6212
448 303 581 361 1047

1721 301 1781 360 S.
1818 297 2144 360 GREGORH
2182 303 2479 375 NYSSENI

3575 314 3710 387 tota

447 439 660 481 morare
692 423 849 482 facile
881 434 963 481 est
996 424 1277 479 nominum
1317 422 1677 488 dill‘erentias,
1714 432 1849 493 quot
1891 432 2019 479 sunt

2147 426 2304 498 ἱᾲδιον
2325 430 2435 495 τάξ
2449 431 2558 486 τῶν
2590 433 2869 504 ὀνομάτων
2896 434 3177 505 διαφορὰς,
3208 432 3329 487 ὅσαι
3374 433 3517 487 κατὰ
3562 432 3715 497 ἔθνος

445 514 749 571 secundum
773 513 1018 584 singulas
1042 520 1231 584 gentes
1253 512 1321 569 de
1346 513 1487 569 caelo
1507 520 1561 569 et
1585 513 1811 583 reliquis
1833 514 2018 570 rebus.

447 601 736 668 Quodnam
772 602 957 674 igitur,
991 601 1101 667 dic,
1136 601 1330 656 borum
1361 603 1606 657 nativum
1639 610 1693 658 et
1718 604 2020 674 genuinum

447 702 807 757 estnomen,
850 708 960 762 quo
988 694 1275 764 magniﬁca
1325 693 1422 749 Dei
1472 694 1740 765 sapientia
1791 696 2016 751 demon-

447 784 692 838 stratur?
732 782 788 838 Si
826 784 1071 839 Graecum
1110 785 1337 856 reliquis
1364 770 1641 856 praeferas,
1667 788 1767 842 tibi
1801 789 2022 844 resistet

448 876 683 931 fortasse
711 873 1004 946 Egyptins
1030 890 1189 932 suum
1212 891 1556 948 praeponens.
1585 876 1651 932 Et
1678 878 1723 935 si
1753 878 2022 935 llebraico

446 965 655 1034 primas
680 965 917 1027 deleras,
949 964 1121 1037 Syrus
1155 981 1312 1023 suam
1343 981 1533 1024 vocem
1557 982 1625 1023 ex
1656 969 1892 1027 adverso
1924 986 2023 1041 op-

445 1064 637 1125 ponet,
664 1072 840 1128 neque
879 1056 1160 1115 Romanus
1210 1058 1297 1113 bis
1327 1057 1397 1115 de
1448 1060 1686 1130 primatu
1736 1063 1914 1117 cedet.
1960 1062 2023 1117 Et

448 1145 641 1202 Medus
677 1162 788 1202 non
821 1147 1071 1203 admittet
1110 1164 1209 1205 sua
1244 1164 1353 1205 non
1388 1150 1602 1221 priores
1633 1159 1816 1222 partes
1854 1153 2019 1209 ferre.

449 1236 516 1290 Et
546 1252 610 1292 ex
647 1240 875 1310 reliquis
898 1242 1151 1311 gentibus
1182 1258 1411 1314 qumque
1442 1259 1602 1300 suum
1640 1248 1850 1316 primas
1878 1248 2023 1303 obti-

449 1344 582 1384 nere
604 1331 766 1384 volet.
797 1331 936 1399 Quid
972 1334 1136 1404 igitur
1180 1330 1287 1390 non
1323 1339 1566 1407 patietur
1603 1339 1803 1410 dogma
1841 1343 1906 1397 ad
1943 1350 2025 1399 tot

449 1436 646 1477 vocum
679 1424 1016 1482 dill‘erentias
1050 1441 1079 1481 a
1110 1432 1655 1488 controversantibus
1692 1433 2028 1493 discissum?

453 1513 559 1571 Sed
587 1532 653 1571 ex
685 1519 788 1585 Itis,
825 1520 1022 1592 inquit,
1057 1531 1309 1593 tanquam
1342 1524 1541 1597 legibus
1558 1527 1613 1581 in
1641 1542 1822 1595 aperto
1838 1532 2024 1600 positis

452 1608 757 1664 declaratur
792 1612 955 1668 Deum
983 1609 1194 1671 naturis
1231 1630 1576 1689 congruentes
1611 1622 1748 1676 inter
1766 1638 1819 1677 se
1848 1623 2027 1692 appel-

454 1694 683 1752 lationes
717 1699 910 1767 facere.
950 1701 997 1757 Ο
1044 1704 1448 1776 magniﬁcentia
1495 1708 1795 1781 dignitatis,
1835 1712 2025 1783 quales

453 1786 745 1856 opiniones
790 1791 989 1848 divinis
1023 1770 1291 1853 doctrinis
1334 1770 1623 1875 theologus
1664 1770 2025 1875 gratiﬁcatnr,
2060 1770 2106 1832 Β

455 1893 593 1948 quas
621 1896 794 1959 neque
816 1884 1223 1944 balneatoribus
1244 1890 1485 1947 invident
1511 1892 1788 1966 homines!
1822 1895 2033 1965 Etenim

459 1972 571 2030 illis
602 1977 910 2033 concedunt
950 1980 1170 2055 nomina
1206 1981 1411 2053 ﬁngere
1439 1984 1872 2054 operationibus,
1907 1988 2033 2058 qui—

458 2064 565 2120 bus
610 2066 950 2125 elaborantes
989 2081 1352 2141 occupantur,
1395 2082 1449 2129 et
1494 2076 1678 2131 nullus
1731 2077 1880 2147 ipsos
1924 2063 2037 2134 Deo

459 2158 760 2225 aequalibus
791 2146 1090 2219 honoribus
1141 2163 1472 2239 nobilitavit,
1526 2146 2035 2238 quandopollubra

461 2248 578 2301 sive
609 2249 860 2317 pelluvia,
893 2259 947 2307 et
979 2252 1294 2327 psiletltera,
1349 2271 1447 2312 seu
1478 2256 1778 2329 'unguenta
1826 2260 2037 2330 depila-

459 2339 622 2403 toria,
656 2350 709 2394 et
738 2342 1005 2419 mantilia,
1046 2352 1100 2399 et
1140 2345 1268 2400 talia
1294 2338 1471 2403 multa
1500 2346 1601 2405 bis'
1634 2365 1758 2422 quae
1791 2351 1861 2405 ab
1902 2350 2039 2422 ipsis

461 2427 623 2493 ﬁunt,
675 2430 1051 2502 imponuntur,
1121 2451 1243 2506 qua:
1291 2440 1682 2496 convenienter
1744 2442 2038 2498 verborum

463 2520 867 2593 signiﬁcatione
896 2541 1010 2582 rem
1044 2537 1229 2601 aperte
1257 2530 1561 2589 declarant.

535 2693 643 2751 Sed
691 2707 747 2752 et
794 2699 908 2756 haec
954 2705 1266 2773 praeteribo,
1312 2715 1366 2761 et
1417 2708 1742 2779 Epicuream
1796 2712 2039 2783 ipsorum

463 2789 772 2845 naturalem
807 2793 1091 2849 scientiam
1121 2796 1381 2869 deinceps
1405 2801 1662 2870 positam,
1693 2818 1854 2873 quam
1883 2805 2047 2874 aequi-

464 2879 649 2935 valere
679 2885 1121 2940 commentationi
1144 2885 1299 2952 dicit,
1322 2889 1414 2959 qui
1438 2890 1599 2946 inane
1620 2899 1674 2947 et
1704 2892 2044 2948 individuum

464 2973 854 3051 corpusculum
874 2982 928 3030 et
959 2974 1213 3033 fortuitas
1238 2993 1422 3033 rerum
1451 2982 1831 3050 generationes
1851 2998 2047 3056 cogna-

464 3058 671 3117 tionem
712 3063 1002 3132 quamdam
1049 3065 1250 3123 habere
1281 3069 1477 3124 asserit
1503 3084 1626 3125 cum
1664 3087 1732 3128 eo
1759 3074 1904 3143 quod
1950 3089 2045 3145 per

467 3155 980 3212 commentationem
1031 3172 1154 3215 esse
1224 3160 1559 3218 declaratur.
1631 3161 1711 3219 En
1768 3166 2043 3235 quomodo

467 3240 765 3312 Epicurum
798 3248 969 3313 novit,
997 3251 1242 3309 dicentes
1260 3256 1558 3319 arguimur.
1588 3255 1859 3313 Taceatur
1878 3260 2043 3315 etiam

468 3331 592 3402 ejus
626 3350 829 3403 praeses
845 3347 901 3392 et
929 3339 1243 3409 dogmatum
1266 3344 1486 3413 adjutor
1511 3343 1859 3413 Aristoteles,
1887 3350 2045 3417 cujus

472 3423 786 3493 opinionem
817 3427 1075 3497 deinceps
1113 3431 1290 3501 inquit
1334 3436 1814 3493 commentationis
1846 3454 2050 3496 sermoo

469 3514 639 3571 nibus
657 3515 915 3572 conferri.
944 3519 1094 3575 illius
1125 3520 1270 3576 enim
1324 3522 1505 3593 inquit
1533 3538 1657 3581 esse
1685 3525 1903 3598 dogma,
1936 3543 2046 3584 non

470 3621 571 3675 per
622 3608 805 3662 omnia
853 3618 1142 3687 penetrare
1192 3610 1622 3681 Providentiam,
1668 3632 1844 3688 neque
1875 3635 2050 3690 usque

475 3698 542 3752 ad
594 3713 682 3754 res
715 3708 959 3756 terrenas
995 3717 1319 3781 permeare:
1357 3706 1501 3776 quod
1536 3693 1755 3778 quidem
1791 3711 1880 3765 bic
1916 3726 2050 3767 con—

475 3804 671 3847 sonum
732 3792 817 3847 bis
875 3808 995 3864 qua:
1050 3810 1146 3866 per
1207 3800 1723 3867 commentationem
1778 3804 2050 3874 exquisita

475 3890 626 3946 sunt.
676 3882 998 3949 conﬁrmat;
1047 3885 1129 3942 sic
1185 3888 1535 3946 considerate
1594 3907 1691 3962 per
1739 3903 2049 3948 accuratam

477 3971 838 4029 subtilitatem
887 3973 1142 4046 dogmata
1182 3976 1473 4048 dijudicat.
1525 3979 1630 4035 Sed
1678 3981 2049 4052 progrediens,

479 4069 739 4131 oportere.
766 4064 917 4131 dicit,
962 4066 1047 4122 vel
1090 4083 1267 4139 neque
1295 4078 1474 4124 ortum
1514 4085 1703 4127 eorum
1735 4076 1865 4142 quae
1903 4081 2051 4136 sunt,

478 4154 591 4210 Deo
618 4156 941 4223 concedere,
967 4159 1051 4214 vel
1084 4160 1128 4215 si
1164 4160 1315 4216 hunc
1343 4162 1681 4229 dederimus,
1714 4180 1823 4219 non
1846 4165 2051 4221 auferri

480 4244 763 4323 nominum
805 4248 1151 4317 positionem.
1195 4251 1507 4316 Quinetiam
1551 4252 1619 4307 de
1649 4252 1827 4309 brutis
1868 4262 1924 4309 et
1966 4268 2057 4309 ra-

480 4338 648 4417 tionis
680 4336 1015 4409 expertibus,
1045 4343 1190 4397 sicut
1216 4351 1342 4398 ante
1366 4343 1627 4411 diximus,
1657 4345 1995 4400 contrarium
2025 4361 2054 4398 a

487 4427 773 4499 Scriptura
818 4430 1096 4500 docemur,
1137 4434 1293 4503 .qnod
1349 4450 1524 4506 neque
1554 4435 1703 4527 iecit
1732 4436 1901 4491 Adam
1935 4438 2056 4491 ani-
2089 4473 2133 4527 Β

481 4521 668 4584 malia,
709 4537 882 4598 neque
926 4525 1225 4578 nominavit
1260 4525 1423 4589 Deus,
1471 4526 1567 4583 scd
1602 4542 1630 4580 a
1685 4525 1794 4582 Deo
1839 4527 2057 4598 quidem

466 4622 658 4679 ortus,
697 4596 766 4668 ab
800 4616 1019 4692 homine
1050 4631 1183 4670 vero
1221 4616 1490 4692 factorum
1524 4619 1884 4689 nuncupatio,
1918 4620 2062 4674 sicut

484 4720 516 4759 a
563 4704 712 4760 Mose
758 4706 951 4762 litteris
1001 4707 1273 4776 proditum
1331 4717 1434 4763 est.
1490 4707 1695 4763 Deinde
1745 4724 2058 4783 sermonum

484 4796 645 4854 nobis
682 4798 988 4853 eucomium
1026 4800 1245 4870 proprio
1290 4814 1546 4855 sermone
1578 4800 1949 4869 persequitur,
1995 4814 2061 4854 ac

484 4890 533 4945 si
576 4890 701 4959 quis
728 4882 1453 4960 ignntninia'alliceret-vim
1482 4897 1535 4945 et
1586 4889 1897 4945 facultatem
1941 4904 2061 4965 ser-

485 4983 689 5048 monis,
730 4974 784 5038 et
809 4982 885 5057 ait
914 4989 1038 5057 post
1081 4981 1226 5035 illam
1262 4981 1517 5056 stolidam
1548 4990 1602 5035 et
1631 4980 1847 5059 inanem
1899 4990 2064 5051 atque

481 5074 808 5132 insolentem
842 5074 1128 5149 verborum
1166 5081 1521 5151 structuram,
1542 5072 1915 5145 Providentia:
1946 5073 2065 5144 lege

484 5174 539 5221 et
587 5181 841 5223 mensura
892 5163 1135 5235 perfecte
1177 5165 1434 5234 copulare
1476 5179 1600 5218 cum
1649 5164 1959 5235 cognitione
2009 5173 2065 5220 et

485 5272 588 5314 usu
634 5240 1087 5322 necessariorum,
1114 5259 1389 5333 nominum
1435 5256 1815 5322 traditionem,
1866 5258 2065 5328 multa-

487 5364 595 5419 que
641 5349 910 5421 ejusmodi
961 5331 1014 5403 in
1064 5331 1355 5426 profundo
1386 5362 1579 5402 somno
1624 5362 1747 5401 cum
1791 5348 2062 5415 deliravit,

487 5438 556 5496 ad
610 5440 1076 5513 inexpugnabilem
1115 5449 1277 5519 atque
1321 5439 1718 5517 ineluctabilem
1758 5439 2059 5513 necessita-

490 5540 597 5589 tem
620 5549 870 5589 sermone
903 5542 1217 5603 pertransit.
1252 5531 1437 5588 Dicam
1483 5539 1661 5586 autem
1698 5545 1805 5585 non
1837 5531 1901 5584 ad
1942 5547 2066 5586 ver-

491 5629 643 5692 bum,
698 5623 792 5679 sed
837 5626 1010 5679 solam
1056 5625 1431 5679 tantummodo
1485 5623 1811 5680 sententiam
1860 5637 2068 5678 sermo-

494 5732 622 5771 num
666 5714 810 5771 iliius
857 5729 1128 5785 exponens
1175 5735 1186 5767 :
1234 5714 1388 5781 Non,
1444 5715 1651 5787 inquit,
1694 5714 1861 5783 poetis
1931 5714 2066 5767 assi-

2121 518 2251 588 περί
2282 536 2341 572 τε
2383 521 2614 593 οὐρανοῦ
2644 523 2739 577 καὶ
2781 522 2889 579 τῶν
2923 523 3126 577 λοιπῶν
3168 523 3516 595 πραγμάτων
3553 518 3718 577 οὖσαι

2121 610 2470 681 τυγχάνουσι.
2505 614 2667 668 ῐῐοτον
2713 609 2829 679 οὖν,
2866 613 2986 669 είπέ
3033 632 3143 685 μοι,
3174 614 3380 667 τούτων
3435 615 3718 685 προσφυὲς

2123 702 2267 776 ἐστιν
2300 702 2493 779 ὄνομα,
2583 705 2616 775 ἡ
2658 701 3080 776 μεγαλοπρεπὴς
3111 703 3270 772 σοφία
3291 702 3386 756 τοῦ
3427 702 3565 756 Θεοῦ
3596 704 3717 757 δια-

2122 791 2427 868 δείκνυται;
2461 797 2561 871 Ἂν
2592 799 2653 852 τὸ
2700 797 3005 869 Ἑλληνικὸν
3054 796 3165 850 τῶν
3196 796 3402 850 λοιπῶν
3436 798 3717 869 προτιμή-

2126 901 2247 955 σῃς,
2273 886 2653 959 ἀντιστήσεταί
2683 904 2766 943 σοι
2810 889 2970 960 τυχὸν
3010 891 3039 942 6
3088 888 3382 957 Αἰγύπτιος
3426 887 3489 941 τὸ
3517 885 3715 945 ἑαυτοῦ

2125 965 2581 1049 προϐαλλόμενος,
2622 960 2741 1039 Κᾶν
2780 979 2857 1050 τῷ
2896 979 3170 1051 Ἑϐραϊκῷ
3211 978 3280 1032 τὰ
3316 981 3561 1052 πρωτεῖα
3603 979 3717 1049 νεί-

2128 1082 2255 1138 μης.
2292 1067 2712 1138 ἀντιπαρεξάγει
2749 1071 2777 1123 ὁ
2801 1060 2972 1139 Σύρος
2999 1067 3098 1136 τὴν
3135 1066 3270 1136 ista»
3300 1065 3503 1137 φωνὴν³
3529 1065 3654 1118 οὐδὲ
3686 1066 3717 1118 6

2137 1159 2405 1231 Ῥωμαῖος
2423 1159 2630 1223 τούτοις
2650 1159 2754 1214 τῶν
2779 1159 3061 1231 πρωτείων
3095 1158 3361 1227 ὐφήσεται
3380 1173 3393 1187 ·
3416 1158 3512 1209 καὶ
3542 1158 3571 1210 6
3591 1154 3719 1223 Μῆ-

2124 1250 2213 1314 δος
2249 1250 2309 1303 οὑ
2338 1248 2555 1315 δέξεταί
2582 1250 2657 1323 μὴ
2677 1250 2744 1305 τὰ
2770 1249 2959 1304 ἑαυτοῦ
2990 1246 3363 1321 προπρεύειψ
3390 1247 3484 1300 καὶ
3515 1248 3581 1299 ἐκ
3607 1247 3719 1300 τῶν

2126 1340 2330 1395 λοιπῶν
2360 1340 2530 1397 ἐθνῶν
2557 1342 2785 1396 ἕκαστον
2812 1341 2882 1396 τὰ
2914 1338 3109 1396 ἑαυτοῦ
3136 1338 3355 1405 ἀξιώσει
3376 1338 3708 1411 πρωτεύειν.

2126 1432 2191 1486 Τί
2222 1429 2316 1488 οὖν
2358 1434 2420 1487 οὐ
2453 1435 2699 1489 πείσεται
2732 1435 2793 1487 τὸ
2820 1435 2997 1503 δόγμα
3038 1433 3172 1504 πρὸς
3201 1429 3470 1494 τοιαύτας
3519 1430 3718 1500 φωνῶν

2125 1522 2386 1595 διαφορὰς
2418 1523 2522 1587 ὑπὸ
2560 1522 2668 1576 τῶν
2717 1522 3201 1597 ἀμφισϐητούντων
3253 1522 3666 1592 διασχιζόμενον
3699 1539 3717 1590 ;

2140 1613 2291 1681 Ἀλλ’
2328 1613 2396 1666 ἐκ
2427 1613 2673 1677 τούτων,
2706 1615 2857 1686 φησὶ,
2890 1611 3154 1690 καθάπερ
3195 1611 3397 1691 νόμων
3438 1609 3720 1681 ἐμφανῶς

2130 1702 2433 1775 κειμένων,
2454 1705 2740 1773 δηλοῦται
2769 1706 2835 1769 τὸ
2866 1705 2972 1760 τὸν
2993 1707 3142 1779 9.937-
3166 1704 3294 1770 ταῖς
3326 1705 3553 1772 φύσεσι
3578 1718 3721 1773 xpe-

2138 1799 2375 1865 πούσας
2435 1797 2860 1864 καταλλήλους
2915 1798 3208 1855 ποιεῖσθαι
3274 1796 3382 1864 τὰς
3438 1796 3718 1863 κλήσεις.

2141 1889 2205 1942 Ὢ
2248 1889 2346 1960 τῆς
2382 1888 2746 1961 μεγαλοφυῖας
2797 1889 2892 1943 τοῦ
2935 1889 3237 1963 δόγματοςί
3269 1888 3387 1952 οἵας
3422 1887 3719 1957 ὑπολήψεις

2139 1983 2258 2051 ταῖς
2297 1980 2465 2049 θείαις
2521 1980 2887 2046 διδασκαλίαις
2929 1983 2958 2037 6
3002 1982 3249 2051 θεολόγος
3302 1980 3606 2056 χαρίζεται,
3640 1969 3720 2031 ὧν

2141 2074 2262 2128 οὐδὲ
2293 2077 2403 2140 τοῖς
2442 2073 2725 2145 βαλανεῦσι
2754 2072 3036 2143 φθονοῦσιν
3055 2074 3103 2126 oi
3142 2072 3449 2144 ἄνθρωποιί
3480 2071 3590 2125 Καὶ
3608 2070 3720 2142 γιζρ

2144 2167 2373 2231 ἐκείνοις
2404 2166 2790 2239 συγχωροῦμεν
2839 2167 3240 2239 όνοματοποιεῖν
3280 2164 3560 2235 ἐνεργείας
3590 2164 3721 2233 περὶ

2142 2259 2210 2322 ἃς
2234 2256 2519 2321 πονοῦντες
2541 2257 2888 2335 τυγχάνουσι,
2924 2257 3018 2311 καὶ
3060 2256 3234 2322 οὐδεὶς
3260 2255 3457 2314 αὐτοὺς
3494 2253 3722 2315 ἰσοθέοις

2144 2349 2329 2418 τιμαῖς
2358 2347 2748 2417 ἀπεσέμνυνεν,
2780 2346 2869 2400 ὅτε
2902 2346 3250 2412 ποδάνιπτρα,
3274 2344 3367 2398 καὶ⁸
3413 2341 3719 2413 ψιλέθειρα,

2146 2436 2238 2491 καὶ
2269 2436 2659 2508 χειρόμακτρα,
2695 2440 2789 2490 καὶ
2816 2435 3039 2490 τοιαῦτα
3081 2435 3250 2488 πολλὰ
3279 2436 3391 2498 τοῖς
3414 2432 3722 2503 γινομένοις

2045 2564 2047 2567 τ
2148 2529 2279 2598 παρ’
2306 2527 2483 2581 αὐτῶν
2531 2527 2787 2590 τίθενται,
2828 2525 3118 2597 προσφυῶς
3143 2524 3409 2596 δηλοῦντα
3442 2527 3508 2595 τῇ
3540 2524 3721 2593 ἐμφα-

2150 2633 2229 2670 σει
2260 2616 2368 2671 τῶν
2396 2618 2654 2690 ῥημάτων
2679 2618 2740 2671 τὸ
2775 2617 3147 2687 ὑποκείμενον.

2233 2707 2392 2762 Ἀλλὰ
2440 2707 2898 2793 παραδραμοῦμαι
2940 2707 3034 2761 καὶ
3075 2706 3265 2772 ταῦτα,
3301 2706 3396 2760 καὶ
3428 2705 3528 2776 τὴν
3573 2705 3727 2758 Ἐπιρ

2110 2813 2117 2817 ·
2150 2800 2394 2873 κούρειον
2423 2799 2600 2854 αὐτῶν
2630 2798 2973 2879 φυσιολογίαν
2995 2799 3192 2877 ἐφεξῆς
3210 2799 3495 2873 κειμένην,
3515 2800 3580 2869 ἣν
3616 2799 3728 2851 ἰσο-

2150 2892 2404 2962 δυναμεῖν
2427 2893 2492 2962 τῇ
2546 2892 2757 2962 ἐπινοίᾳ
2810 2892 2995 2961 φησὶν,
3026 2893 3055 2945 6
3082 2892 3142 2945 τὸ
3191 2891 3344 2946 κενὸν
3372 2891 3469 2945 καὶ
3500 2891 3724 2965 ἄτομον,

2153 2983 2246 3036 καὶ
2268 2982 2366 3046 τὰς
2398 2982 2624 3054 τυχαίας
2650 2982 2759 3043 τῶν
2798 2982 2967 3041 όντων
2986 2983 3245 3061 γενέσεις,
3272 2983 3550 3052 συγγενῶς
3577 2981 3725 3051 ἔχειν

2152 3070 2325 3142 λέγων
2358 3074 2495 3146 πρὸς
2529 3073 2589 3127 τὸ
2616 3072 2705 3127 διὰ
2736 3073 2837 3144 τῆς
2863 3074 3102 3138 ἐπινοίας
3130 3074 3477 3146 δηλούμενον.
3513 3075 3576 3126 Ὦ
3604 3073 3730 3140 πῶς

2150 3165 2340 3235 ἐνόησε
2369 3165 2459 3217 τὸν
2506 3163 2840 3236 Ἐπίκουρον,
2871 3162 3121 3232 λέγοντες
3149 3162 3481 3234 ἐλεγχόμεθα
3507 3164 3521 3216 l
3554 3161 3729 3229 Σιγᾶ-

2153 3255 2263 3309 σθω
2297 3255 2389 3309 καὶ
2427 3258 2456 3310 6
2491 3256 2801 3328 προστάτης
2838 3254 3003 3309 αὐτοῦ
3037 3254 3130 3309 καὶ
3178 3253 3460 3325 σύμμαχος
3502 3252 3613 3306 τῶν
3641 3253 3735 3306 δο-

2151 3345 2376 3417 γμάτων
2414 3345 2820 3418 ’Δριστοτέλης,
2849 3340 2911 3400 οὗ
2940 3345 3039 3417 τὴν
3078 3344 3232 3411 δόξαν
3264 3346 3322 3397 ὲν
3367 3346 3481 3406 τοῖς
3527 3342 3734 3421 ἑφεξῆς

2153 3453 2288 3507 φησι
2315 3438 2429 3500 τοῖς
2456 3438 2556 3507 τῆς
2584 3435 2824 3499 ἐπινοίας
2855 3434 3033 3504 λόγοις
3059 3431 3448 3513 συμφέρεσθαι.
3483 3430 3731 3485 Ἐκείνου

2153 3526 2263 3601 γάρ
2300 3544 2464 3600 φησιν
2512 3525 2650 3581 εἶναι
2680 3527 2740 3581 τὸ
2774 3526 2984 3596 δόγμα,
3013 3524 3076 3578 τὸ
3121 3523 3194 3596 μὴ
3237 3523 3326 3578 διὰ
3362 3523 3583 3577 πάντων
3620 3522 3735 3574 τῶν

2154 3621 2323 3675 δντων
2352 3620 2558 3691 διήκειν
2589 3619 2689 3692 τὴν
2720 3619 3000 3690 Πρόνοιαν,
3047 3616 3183 3688 μηδὲ
3217 3615 3377 3687 μέχρι
3417 3614 3528 3668 τῶν
3586 3631 3734 3684 «περι⁸

2156 3709 2316 3780 γείων
2367 3710 2662 3765 διαϐαίνειν
2694 3709 3054 3789 πραγμάτων.
3085 3710 3259 3778 Ὅπερ
3303 3701 3455 3769 οὗτος
3502 3705 3735 3775 σύμφω-

2156 3817 2245 3854 νον
2272 3801 2381 3864 τοϊς
2401 3800 2540 3853 κατὰ
2565 3799 2661 3869 τὴν
2686 3799 2924 3852 ἐπίνοιαν
2944 3797 3327 3869 ἐξητασμένοις
3352 3791 3494 3849 εἶναι
3526 3796 3732 3865 διισχυ-

2160 3891 2386 3964 ρίζεται,
2409 3889 2581 3955 οὕτως
2613 3890 2730 3944 ἐστι
2779 3890 2982 3962 κρίνειν
3018 3888 3444 3959 ὲπεσκεμμένως
3477 3886 3546 3940 δι’
3571 3887 3733 3956 ἀκριο

2159 3982 2310 4045 ϐείας
2365 3981 2433 4036 τὰ
2481 3981 2744 4052 δόγματα.
2792 3980 2950 4035 Ἀλλὰ
2981 3979 3185 4053 προῖὼν
3221 3978 3415 4051 χρῆναί
3474 3994 3664 4047 φησιν,
3699 3977 3733 4046 ᾗ

2163 4074 2297 4145 μηδὲ
2339 4073 2436 4145 τὴν
2470 4073 2679 4144 γένεσιν
2711 4073 2818 4127 τῶν
2875 4073 3042 4126 ὄντων
3086 4072 3163 4143 τῷ
3190 4070 3308 4141 Θεῷ
3340 4071 3671 4139 συγχωρεῖν,
3700 4067 3733 4137 ἢ

2159 4165 2347 4229 δόντας
2391 4166 2594 4237 ταύτην
2634 4166 2708 4237 μὴ
2753 4164 3137 4237 παραιρεῖσθαι
3181 4165 3279 4233 τὴν
3316 4160 3425 4215 τῶν
3452 4160 3736 4231 ὀνομάτων

2162 4253 2329 4308 θέσιν.
2371 4254 2482 4308 Καὶ
2520 4255 2627 4326 μὴν
2675 4254 2768 4308 καὶ
2817 4255 2945 4325 περὶ
2982 4253 3090 4306 τῶν
3123 4252 3350 4320 ἀλόγων,
3383 4250 3563 4313 καθὼς
3600 4249 3737 4318 φθά-

2164 4361 2353 4408 σαντες
2379 4344 2700 4414 είρήκαμεν,
2728 4342 2789 4396 τὸ
2830 4332 3065 4396 ἐναντίον
3088 4341 3236 4413 παρὰ
3261 4342 3361 4410 τῆς
3409 4340 3633 4410 Γραφῆς
3660 4340 3735 4399 δι-

2162 4434 2590 4506 δασκόμεθα,ὅτι
2629 4432 2751 4487 οὔτε
2799 4434 3050 4502 ἐποίησεν
3086 4433 3115 4484 6
3150 4432 3319 4503 Ἀδὰμ
3344 4431 3412 4484 τὰ
3449 4429 3588 4494 ζῶα,
3610 4430 3735 4482 οὔτε

2160 4523 2442 4595 ὠνόμασεν
2458 4524 2487 4575 6
2504 4523 2636 4586 Θεός
2659 4540 2673 4554 ·
2696 4522 2831 4576 ἀλλὰ
2857 4521 3006 4592 παρὰ
3026 4520 3117 4601 τοῦ
3146 4520 3281 4574 Θεοῦ
3314 4519 3467 4591 μὲνή
3497 4520 3734 4587 γένεσις,

2160 4614 2311 4686 παρὰ
2343 4613 2401 4667 δὲ
2430 4612 2520 4667 τοῦ
2548 4611 2833 4683 ἀνθρώπου
2866 4611 2975 4665 τῶν
3015 4610 3316 4679 γεγονότων
3356 4611 3391 4680 ἠ
3425 4610 3639 4680 κτῆσις,
3661 4608 3738 4671 ὡς

2161 4706 2267 4760 ὑπὸ
2289 4706 2383 4760 τοῦ
2410 4704 2687 4773 Μωῦσέως
2718 4705 3014 4776 ἱστόρηται.
3046 4698 3179 4756 Εἶτα
3201 4701 3374 4770 λόγων
3398 4701 3526 4770 ἡμῖν
3557 4697 3733 4765 ὲγκώο

2165 4815 2284 4869 μιον
2317 4797 2396 4869 τῷ
2424 4795 2538 4867 ἰδίῳ
2560 4795 2777 4869 διέξεισι
2807 4795 2969 4865 λόγῳ,
2990 4792 3182 4866 ῶσπερ
3211 4790 3563 4861 ἁτιμάζοντός
3591 4802 3739 4849 τινος

2161 4889 2254 4943 τοῦ
2277 4889 2434 4958 λόγου
2468 4889 2570 4962 τὴν
2595 4887 2841 4956 δύναμιν,
2875 4885 2966 4939 καί
3017 4901 3151 4956 φησι
3185 4881 3327 4953 μετὰ
3350 4881 3445 4950 τὴν
3475 4878 3732 4947 ἀσύφιλον

2163 4979 2376 5050 ἐκείνην
2403 4981 2496 5032 καὶ
2517 4977 2802 5049 στομφώδη
2838 4976 2948 5031 τῶν
2989 4975 3249 5046 ῥημάτων
3275 4972 3568 5041 συνθήκην,
3594 4972 3729 5039 Προ·

2163 5071 2311 5134 νοίας
2342 5069 2491 5141 νόμῳ
2523 5070 2615 5123 καὶ
2662 5069 2846 5140 μέτρῳ
2891 5067 3107 5131 τελείως
3138 5067 3368 5137 συνάψαι
3404 5067 3469 5135 τῇ
3515 5060 3729 5131 γνώσει,

2166 5163 2260 5216 καὶ
2282 5163 2347 5233 τῇ
2374 5162 2566 5233 χρήσει
2594 5160 2701 5213 τῶν
2726 5158 3039 5227 ἀναγκαίων
3069 5157 3166 5228 τὴν
3199 5148 3480 5228 μετάδοσιν
3499 5152 3606 5206 τῶν
3619 5152 3735 5203 όνοε

2168 5252 2375 5323 μάτων,
2409 5252 2502 5304 καὶ
2529 5249 2698 5303 πολλὰ
2744 5246 2970 5303 τοιαῦτα
3001 5250 3058 5301 ὲν
3084 5247 3238 5319 βαθεῖ
3263 5245 3342 5316 τῷ
3388 5243 3544 5316 ὕπνῳ
3573 5240 3736 5311 ληρή-

2165 5359 2286 5405 σας,
2302 5341 2393 5393 ἐπὶ
2415 5340 2512 5412 τὴν
2539 5339 2749 5410 ἄμαχόν
2772 5356 2829 5392 τε
2858 5338 2951 5393 καὶ
2978 5338 3075 5410 τὴν
3092 5334 3552 5407 ἀνανταγώνιστον
3579 5330 3733 5395 ἀνάγ.

2166 5451 2269 5502 κην
2297 5430 2606 5503 μεταϐαίνει
2628 5429 2706 5499 τῷ
2745 5428 2907 5501 λόγῳ.
2936 5428 3088 5494 aes...
3112 5428 3189 5493 δὲ,
3218 5428 3319 5480 οὐκ
3342 5427 3433 5495 ἐπὶ
3454 5423 3725 5495 ῥημάτων,

2166 5527 2280 5581 ἀλλ’
2310 5524 2401 5577 ἐπὶ
2441 5523 2607 5595 μόνης
2640 5524 2739 5593 τῆς
2784 5523 3020 5586 διανοίας
3061 5521 3151 5575 τὸν
3184 5522 3313 5591 παρ’
3344 5518 3550 5571 ἐκείνου
3579 5514 3732 5581 λόγον

2166 5617 2488 5686 ἐκθέμενος·
2542 5617 2623 5670 Οὐ
2681 5615 2988 5683 ποιηταῖς,
3020 5615 3205 5687 φησιν,
3260 5610 3573 5701 ἀναθετέιξν
3617 5603 3732 5701 75L?

2169 5706 2284 5763 τῶν
2307 5704 2590 5777 ῥημάτων
2613 5705 2871 5773 εὕρεσιν,
2895 5706 3018 5773 τοῖς
3038 5700 3492 5774 διαψειισθεῖσίν
3514 5697 3579 5750 ἐν
3604 5697 3730 5759 ταῖς
