  <div class='ocr_page' id='page_1' title='image "/cluster/home/n/w/nwhite01/storage/ocr_20150623/45/hvd.32044073501876/542.png"; bbox 0 0 4010 6212; ppageno 0'>
   <div class='ocr_carea' id='block_1_1' title="bbox 311 316 454 374">
    <p class='ocr_par' dir='ltr' id='par_1_1' title="bbox 311 316 454 374">
     <span class='ocr_line' id='line_1_1' title="bbox 311 316 454 374; baseline 0 0"><span class='ocrx_word' id='word_1_1' title='bbox 311 316 454 374; x_wconf 69' lang='grc'><strong>1049</strong></span> 
     </span>
    </p>
   </div>
   <div class='ocr_carea' id='block_1_2' title="bbox 1335 318 2355 390">
    <p class='ocr_par' dir='ltr' id='par_1_2' title="bbox 1335 318 2355 390">
     <span class='ocr_line' id='line_1_2' title="bbox 1335 318 2355 390; baseline 0.005 -15"><span class='ocrx_word' id='word_1_2' title='bbox 1335 318 1610 376; x_wconf 80' lang='lat' dir='ltr'><strong>CONTRA</strong></span> <span class='ocrx_word' id='word_1_3' title='bbox 1638 318 2027 390; x_wconf 74' lang='lat' dir='ltr'><strong>EUNOMIUM,</strong></span> <span class='ocrx_word' id='word_1_4' title='bbox 2069 323 2197 380; x_wconf 82' lang='lat' dir='ltr'><strong>LIB.</strong></span> <span class='ocrx_word' id='word_1_5' title='bbox 2240 323 2355 380; x_wconf 76' lang='grc' dir='ltr'><strong>ΧΠ.</strong></span> 
     </span>
    </p>
   </div>
   <div class='ocr_carea' id='block_1_3' title="bbox 3423 334 3563 390">
    <p class='ocr_par' dir='ltr' id='par_1_3' title="bbox 3423 334 3563 390">
     <span class='ocr_line' id='line_1_3' title="bbox 3423 334 3563 390; baseline -0.007 0"><span class='ocrx_word' id='word_1_6' title='bbox 3423 334 3563 390; x_wconf 65' lang='grc' dir='ltr'><strong>1θὲἱο</strong></span> 
     </span>
    </p>
   </div>
   <div class='ocr_carea' id='block_1_4' title="bbox 307 431 1864 516">
    <p class='ocr_par' dir='ltr' id='par_1_4' title="bbox 307 431 1864 510">
     <span class='ocr_line' id='line_1_4' title="bbox 307 431 1864 510; baseline 0.002 -21"><span class='ocrx_word' id='word_1_7' title='bbox 307 437 445 503; x_wconf 66' lang='grc' dir='ltr'>περὶ</span> <span class='ocrx_word' id='word_1_8' title='bbox 496 431 644 488; x_wconf 83' lang='grc' dir='ltr'><strong>Θεοῦ</strong></span> <span class='ocrx_word' id='word_1_9' title='bbox 693 432 1100 502; x_wconf 68' lang='grc' dir='ltr'><strong>ὐπολήψεσιν.</strong></span> <span class='ocrx_word' id='word_1_10' title='bbox 1147 433 1248 490; x_wconf 85' lang='grc' dir='ltr'>Οία</span> <span class='ocrx_word' id='word_1_11' title='bbox 1293 437 1684 509; x_wconf 82' lang='grc' dir='ltr'>χαρίζεταιτῷ</span> <span class='ocrx_word' id='word_1_12' title='bbox 1712 438 1864 510; x_wconf 77' lang='grc' dir='ltr'><strong>Θεῷι</strong></span> 
     </span>
    </p>
   </div>
   <div class='ocr_carea' id='block_1_5' title="bbox 1964 431 3560 516">
    <p class='ocr_par' dir='ltr' id='par_1_5' title="bbox 1986 442 3560 516">
     <span class='ocr_line' id='line_1_5' title="bbox 1986 442 3560 516; baseline 0.007 -22"><span class='ocrx_word' id='word_1_13' title='bbox 1986 442 2200 512; x_wconf 85' lang='lat' dir='ltr'><strong>gnanda</strong></span> <span class='ocrx_word' id='word_1_14' title='bbox 2232 452 2310 497; x_wconf 80' lang='lat' dir='ltr'><strong>est</strong></span> <span class='ocrx_word' id='word_1_15' title='bbox 2346 442 2618 498; x_wconf 69' lang='lat' dir='ltr'><strong>verborum</strong></span> <span class='ocrx_word' id='word_1_16' title='bbox 2655 444 2901 511; x_wconf 83' lang='lat' dir='ltr'><strong>inventio,</strong></span> <span class='ocrx_word' id='word_1_17' title='bbox 2940 444 3063 516; x_wconf 65' lang='grc' dir='ltr'><strong>ιιιιί</strong></span> <span class='ocrx_word' id='word_1_18' title='bbox 3092 449 3295 502; x_wconf 85' lang='lat' dir='ltr'><strong>mentiti</strong></span> <span class='ocrx_word' id='word_1_19' title='bbox 3339 459 3461 503; x_wconf 72' lang='lat' dir='ltr'><strong>sunt</strong></span> <span class='ocrx_word' id='word_1_20' title='bbox 3503 453 3560 505; x_wconf 83' lang='lat' dir='ltr'><strong>in</strong></span> 
     </span>
    </p>
   </div>
   <div class='ocr_carea' id='block_1_6' title="bbox 306 522 1885 605">
    <p class='ocr_par' dir='ltr' id='par_1_6' title="bbox 306 522 1885 605">
     <span class='ocr_line' id='line_1_6' title="bbox 306 522 1885 605; baseline 0.006 -28"><span class='ocrx_word' id='word_1_21' title='bbox 306 524 590 593; x_wconf 73' lang='grc' dir='ltr'>γεννάδας,</span> <span class='ocrx_word' id='word_1_22' title='bbox 637 523 704 576; x_wconf 74' lang='grc' dir='ltr'>τὰ</span> <span class='ocrx_word' id='word_1_23' title='bbox 752 522 853 597; x_wconf 78' lang='grc' dir='ltr'>τῆς</span> <span class='ocrx_word' id='word_1_24' title='bbox 885 526 1170 597; x_wconf 80' lang='grc' dir='ltr'><strong>ποιητικῆς</strong></span> <span class='ocrx_word' id='word_1_25' title='bbox 1198 527 1446 594; x_wconf 77' lang='grc' dir='ltr'>ἐξουσίας</span> <span class='ocrx_word' id='word_1_26' title='bbox 1477 531 1764 602; x_wconf 80' lang='grc' dir='ltr'><strong>εὑρήματα</strong></span> <span class='ocrx_word' id='word_1_27' title='bbox 1806 533 1885 605; x_wconf 85' lang='grc' dir='ltr'>τῷ</span> 
     </span>
    </p>
   </div>
   <div class='ocr_carea' id='block_1_7' title="bbox 307 615 1885 695">
    <p class='ocr_par' dir='ltr' id='par_1_7' title="bbox 307 615 1885 695">
     <span class='ocr_line' id='line_1_7' title="bbox 307 615 1885 695; baseline 0.007 -28"><span class='ocrx_word' id='word_1_28' title='bbox 307 615 429 686; x_wconf 86' lang='grc' dir='ltr'><strong>Θεῷ</strong></span> <span class='ocrx_word' id='word_1_29' title='bbox 476 616 827 685; x_wconf 84' lang='grc' dir='ltr'><strong>προσάπτων.</strong></span> <span class='ocrx_word' id='word_1_30' title='bbox 862 617 1029 671; x_wconf 85' lang='grc' dir='ltr'>Ὥστε</span> <span class='ocrx_word' id='word_1_31' title='bbox 1075 618 1164 672; x_wconf 83' lang='grc' dir='ltr'>διὰ</span> <span class='ocrx_word' id='word_1_32' title='bbox 1206 619 1396 674; x_wconf 86' lang='grc' dir='ltr'>τούτου</span> <span class='ocrx_word' id='word_1_33' title='bbox 1425 622 1748 695; x_wconf 86' lang='grc' dir='ltr'>σεμνότερον</span> <span class='ocrx_word' id='word_1_34' title='bbox 1774 628 1885 689; x_wconf 81' lang='grc' dir='ltr'>τοῖς</span> 
     </span>
    </p>
   </div>
   <div class='ocr_carea' id='block_1_8' title="bbox 304 706 1880 783">
    <p class='ocr_par' dir='ltr' id='par_1_8' title="bbox 304 706 1880 783">
     <span class='ocr_line' id='line_1_8' title="bbox 304 706 1880 783; baseline 0.004 -22"><span class='ocrx_word' id='word_1_35' title='bbox 304 708 616 779; x_wconf 75' lang='grc' dir='ltr'>ἀνθρώποις</span> <span class='ocrx_word' id='word_1_36' title='bbox 647 707 743 761; x_wconf 78' lang='grc' dir='ltr'>καὶ</span> <span class='ocrx_word' id='word_1_37' title='bbox 793 706 1120 782; x_wconf 78' lang='grc' dir='ltr'><strong>ὑψηλότερον</strong></span> <span class='ocrx_word' id='word_1_38' title='bbox 1172 711 1261 765; x_wconf 79' lang='grc' dir='ltr'><strong>τὸν</strong></span> <span class='ocrx_word' id='word_1_39' title='bbox 1313 712 1444 766; x_wconf 77' lang='grc' dir='ltr'>Θεὸν</span> <span class='ocrx_word' id='word_1_40' title='bbox 1498 713 1673 768; x_wconf 84' lang='grc' dir='ltr'>δοκεῖν</span> <span class='ocrx_word' id='word_1_41' title='bbox 1715 713 1880 783; x_wconf 81' lang='grc' dir='ltr'>εἶναι,</span> 
     </span>
    </p>
   </div>
   <div class='ocr_carea' id='block_1_9' title="bbox 305 798 1883 881">
    <p class='ocr_par' dir='ltr' id='par_1_9' title="bbox 305 798 1883 881">
     <span class='ocr_line' id='line_1_9' title="bbox 305 798 1883 881; baseline 0.006 -29"><span class='ocrx_word' id='word_1_42' title='bbox 305 800 434 853; x_wconf 79' lang='grc' dir='ltr'>ὅταν</span> <span class='ocrx_word' id='word_1_43' title='bbox 465 798 793 853; x_wconf 76' lang='grc' dir='ltr'><strong>πιστεύωσιν</strong></span> <span class='ocrx_word' id='word_1_44' title='bbox 836 802 886 853; x_wconf 85' lang='grc' dir='ltr'><strong>οί</strong></span> <span class='ocrx_word' id='word_1_45' title='bbox 922 801 1170 876; x_wconf 81' lang='grc' dir='ltr'>Εὑνομίῳ</span> <span class='ocrx_word' id='word_1_46' title='bbox 1209 804 1656 881; x_wconf 82' lang='grc' dir='ltr'>μαθητευόμενοι,</span> <span class='ocrx_word' id='word_1_47' title='bbox 1688 807 1750 861; x_wconf 81' lang='grc' dir='ltr'>τὸ</span> <span class='ocrx_word' id='word_1_48' title='bbox 1786 812 1883 863; x_wconf 80' lang='grc' dir='ltr'><strong>Λι-</strong></span> 
     </span>
    </p>
   </div>
   <div class='ocr_carea' id='block_1_10' title="bbox 304 893 1884 966">
    <p class='ocr_par' dir='ltr' id='par_1_10' title="bbox 304 893 1884 966">
     <span class='ocr_line' id='line_1_10' title="bbox 304 893 1884 966; baseline 0.006 -21"><span class='ocrx_word' id='word_1_49' title='bbox 304 894 530 962; x_wconf 64' lang='grc' dir='ltr'>κριρὶς,</span> <span class='ocrx_word' id='word_1_50' title='bbox 557 896 651 947; x_wconf 78' lang='grc' dir='ltr'>καὶ</span> <span class='ocrx_word' id='word_1_51' title='bbox 676 893 736 946; x_wconf 76' lang='grc' dir='ltr'><strong>τὸ</strong></span> <span class='ocrx_word' id='word_1_52' title='bbox 764 893 1073 964; x_wconf 82' lang='grc' dir='ltr'>Κάρκαιρε.</span> <span class='ocrx_word' id='word_1_53' title='bbox 1108 897 1203 950; x_wconf 74' lang='grc' dir='ltr'><strong>καὶ</strong></span> <span class='ocrx_word' id='word_1_54' title='bbox 1227 897 1287 950; x_wconf 78' lang='grc' dir='ltr'>τὸ</span> <span class='ocrx_word' id='word_1_55' title='bbox 1325 899 1546 966; x_wconf 77' lang='grc' dir='ltr'>Εὐρὰξ,</span> <span class='ocrx_word' id='word_1_56' title='bbox 1569 899 1665 953; x_wconf 75' lang='grc' dir='ltr'><strong>καὶ</strong></span> <span class='ocrx_word' id='word_1_57' title='bbox 1696 901 1757 954; x_wconf 78' lang='grc' dir='ltr'>τὸ</span> <span class='ocrx_word' id='word_1_58' title='bbox 1778 900 1884 955; x_wconf 86' lang='grc' dir='ltr'><strong>Κέ-</strong></span> 
     </span>
    </p>
   </div>
   <div class='ocr_carea' id='block_1_11' title="bbox 303 982 1882 1057">
    <p class='ocr_par' dir='ltr' id='par_1_11' title="bbox 303 982 1882 1057">
     <span class='ocr_line' id='line_1_11' title="bbox 303 982 1882 1057; baseline 0.004 -20"><span class='ocrx_word' id='word_1_59' title='bbox 303 984 449 1037; x_wconf 59' lang='lat' dir='ltr'><strong>aenos</strong></span> <span class='ocrx_word' id='word_1_60' title='bbox 468 1023 484 1048; x_wconf 89' lang='lat'><strong>,</strong></span> <span class='ocrx_word' id='word_1_61' title='bbox 514 982 610 1036; x_wconf 73' lang='grc' dir='ltr'><strong>καὶ</strong></span> <span class='ocrx_word' id='word_1_62' title='bbox 646 982 706 1035; x_wconf 83' lang='grc' dir='ltr'>τὸ</span> <span class='ocrx_word' id='word_1_63' title='bbox 725 985 955 1052; x_wconf 78' lang='grc' dir='ltr'>Φοχειρί</span> <span class='ocrx_word' id='word_1_64' title='bbox 979 1026 994 1049; x_wconf 91' lang='grc'><strong>,</strong></span> <span class='ocrx_word' id='word_1_65' title='bbox 1022 986 1116 1037; x_wconf 74' lang='grc' dir='ltr'>καὶ</span> <span class='ocrx_word' id='word_1_66' title='bbox 1148 984 1293 1050; x_wconf 79' lang='grc' dir='ltr'>Σίζε,</span> <span class='ocrx_word' id='word_1_67' title='bbox 1331 988 1424 1040; x_wconf 73' lang='grc' dir='ltr'>καὶ</span> <span class='ocrx_word' id='word_1_68' title='bbox 1455 988 1763 1057; x_wconf 79' lang='grc' dir='ltr'><strong>Δούπησε,</strong></span> <span class='ocrx_word' id='word_1_69' title='bbox 1791 989 1882 1042; x_wconf 75' lang='grc' dir='ltr'><strong>καὶ</strong></span> 
     </span>
    </p>
   </div>
   <div class='ocr_carea' id='block_1_12' title="bbox 299 1073 1878 1149">
    <p class='ocr_par' dir='ltr' id='par_1_12' title="bbox 299 1073 1878 1149">
     <span class='ocr_line' id='line_1_12' title="bbox 299 1073 1878 1149; baseline 0.003 -20"><span class='ocrx_word' id='word_1_70' title='bbox 299 1073 614 1143; x_wconf 75' lang='grc' dir='ltr'>Κανιίχιζε,</span> <span class='ocrx_word' id='word_1_71' title='bbox 665 1074 759 1127; x_wconf 65' lang='grc' dir='ltr'><strong>καὶ</strong></span> <span class='ocrx_word' id='word_1_72' title='bbox 794 1074 1169 1144; x_wconf 70' lang='grc' dir='ltr'>Σμερδαιέον</span> <span class='ocrx_word' id='word_1_73' title='bbox 1214 1074 1496 1143; x_wconf 77' lang='grc' dir='ltr'>κονάϐιζε,</span> <span class='ocrx_word' id='word_1_74' title='bbox 1534 1080 1629 1132; x_wconf 69' lang='grc' dir='ltr'><strong>καὶ</strong></span> <span class='ocrx_word' id='word_1_75' title='bbox 1679 1080 1878 1149; x_wconf 80' lang='grc' dir='ltr'>Λίγξε,</span> 
     </span>
    </p>
   </div>
   <div class='ocr_carea' id='block_1_13' title="bbox 299 1160 1875 1240">
    <p class='ocr_par' dir='ltr' id='par_1_13' title="bbox 299 1160 1875 1240">
     <span class='ocr_line' id='line_1_13' title="bbox 299 1160 1875 1240; baseline 0.004 -21"><span class='ocrx_word' id='word_1_76' title='bbox 299 1168 397 1220; x_wconf 75' lang='grc' dir='ltr'><strong>καὶ</strong></span> <span class='ocrx_word' id='word_1_77' title='bbox 427 1168 616 1233; x_wconf 59' lang='lat' dir='ltr'><strong>“laxe,</strong></span> <span class='ocrx_word' id='word_1_78' title='bbox 669 1166 762 1218; x_wconf 70' lang='grc' dir='ltr'>καὶ</span> <span class='ocrx_word' id='word_1_79' title='bbox 796 1165 1162 1234; x_wconf 76' lang='grc' dir='ltr'>Μερμήριεε,</span> <span class='ocrx_word' id='word_1_80' title='bbox 1194 1168 1286 1220; x_wconf 74' lang='grc' dir='ltr'><strong>καὶ</strong></span> <span class='ocrx_word' id='word_1_81' title='bbox 1324 1160 1501 1223; x_wconf 74' lang='grc' dir='ltr'>πάντα</span> <span class='ocrx_word' id='word_1_82' title='bbox 1536 1170 1602 1223; x_wconf 78' lang='grc' dir='ltr'>τὰ</span> <span class='ocrx_word' id='word_1_83' title='bbox 1636 1171 1875 1240; x_wconf 75' lang='grc' dir='ltr'>τοιαῦτα,</span> 
     </span>
    </p>
   </div>
   <div class='ocr_carea' id='block_1_14' title="bbox 299 1256 1879 1333">
    <p class='ocr_par' dir='ltr' id='par_1_14' title="bbox 299 1256 1879 1333">
     <span class='ocr_line' id='line_1_14' title="bbox 299 1256 1879 1333; baseline 0.004 -23"><span class='ocrx_word' id='word_1_84' title='bbox 299 1258 382 1310; x_wconf 86' lang='grc' dir='ltr'><strong>δτι</strong></span> <span class='ocrx_word' id='word_1_85' title='bbox 404 1258 467 1309; x_wconf 82' lang='grc' dir='ltr'>ού</span> <span class='ocrx_word' id='word_1_86' title='bbox 504 1259 627 1310; x_wconf 72' lang='grc' dir='ltr'>κατ’</span> <span class='ocrx_word' id='word_1_87' title='bbox 661 1256 906 1321; x_wconf 72' lang='grc' dir='ltr'><strong>ἐξουσίαν</strong></span> <span class='ocrx_word' id='word_1_88' title='bbox 948 1258 1069 1311; x_wconf 90' lang='grc' dir='ltr'><strong>τινά</strong></span> <span class='ocrx_word' id='word_1_89' title='bbox 1131 1259 1266 1331; x_wconf 78' lang='grc' dir='ltr'>πρὸς</span> <span class='ocrx_word' id='word_1_90' title='bbox 1303 1261 1362 1312; x_wconf 82' lang='grc' dir='ltr'><strong>τὸ</strong></span> <span class='ocrx_word' id='word_1_91' title='bbox 1411 1260 1600 1315; x_wconf 80' lang='grc' dir='ltr'>δοκοῦν</span> <span class='ocrx_word' id='word_1_92' title='bbox 1633 1264 1681 1315; x_wconf 86' lang='grc' dir='ltr'><strong>οί</strong></span> <span class='ocrx_word' id='word_1_93' title='bbox 1720 1280 1879 1333; x_wconf 83' lang='grc' dir='ltr'>ποιη-</span> 
     </span>
    </p>
   </div>
   <div class='ocr_carea' id='block_1_15' title="bbox 295 1347 1876 1424">
    <p class='ocr_par' dir='ltr' id='par_1_15' title="bbox 295 1347 1876 1424">
     <span class='ocr_line' id='line_1_15' title="bbox 295 1347 1876 1424; baseline 0.003 -24"><span class='ocrx_word' id='word_1_94' title='bbox 295 1350 391 1401; x_wconf 69' lang='grc' dir='ltr'>ταὶ</span> <span class='ocrx_word' id='word_1_95' title='bbox 416 1347 799 1419; x_wconf 77' lang='grc' dir='ltr'><strong>διεξέρχονται,</strong></span> <span class='ocrx_word' id='word_1_96' title='bbox 851 1348 984 1401; x_wconf 82' lang='grc' dir='ltr'><strong>ἀλλά</strong></span> <span class='ocrx_word' id='word_1_97' title='bbox 1027 1352 1157 1419; x_wconf 71' lang='grc' dir='ltr'>παρ’</span> <span class='ocrx_word' id='word_1_98' title='bbox 1184 1350 1347 1403; x_wconf 81' lang='grc' dir='ltr'>αὑτοῦ</span> <span class='ocrx_word' id='word_1_99' title='bbox 1383 1350 1476 1403; x_wconf 83' lang='grc' dir='ltr'>τοῦ</span> <span class='ocrx_word' id='word_1_100' title='bbox 1516 1351 1650 1405; x_wconf 83' lang='grc' dir='ltr'>Θεοῦ</span> <span class='ocrx_word' id='word_1_101' title='bbox 1680 1354 1747 1406; x_wconf 72' lang='grc' dir='ltr'>τὰ</span> <span class='ocrx_word' id='word_1_102' title='bbox 1783 1356 1876 1424; x_wconf 78' lang='grc' dir='ltr'><strong>ρή-</strong></span> 
     </span>
    </p>
   </div>
   <div class='ocr_carea' id='block_1_16' title="bbox 301 1439 1875 1515">
    <p class='ocr_par' dir='ltr' id='par_1_16' title="bbox 301 1439 1875 1515">
     <span class='ocr_line' id='line_1_16' title="bbox 301 1439 1875 1515; baseline 0.003 -23"><span class='ocrx_word' id='word_1_103' title='bbox 301 1457 449 1510; x_wconf 82' lang='grc' dir='ltr'>ματα</span> <span class='ocrx_word' id='word_1_104' title='bbox 501 1439 674 1493; x_wconf 78' lang='grc' dir='ltr'>ταῦτα</span> <span class='ocrx_word' id='word_1_105' title='bbox 734 1441 1249 1510; x_wconf 83' lang='grc' dir='ltr'>μυσταγωγούμενοι</span> <span class='ocrx_word' id='word_1_106' title='bbox 1307 1445 1418 1505; x_wconf 81' lang='grc' dir='ltr'>τοῖς</span> <span class='ocrx_word' id='word_1_107' title='bbox 1467 1443 1685 1515; x_wconf 80' lang='grc' dir='ltr'><strong>μέτροις</strong></span> <span class='ocrx_word' id='word_1_108' title='bbox 1735 1445 1875 1497; x_wconf 75' lang='grc' dir='ltr'>ἐνεί-</span> 
     </span>
    </p>
   </div>
   <div class='ocr_carea' id='block_1_17' title="bbox 301 1527 1877 1609">
    <p class='ocr_par' dir='ltr' id='par_1_17' title="bbox 301 1527 1877 1609">
     <span class='ocr_line' id='line_1_17' title="bbox 301 1527 1877 1609; baseline 0.005 -26"><span class='ocrx_word' id='word_1_109' title='bbox 301 1548 476 1609; x_wconf 85' lang='grc' dir='ltr'>ρουσι.</span> <span class='ocrx_word' id='word_1_110' title='bbox 508 1531 793 1600; x_wconf 85' lang='grc' dir='ltr'>Παρείσθω</span> <span class='ocrx_word' id='word_1_111' title='bbox 826 1532 918 1585; x_wconf 75' lang='grc' dir='ltr'><strong>καὶ</strong></span> <span class='ocrx_word' id='word_1_112' title='bbox 948 1533 1140 1598; x_wconf 81' lang='grc' dir='ltr'>ταῦτα,</span> <span class='ocrx_word' id='word_1_113' title='bbox 1172 1533 1266 1587; x_wconf 77' lang='grc' dir='ltr'>καὶ</span> <span class='ocrx_word' id='word_1_114' title='bbox 1296 1533 1357 1586; x_wconf 85' lang='grc' dir='ltr'><strong>τὸ</strong></span> <span class='ocrx_word' id='word_1_115' title='bbox 1388 1534 1548 1604; x_wconf 78' lang='grc' dir='ltr'>σοφὸν</span> <span class='ocrx_word' id='word_1_116' title='bbox 1581 1527 1762 1589; x_wconf 77' lang='grc' dir='ltr'>ἐκεῖνό</span> <span class='ocrx_word' id='word_1_117' title='bbox 1785 1539 1877 1591; x_wconf 70' lang='grc' dir='ltr'><strong>καὶ</strong></span> 
     </span>
    </p>
   </div>
   <div class='ocr_carea' id='block_1_18' title="bbox 297 1620 1873 1699">
    <p class='ocr_par' dir='ltr' id='par_1_18' title="bbox 297 1620 1873 1699">
     <span class='ocr_line' id='line_1_18' title="bbox 297 1620 1873 1699; baseline 0.004 -26"><span class='ocrx_word' id='word_1_118' title='bbox 297 1620 508 1691; x_wconf 74' lang='grc' dir='ltr'>ἄμαχον</span> <span class='ocrx_word' id='word_1_119' title='bbox 532 1621 885 1692; x_wconf 75' lang='grc' dir='ltr'>ἐπιχείρημα,</span> <span class='ocrx_word' id='word_1_120' title='bbox 919 1622 980 1675; x_wconf 84' lang='grc' dir='ltr'><strong>τὸ</strong></span> <span class='ocrx_word' id='word_1_121' title='bbox 1018 1624 1143 1687; x_wconf 68' lang='grc' dir='ltr'>τοὺς</span> <span class='ocrx_word' id='word_1_122' title='bbox 1178 1624 1365 1691; x_wconf 78' lang='grc' dir='ltr'>ἁγίους</span> <span class='ocrx_word' id='word_1_123' title='bbox 1399 1624 1508 1677; x_wconf 83' lang='grc' dir='ltr'>τῶν</span> <span class='ocrx_word' id='word_1_124' title='bbox 1541 1625 1748 1699; x_wconf 83' lang='grc' dir='ltr'>ἀνδρῶν</span> <span class='ocrx_word' id='word_1_125' title='bbox 1799 1628 1873 1698; x_wconf 82' lang='grc' dir='ltr'>μὴ</span> 
     </span>
    </p>
   </div>
   <div class='ocr_carea' id='block_1_19' title="bbox 295 1713 1875 1788">
    <p class='ocr_par' dir='ltr' id='par_1_19' title="bbox 295 1713 1875 1788">
     <span class='ocr_line' id='line_1_19' title="bbox 295 1713 1875 1788; baseline 0.004 -23"><span class='ocrx_word' id='word_1_126' title='bbox 295 1713 441 1783; x_wconf 77' lang='grc' dir='ltr'>ἔχειν</span> <span class='ocrx_word' id='word_1_127' title='bbox 470 1715 616 1785; x_wconf 75' lang='grc' dir='ltr'>ἡμᾶς</span> <span class='ocrx_word' id='word_1_128' title='bbox 640 1713 1002 1767; x_wconf 81' lang='grc' dir='ltr'>ὲπιδεικνῦναι</span> <span class='ocrx_word' id='word_1_129' title='bbox 1029 1715 1127 1785; x_wconf 75' lang='grc' dir='ltr'>τὴν</span> <span class='ocrx_word' id='word_1_130' title='bbox 1168 1716 1443 1786; x_wconf 79' lang='grc' dir='ltr'>γραφικὴν</span> <span class='ocrx_word' id='word_1_131' title='bbox 1474 1717 1729 1788; x_wconf 72' lang='grc' dir='ltr'>ἱστορίαν,</span> <span class='ocrx_word' id='word_1_132' title='bbox 1754 1734 1875 1771; x_wconf 88' lang='grc' dir='ltr'>και-</span> 
     </span>
    </p>
   </div>
   <div class='ocr_carea' id='block_1_20' title="bbox 1985 534 3557 613">
    <p class='ocr_par' dir='ltr' id='par_1_20' title="bbox 1985 534 3557 613">
     <span class='ocr_line' id='line_1_20' title="bbox 1985 534 3557 613; baseline 0.006 -26"><span class='ocrx_word' id='word_1_133' title='bbox 1985 534 2319 602; x_wconf 74' lang='lat' dir='ltr'><strong>opinionibus</strong></span> <span class='ocrx_word' id='word_1_134' title='bbox 2352 534 2415 589; x_wconf 87' lang='lat' dir='ltr'><strong>de</strong></span> <span class='ocrx_word' id='word_1_135' title='bbox 2443 534 2573 589; x_wconf 84' lang='lat' dir='ltr'><strong>Deo.</strong></span> <span class='ocrx_word' id='word_1_136' title='bbox 2614 535 2804 602; x_wconf 81' lang='lat' dir='ltr'><strong>Qualia</strong></span> <span class='ocrx_word' id='word_1_137' title='bbox 2836 536 2945 593; x_wconf 87' lang='lat' dir='ltr'><strong>Deo</strong></span> <span class='ocrx_word' id='word_1_138' title='bbox 2984 539 3073 593; x_wconf 91' lang='lat' dir='ltr'><strong>hic</strong></span> <span class='ocrx_word' id='word_1_139' title='bbox 3103 556 3403 610; x_wconf 85' lang='lat' dir='ltr'><strong>generosus</strong></span> <span class='ocrx_word' id='word_1_140' title='bbox 3432 558 3557 613; x_wconf 58' lang='lat' dir='ltr'><strong>gra»</strong></span> 
     </span>
    </p>
   </div>
   <div class='ocr_carea' id='block_1_21' title="bbox 1984 626 3559 704">
    <p class='ocr_par' dir='ltr' id='par_1_21' title="bbox 1984 626 3559 704">
     <span class='ocr_line' id='line_1_21' title="bbox 1984 626 3559 704; baseline 0.006 -26"><span class='ocrx_word' id='word_1_141' title='bbox 1984 626 2247 690; x_wconf 86' lang='lat' dir='ltr'><strong>tificatur,</strong></span> <span class='ocrx_word' id='word_1_142' title='bbox 2271 628 2509 697; x_wconf 89' lang='lat' dir='ltr'><strong>poclices</strong></span> <span class='ocrx_word' id='word_1_143' title='bbox 2545 627 2817 686; x_wconf 76' lang='lat' dir='ltr'><strong>facultatis</strong></span> <span class='ocrx_word' id='word_1_144' title='bbox 2851 631 3070 687; x_wconf 89' lang='lat' dir='ltr'><strong>inventa</strong></span> <span class='ocrx_word' id='word_1_145' title='bbox 3104 632 3216 688; x_wconf 90' lang='lat' dir='ltr'><strong>Deo</strong></span> <span class='ocrx_word' id='word_1_146' title='bbox 3246 634 3559 704; x_wconf 77' lang='lat' dir='ltr'><strong>adaptatis?</strong></span> 
     </span>
    </p>
   </div>
   <div class='ocr_carea' id='block_1_22' title="bbox 1997 714 3559 793">
    <p class='ocr_par' dir='ltr' id='par_1_22' title="bbox 1997 714 3559 793">
     <span class='ocr_line' id='line_1_22' title="bbox 1997 714 3559 793; baseline 0.006 -25"><span class='ocrx_word' id='word_1_147' title='bbox 1997 714 2075 769; x_wconf 88' lang='lat' dir='ltr'><strong>ita</strong></span> <span class='ocrx_word' id='word_1_148' title='bbox 2112 724 2169 771; x_wconf 93' lang='lat' dir='ltr'><strong>ut</strong></span> <span class='ocrx_word' id='word_1_149' title='bbox 2200 734 2295 788; x_wconf 91' lang='lat' dir='ltr'><strong>per</strong></span> <span class='ocrx_word' id='word_1_150' title='bbox 2340 719 2444 773; x_wconf 89' lang='lat' dir='ltr'><strong>hoc</strong></span> <span class='ocrx_word' id='word_1_151' title='bbox 2490 719 2801 777; x_wconf 84' lang='lat' dir='ltr'><strong>hominibus</strong></span> <span class='ocrx_word' id='word_1_152' title='bbox 2851 725 3138 793; x_wconf 81' lang='lat' dir='ltr'><strong>augustior</strong></span> <span class='ocrx_word' id='word_1_153' title='bbox 3182 734 3238 778; x_wconf 91' lang='lat' dir='ltr'><strong>et</strong></span> <span class='ocrx_word' id='word_1_154' title='bbox 3287 727 3559 780; x_wconf 77' lang='lat' dir='ltr'><strong>excelsior</strong></span> 
     </span>
    </p>
   </div>
   <div class='ocr_carea' id='block_1_23' title="bbox 1986 804 3554 886">
    <p class='ocr_par' dir='ltr' id='par_1_23' title="bbox 1986 804 3554 886">
     <span class='ocr_line' id='line_1_23' title="bbox 1986 804 3554 886; baseline 0.005 -25"><span class='ocrx_word' id='word_1_155' title='bbox 1986 804 2128 863; x_wconf 78' lang='lat' dir='ltr'><strong>Deus</strong></span> <span class='ocrx_word' id='word_1_156' title='bbox 2157 823 2277 864; x_wconf 89' lang='lat' dir='ltr'><strong>esse</strong></span> <span class='ocrx_word' id='word_1_157' title='bbox 2306 809 2577 875; x_wconf 87' lang='lat' dir='ltr'><strong>videatur,</strong></span> <span class='ocrx_word' id='word_1_158' title='bbox 2600 826 2725 865; x_wconf 90' lang='lat' dir='ltr'><strong>cum</strong></span> <span class='ocrx_word' id='word_1_159' title='bbox 2756 813 2987 868; x_wconf 80' lang='lat' dir='ltr'><strong>credunt</strong></span> <span class='ocrx_word' id='word_1_160' title='bbox 3012 814 3264 868; x_wconf 87' lang='lat' dir='ltr'><strong>Eunomii</strong></span> <span class='ocrx_word' id='word_1_161' title='bbox 3298 816 3554 886; x_wconf 83' lang='lat' dir='ltr'><strong>discipuli</strong></span> 
     </span>
    </p>
   </div>
   <div class='ocr_carea' id='block_1_24' title="bbox 1982 898 3554 972">
    <p class='ocr_par' dir='ltr' id='par_1_24' title="bbox 1982 898 3554 972">
     <span class='ocr_line' id='line_1_24' title="bbox 1982 898 3554 972; baseline 0.005 -19"><span class='ocrx_word' id='word_1_162' title='bbox 1982 898 2098 953; x_wconf 66' lang='lat' dir='ltr'><strong>haec</strong></span> <span class='ocrx_word' id='word_1_163' title='bbox 2142 902 2308 957; x_wconf 76' lang='lat' dir='ltr'><strong>verba</strong></span> <span class='ocrx_word' id='word_1_164' title='bbox 2366 901 2649 972; x_wconf 80' lang='lat' dir='ltr'><strong>Licripltis,</strong></span> <span class='ocrx_word' id='word_1_165' title='bbox 2695 912 2749 961; x_wconf 91' lang='lat' dir='ltr'><strong>et</strong></span> <span class='ocrx_word' id='word_1_166' title='bbox 2782 904 3100 970; x_wconf 79' lang='lat' dir='ltr'><strong>Kareltaire,</strong></span> <span class='ocrx_word' id='word_1_167' title='bbox 3147 914 3201 962; x_wconf 90' lang='lat' dir='ltr'><strong>ct</strong></span> <span class='ocrx_word' id='word_1_168' title='bbox 3250 905 3461 971; x_wconf 79' lang='lat' dir='ltr'><strong>Eurax,</strong></span> <span class='ocrx_word' id='word_1_169' title='bbox 3500 916 3554 963; x_wconf 89' lang='lat' dir='ltr'><strong>et</strong></span> 
     </span>
    </p>
   </div>
   <div class='ocr_carea' id='block_1_25' title="bbox 1982 988 3555 1065">
    <p class='ocr_par' dir='ltr' id='par_1_25' title="bbox 1982 988 3555 1065">
     <span class='ocr_line' id='line_1_25' title="bbox 1982 988 3555 1065; baseline 0.006 -24"><span class='ocrx_word' id='word_1_170' title='bbox 1982 988 2253 1056; x_wconf 68' lang='lat' dir='ltr'><strong>Hec/uere,</strong></span> <span class='ocrx_word' id='word_1_171' title='bbox 2275 1001 2329 1047; x_wconf 89' lang='lat' dir='ltr'><strong>et</strong></span> <span class='ocrx_word' id='word_1_172' title='bbox 2358 992 2653 1059; x_wconf 82' lang='lat' dir='ltr'><strong>Phocheiri,</strong></span> <span class='ocrx_word' id='word_1_173' title='bbox 2677 1006 2731 1051; x_wconf 87' lang='lat' dir='ltr'><strong>et</strong></span> <span class='ocrx_word' id='word_1_174' title='bbox 2761 994 2900 1059; x_wconf 77' lang='lat' dir='ltr'><strong>Size,</strong></span> <span class='ocrx_word' id='word_1_175' title='bbox 2938 1004 2992 1050; x_wconf 90' lang='lat' dir='ltr'><strong>ct</strong></span> <span class='ocrx_word' id='word_1_176' title='bbox 3022 994 3271 1065; x_wconf 79' lang='lat' dir='ltr'><strong>Doupese,</strong></span> <span class='ocrx_word' id='word_1_177' title='bbox 3296 1006 3350 1052; x_wconf 87' lang='lat' dir='ltr'><strong>et</strong></span> <span class='ocrx_word' id='word_1_178' title='bbox 3377 1001 3555 1051; x_wconf 75' lang='lat' dir='ltr'><strong>Karta-</strong></span> 
     </span>
    </p>
   </div>
   <div class='ocr_carea' id='block_1_26' title="bbox 1981 1081 3551 1156">
    <p class='ocr_par' dir='ltr' id='par_1_26' title="bbox 1981 1081 3551 1156">
     <span class='ocr_line' id='line_1_26' title="bbox 1981 1081 3551 1156; baseline 0.006 -23"><span class='ocrx_word' id='word_1_179' title='bbox 1981 1081 2146 1146; x_wconf 81' lang='lat' dir='ltr'><strong>cltize,</strong></span> <span class='ocrx_word' id='word_1_180' title='bbox 2164 1094 2217 1138; x_wconf 91' lang='lat' dir='ltr'><strong>et</strong></span> <span class='ocrx_word' id='word_1_181' title='bbox 2236 1082 2517 1140; x_wconf 81' lang='lat' dir='ltr'><strong>Intonuere</strong></span> <span class='ocrx_word' id='word_1_182' title='bbox 2530 1087 2721 1156; x_wconf 85' lang='lat' dir='ltr'><strong>poli,et</strong></span> <span class='ocrx_word' id='word_1_183' title='bbox 2734 1082 2947 1141; x_wconf 80' lang='lat' dir='ltr'><strong>Crebris</strong></span> <span class='ocrx_word' id='word_1_184' title='bbox 2966 1087 3126 1141; x_wconf 84' lang='lat' dir='ltr'><strong>micat</strong></span> <span class='ocrx_word' id='word_1_185' title='bbox 3150 1088 3353 1151; x_wconf 72' lang='lat' dir='ltr'><strong>ignibus</strong></span> <span class='ocrx_word' id='word_1_186' title='bbox 3368 1092 3551 1156; x_wconf 70' lang='lat' dir='ltr'><strong>totiter,</strong></span> 
     </span>
    </p>
   </div>
   <div class='ocr_carea' id='block_1_27' title="bbox 1980 1170 3554 1250">
    <p class='ocr_par' dir='ltr' id='par_1_27' title="bbox 1980 1170 3554 1250">
     <span class='ocr_line' id='line_1_27' title="bbox 1980 1170 3554 1250; baseline 0.004 -21"><span class='ocrx_word' id='word_1_187' title='bbox 1980 1182 2034 1229; x_wconf 93' lang='lat' dir='ltr'><strong>et</strong></span> <span class='ocrx_word' id='word_1_188' title='bbox 2064 1170 2249 1241; x_wconf 72' lang='lat' dir='ltr'><strong>Linxe,</strong></span> <span class='ocrx_word' id='word_1_189' title='bbox 2274 1184 2328 1232; x_wconf 88' lang='lat' dir='ltr'><strong>et</strong></span> <span class='ocrx_word' id='word_1_190' title='bbox 2358 1175 2532 1244; x_wconf 83' lang='lat' dir='ltr'><strong>lsche,</strong></span> <span class='ocrx_word' id='word_1_191' title='bbox 2571 1188 2623 1233; x_wconf 89' lang='lat' dir='ltr'><strong>et</strong></span> <span class='ocrx_word' id='word_1_192' title='bbox 2666 1178 2770 1231; x_wconf 87' lang='lat' dir='ltr'><strong>alia</strong></span> <span class='ocrx_word' id='word_1_193' title='bbox 2820 1178 3087 1247; x_wconf 85' lang='lat' dir='ltr'><strong>ejusmodi</strong></span> <span class='ocrx_word' id='word_1_194' title='bbox 3131 1189 3413 1250; x_wconf 86' lang='lat' dir='ltr'><strong>poetarum</strong></span> <span class='ocrx_word' id='word_1_195' title='bbox 3457 1182 3554 1250; x_wconf 70' lang='lat' dir='ltr'><strong>fig-</strong></span> 
     </span>
    </p>
   </div>
   <div class='ocr_carea' id='block_1_28' title="bbox 1978 1268 3552 1339">
    <p class='ocr_par' dir='ltr' id='par_1_28' title="bbox 1978 1268 3552 1339">
     <span class='ocr_line' id='line_1_28' title="bbox 1978 1268 3552 1339; baseline 0.004 -22"><span class='ocrx_word' id='word_1_196' title='bbox 1978 1273 2197 1334; x_wconf 88' lang='lat' dir='ltr'><strong>menta;</strong></span> <span class='ocrx_word' id='word_1_197' title='bbox 2231 1268 2376 1334; x_wconf 84' lang='lat' dir='ltr'><strong>quod</strong></span> <span class='ocrx_word' id='word_1_198' title='bbox 2411 1284 2519 1323; x_wconf 90' lang='lat' dir='ltr'><strong>non</strong></span> <span class='ocrx_word' id='word_1_199' title='bbox 2568 1284 2661 1338; x_wconf 83' lang='lat' dir='ltr'><strong>per</strong></span> <span class='ocrx_word' id='word_1_200' title='bbox 2696 1268 2972 1322; x_wconf 74' lang='lat' dir='ltr'><strong>licentiam</strong></span> <span class='ocrx_word' id='word_1_201' title='bbox 3010 1268 3245 1339; x_wconf 86' lang='lat' dir='ltr'><strong>aliquam</strong></span> <span class='ocrx_word' id='word_1_202' title='bbox 3291 1271 3356 1323; x_wconf 88' lang='lat' dir='ltr'><strong>ad</strong></span> <span class='ocrx_word' id='word_1_203' title='bbox 3406 1271 3552 1325; x_wconf 86' lang='lat' dir='ltr'><strong>arbi-</strong></span> 
     </span>
    </p>
   </div>
   <div class='ocr_carea' id='block_1_29' title="bbox 1979 1354 3549 1430">
    <p class='ocr_par' dir='ltr' id='par_1_29' title="bbox 1979 1354 3549 1430">
     <span class='ocr_line' id='line_1_29' title="bbox 1979 1354 3549 1430; baseline 0.006 -23"><span class='ocrx_word' id='word_1_204' title='bbox 1979 1354 2142 1409; x_wconf 83' lang='lat' dir='ltr'><strong>trium</strong></span> <span class='ocrx_word' id='word_1_205' title='bbox 2184 1368 2357 1426; x_wconf 77' lang='lat' dir='ltr'><strong>poetze</strong></span> <span class='ocrx_word' id='word_1_206' title='bbox 2401 1368 2821 1429; x_wconf 88' lang='lat' dir='ltr'><strong>persequuntur,</strong></span> <span class='ocrx_word' id='word_1_207' title='bbox 2871 1360 3076 1414; x_wconf 85' lang='lat' dir='ltr'><strong>sedab</strong></span> <span class='ocrx_word' id='word_1_208' title='bbox 3131 1361 3249 1430; x_wconf 88' lang='lat' dir='ltr'><strong>ipso</strong></span> <span class='ocrx_word' id='word_1_209' title='bbox 3292 1360 3400 1415; x_wconf 87' lang='lat' dir='ltr'><strong>Deo</strong></span> <span class='ocrx_word' id='word_1_210' title='bbox 3436 1362 3549 1417; x_wconf 80' lang='lat' dir='ltr'><strong>lucc</strong></span> 
     </span>
    </p>
   </div>
   <div class='ocr_carea' id='block_1_30' title="bbox 1978 1446 3546 1518">
    <p class='ocr_par' dir='ltr' id='par_1_30' title="bbox 1978 1446 3546 1518">
     <span class='ocr_line' id='line_1_30' title="bbox 1978 1446 3546 1518; baseline 0.004 -20"><span class='ocrx_word' id='word_1_211' title='bbox 1978 1446 2144 1501; x_wconf 86' lang='lat' dir='ltr'><strong>verba</strong></span> <span class='ocrx_word' id='word_1_212' title='bbox 2178 1450 2405 1518; x_wconf 81' lang='lat' dir='ltr'><strong>mystice</strong></span> <span class='ocrx_word' id='word_1_213' title='bbox 2450 1450 2627 1504; x_wconf 90' lang='lat' dir='ltr'><strong>edocti</strong></span> <span class='ocrx_word' id='word_1_214' title='bbox 2680 1452 2927 1505; x_wconf 76' lang='lat' dir='ltr'><strong>versibus</strong></span> <span class='ocrx_word' id='word_1_215' title='bbox 2967 1452 3083 1506; x_wconf 83' lang='lat' dir='ltr'><strong>suis</strong></span> <span class='ocrx_word' id='word_1_216' title='bbox 3128 1452 3397 1505; x_wconf 80' lang='lat' dir='ltr'><strong>inserunt.</strong></span> <span class='ocrx_word' id='word_1_217' title='bbox 3442 1451 3546 1505; x_wconf 83' lang='lat' dir='ltr'><strong>Sed</strong></span> 
     </span>
    </p>
   </div>
   <div class='ocr_carea' id='block_1_31' title="bbox 1976 1536 3547 1610">
    <p class='ocr_par' dir='ltr' id='par_1_31' title="bbox 1976 1536 3547 1610">
     <span class='ocr_line' id='line_1_31' title="bbox 1976 1536 3547 1610; baseline 0.002 -20"><span class='ocrx_word' id='word_1_218' title='bbox 1976 1542 2031 1590; x_wconf 86' lang='lat' dir='ltr'><strong>et</strong></span> <span class='ocrx_word' id='word_1_219' title='bbox 2057 1536 2171 1591; x_wconf 76' lang='lat' dir='ltr'><strong>inec</strong></span> <span class='ocrx_word' id='word_1_220' title='bbox 2204 1541 2709 1608; x_wconf 70' lang='lat' dir='ltr'><strong>prietermittantur,</strong></span> <span class='ocrx_word' id='word_1_221' title='bbox 2744 1550 2798 1595; x_wconf 87' lang='lat' dir='ltr'><strong>et</strong></span> <span class='ocrx_word' id='word_1_222' title='bbox 2824 1540 3043 1595; x_wconf 86' lang='lat' dir='ltr'><strong>doctum</strong></span> <span class='ocrx_word' id='word_1_223' title='bbox 3074 1540 3203 1593; x_wconf 91' lang='lat' dir='ltr'><strong>illud</strong></span> <span class='ocrx_word' id='word_1_224' title='bbox 3229 1550 3282 1593; x_wconf 86' lang='lat' dir='ltr'><strong>el</strong></span> <span class='ocrx_word' id='word_1_225' title='bbox 3318 1542 3547 1610; x_wconf 79' lang='lat' dir='ltr'><strong>inexpu-</strong></span> 
     </span>
    </p>
   </div>
   <div class='ocr_carea' id='block_1_32' title="bbox 1977 1627 3549 1700">
    <p class='ocr_par' dir='ltr' id='par_1_32' title="bbox 1977 1627 3549 1700">
     <span class='ocr_line' id='line_1_32' title="bbox 1977 1627 3549 1700; baseline 0.005 -21"><span class='ocrx_word' id='word_1_226' title='bbox 1977 1627 2193 1696; x_wconf 83' lang='lat' dir='ltr'><strong>gnabile</strong></span> <span class='ocrx_word' id='word_1_227' title='bbox 2250 1630 2593 1700; x_wconf 84' lang='lat' dir='ltr'><strong>epichercma</strong></span> <span class='ocrx_word' id='word_1_228' title='bbox 2645 1647 2745 1686; x_wconf 93' lang='lat' dir='ltr'><strong>nos</strong></span> <span class='ocrx_word' id='word_1_229' title='bbox 2798 1646 2907 1685; x_wconf 91' lang='lat' dir='ltr'><strong>non</strong></span> <span class='ocrx_word' id='word_1_230' title='bbox 2958 1646 3118 1700; x_wconf 84' lang='lat' dir='ltr'><strong>posse</strong></span> <span class='ocrx_word' id='word_1_231' title='bbox 3172 1632 3549 1687; x_wconf 83' lang='lat' dir='ltr'><strong>demonstrare</strong></span> 
     </span>
    </p>
   </div>
   <div class='ocr_carea' id='block_1_33' title="bbox 1975 1720 3548 1789">
    <p class='ocr_par' dir='ltr' id='par_1_33' title="bbox 1975 1720 3548 1789">
     <span class='ocr_line' id='line_1_33' title="bbox 1975 1720 3548 1789; baseline -0.001 -13"><span class='ocrx_word' id='word_1_232' title='bbox 1975 1735 2041 1777; x_wconf 78' lang='lat' dir='ltr'><strong>ex</strong></span> <span class='ocrx_word' id='word_1_233' title='bbox 2075 1720 2279 1789; x_wconf 90' lang='lat' dir='ltr'><strong>scripta</strong></span> <span class='ocrx_word' id='word_1_234' title='bbox 2307 1722 2552 1787; x_wconf 83' lang='lat' dir='ltr'><strong>historia,</strong></span> <span class='ocrx_word' id='word_1_235' title='bbox 2585 1732 2807 1777; x_wconf 78' lang='lat' dir='ltr'><strong>sanctos</strong></span> <span class='ocrx_word' id='word_1_236' title='bbox 2836 1724 2982 1778; x_wconf 91' lang='lat' dir='ltr'><strong>viros</strong></span> <span class='ocrx_word' id='word_1_237' title='bbox 3013 1739 3180 1778; x_wconf 83' lang='lat' dir='ltr'><strong>noras</strong></span> <span class='ocrx_word' id='word_1_238' title='bbox 3203 1738 3364 1777; x_wconf 67' lang='lat' dir='ltr'><strong>Voces</strong></span> <span class='ocrx_word' id='word_1_239' title='bbox 3386 1740 3548 1776; x_wconf 71' lang='lat' dir='ltr'><strong>exco-</strong></span> 
     </span>
    </p>
   </div>
   <div class='ocr_carea' id='block_1_34' title="bbox 294 1804 1864 1883">
    <p class='ocr_par' dir='ltr' id='par_1_34' title="bbox 294 1804 1864 1880">
     <span class='ocr_line' id='line_1_34' title="bbox 294 1804 1864 1880; baseline 0.003 -22"><span class='ocrx_word' id='word_1_240' title='bbox 294 1804 394 1871; x_wconf 80' lang='grc' dir='ltr'><strong>νάς</strong></span> <span class='ocrx_word' id='word_1_241' title='bbox 419 1805 809 1876; x_wconf 80' lang='grc' dir='ltr'>ἐπεξευρόντας</span> <span class='ocrx_word' id='word_1_242' title='bbox 837 1806 1038 1875; x_wconf 82' lang='grc' dir='ltr'>φωνάς.</span> <span class='ocrx_word' id='word_1_243' title='bbox 1074 1806 1135 1859; x_wconf 77' lang='lat' dir='ltr'><strong>Ei</strong></span> <span class='ocrx_word' id='word_1_244' title='bbox 1173 1807 1271 1876; x_wconf 84' lang='grc' dir='ltr'><strong>μὲν</strong></span> <span class='ocrx_word' id='word_1_245' title='bbox 1299 1806 1407 1879; x_wconf 82' lang='grc' dir='ltr'><strong>γὰρ</strong></span> <span class='ocrx_word' id='word_1_246' title='bbox 1436 1808 1642 1879; x_wconf 42' lang='grc' dir='ltr'>,ἀτελὴς</span> <span class='ocrx_word' id='word_1_247' title='bbox 1679 1804 1748 1880; x_wconf 77' lang='grc' dir='ltr'>ἦν</span> <span class='ocrx_word' id='word_1_248' title='bbox 1771 1810 1864 1879; x_wconf 88' lang='grc' dir='ltr'>μέ-</span> 
     </span>
    </p>
   </div>
   <div class='ocr_carea' id='block_1_35' title="bbox 1964 1804 3543 1883">
    <p class='ocr_par' dir='ltr' id='par_1_35' title="bbox 1974 1811 3543 1883">
     <span class='ocr_line' id='line_1_35' title="bbox 1974 1811 3543 1883; baseline 0.003 -21"><span class='ocrx_word' id='word_1_249' title='bbox 1974 1812 2194 1879; x_wconf 82' lang='lat' dir='ltr'><strong>gitasse.</strong></span> <span class='ocrx_word' id='word_1_250' title='bbox 2235 1811 2291 1864; x_wconf 87' lang='lat' dir='ltr'><strong>Si</strong></span> <span class='ocrx_word' id='word_1_251' title='bbox 2328 1813 2471 1867; x_wconf 90' lang='lat' dir='ltr'><strong>enim</strong></span> <span class='ocrx_word' id='word_1_252' title='bbox 2512 1814 2830 1883; x_wconf 86' lang='lat' dir='ltr'><strong>imperfecta</strong></span> <span class='ocrx_word' id='word_1_253' title='bbox 2878 1823 2997 1869; x_wconf 85' lang='lat' dir='ltr'><strong>erat</strong></span> <span class='ocrx_word' id='word_1_254' title='bbox 3034 1832 3207 1883; x_wconf 87' lang='lat' dir='ltr'><strong>usque</strong></span> <span class='ocrx_word' id='word_1_255' title='bbox 3260 1816 3326 1868; x_wconf 88' lang='lat' dir='ltr'><strong>ad</strong></span> <span class='ocrx_word' id='word_1_256' title='bbox 3369 1815 3543 1868; x_wconf 82' lang='lat' dir='ltr'><strong>maui-</strong></span> 
     </span>
    </p>
   </div>
   <div class='ocr_carea' id='block_1_36' title="bbox 294 1897 1868 1973">
    <p class='ocr_par' dir='ltr' id='par_1_36' title="bbox 294 1897 1868 1973">
     <span class='ocr_line' id='line_1_36' title="bbox 294 1897 1868 1973; baseline 0.003 -24"><span class='ocrx_word' id='word_1_257' title='bbox 294 1915 388 1968; x_wconf 79' lang='grc' dir='ltr'>χρι</span> <span class='ocrx_word' id='word_1_258' title='bbox 410 1898 511 1969; x_wconf 79' lang='grc' dir='ltr'><strong>τῆς</strong></span> <span class='ocrx_word' id='word_1_259' title='bbox 536 1897 854 1965; x_wconf 78' lang='grc' dir='ltr'><strong>ἀναδείξεως</strong></span> <span class='ocrx_word' id='word_1_260' title='bbox 884 1898 989 1951; x_wconf 80' lang='grc' dir='ltr'>τῶν</span> <span class='ocrx_word' id='word_1_261' title='bbox 1020 1898 1228 1970; x_wconf 83' lang='grc' dir='ltr'>ἀνδρῶν</span> <span class='ocrx_word' id='word_1_262' title='bbox 1257 1898 1529 1971; x_wconf 78' lang='grc' dir='ltr'>ὲκείνωνή</span> <span class='ocrx_word' id='word_1_263' title='bbox 1558 1899 1868 1973; x_wconf 74' lang='grc' dir='ltr'><strong>ἀνθρωπίνη</strong></span> 
     </span>
    </p>
   </div>
   <div class='ocr_carea' id='block_1_37' title="bbox 294 1986 1867 2059">
    <p class='ocr_par' dir='ltr' id='par_1_37' title="bbox 294 1986 1867 2059">
     <span class='ocr_line' id='line_1_37' title="bbox 294 1986 1867 2059; baseline 0.001 -20"><span class='ocrx_word' id='word_1_264' title='bbox 294 1986 482 2056; x_wconf 79' lang='grc' dir='ltr'>φύσις,</span> <span class='ocrx_word' id='word_1_265' title='bbox 508 1987 604 2041; x_wconf 73' lang='grc' dir='ltr'>καὶ</span> <span class='ocrx_word' id='word_1_266' title='bbox 633 1986 785 2042; x_wconf 77' lang='grc' dir='ltr'>ούπω</span> <span class='ocrx_word' id='word_1_267' title='bbox 805 1991 869 2059; x_wconf 80' lang='grc' dir='ltr'>τῇ</span> <span class='ocrx_word' id='word_1_268' title='bbox 894 1992 1073 2059; x_wconf 67' lang='grc' dir='ltr'>χάριτι</span> <span class='ocrx_word' id='word_1_269' title='bbox 1101 1991 1166 2059; x_wconf 81' lang='grc' dir='ltr'>τῇ</span> <span class='ocrx_word' id='word_1_270' title='bbox 1199 1988 1390 2059; x_wconf 82' lang='grc' dir='ltr'>λογικῇ</span> <span class='ocrx_word' id='word_1_271' title='bbox 1410 2004 1470 2040; x_wconf 88' lang='grc' dir='ltr'><strong>συ</strong></span> <span class='ocrx_word' id='word_1_272' title='bbox 1480 1989 1697 2059; x_wconf 85' lang='grc' dir='ltr'>μπεπλή</span> <span class='ocrx_word' id='word_1_273' title='bbox 1706 2005 1867 2058; x_wconf 86' lang='grc' dir='ltr'>ρωτο,</span> 
     </span>
    </p>
   </div>
   <div class='ocr_carea' id='block_1_38' title="bbox 291 2076 1870 2151">
    <p class='ocr_par' dir='ltr' id='par_1_38' title="bbox 291 2076 1870 2151">
     <span class='ocr_line' id='line_1_38' title="bbox 291 2076 1870 2151; baseline 0.001 -22"><span class='ocrx_word' id='word_1_274' title='bbox 291 2076 477 2141; x_wconf 81' lang='grc' dir='ltr'>καλῶς</span> <span class='ocrx_word' id='word_1_275' title='bbox 503 2078 608 2131; x_wconf 81' lang='grc' dir='ltr'>ἔδει</span> <span class='ocrx_word' id='word_1_276' title='bbox 632 2080 760 2149; x_wconf 86' lang='grc' dir='ltr'>παρ’</span> <span class='ocrx_word' id='word_1_277' title='bbox 790 2078 965 2132; x_wconf 84' lang='grc' dir='ltr'>αὑτῶν</span> <span class='ocrx_word' id='word_1_278' title='bbox 993 2079 1366 2150; x_wconf 77' lang='grc' dir='ltr'>ὲπιζητεῖσθαι</span> <span class='ocrx_word' id='word_1_279' title='bbox 1401 2078 1497 2151; x_wconf 81' lang='grc' dir='ltr'>τὴν</span> <span class='ocrx_word' id='word_1_280' title='bbox 1534 2077 1626 2132; x_wconf 77' lang='grc' dir='ltr'>τοῦ</span> <span class='ocrx_word' id='word_1_281' title='bbox 1661 2078 1870 2132; x_wconf 80' lang='grc' dir='ltr'>λείπον-</span> 
     </span>
    </p>
   </div>
   <div class='ocr_carea' id='block_1_39' title="bbox 288 2168 1871 2249">
    <p class='ocr_par' dir='ltr' id='par_1_39' title="bbox 288 2168 1871 2249">
     <span class='ocr_line' id='line_1_39' title="bbox 288 2168 1871 2249; baseline 0.001 -29"><span class='ocrx_word' id='word_1_282' title='bbox 288 2185 382 2236; x_wconf 80' lang='grc' dir='ltr'><strong>τος</strong></span> <span class='ocrx_word' id='word_1_283' title='bbox 419 2168 720 2240; x_wconf 75' lang='grc' dir='ltr'>πλήρωσιν.</span> <span class='ocrx_word' id='word_1_284' title='bbox 760 2170 822 2223; x_wconf 79' lang='grc' dir='ltr'><strong>Εἰ</strong></span> <span class='ocrx_word' id='word_1_285' title='bbox 849 2171 905 2223; x_wconf 79' lang='grc' dir='ltr'><strong>δὲ</strong></span> <span class='ocrx_word' id='word_1_286' title='bbox 938 2170 1096 2235; x_wconf 78' lang='grc' dir='ltr'>εὐθὺς</span> <span class='ocrx_word' id='word_1_287' title='bbox 1129 2171 1279 2249; x_wconf 84' lang='grc' dir='ltr'><strong>παρά</strong></span> <span class='ocrx_word' id='word_1_288' title='bbox 1300 2170 1399 2241; x_wconf 76' lang='grc' dir='ltr'>τὴν</span> <span class='ocrx_word' id='word_1_289' title='bbox 1421 2169 1643 2240; x_wconf 80' lang='grc' dir='ltr'>πρώτην</span> <span class='ocrx_word' id='word_1_290' title='bbox 1667 2170 1871 2241; x_wconf 84' lang='grc' dir='ltr'>ἀπροσ-</span> 
     </span>
    </p>
   </div>
   <div class='ocr_carea' id='block_1_40' title="bbox 289 2254 1868 2331">
    <p class='ocr_par' dir='ltr' id='par_1_40' title="bbox 289 2254 1868 2331">
     <span class='ocr_line' id='line_1_40' title="bbox 289 2254 1868 2331; baseline 0 -20"><span class='ocrx_word' id='word_1_291' title='bbox 289 2257 417 2330; x_wconf 80' lang='grc' dir='ltr'>δεὴς</span> <span class='ocrx_word' id='word_1_292' title='bbox 449 2258 541 2311; x_wconf 77' lang='grc' dir='ltr'><strong>καὶ</strong></span> <span class='ocrx_word' id='word_1_293' title='bbox 564 2259 764 2322; x_wconf 87' lang='grc' dir='ltr'>τελεία,</span> <span class='ocrx_word' id='word_1_294' title='bbox 794 2260 934 2314; x_wconf 87' lang='grc' dir='ltr'><strong>κατά</strong></span> <span class='ocrx_word' id='word_1_295' title='bbox 960 2260 1059 2331; x_wconf 83' lang='grc' dir='ltr'>τὴν</span> <span class='ocrx_word' id='word_1_296' title='bbox 1075 2254 1299 2331; x_wconf 75' lang='grc' dir='ltr'>λογικήν</span> <span class='ocrx_word' id='word_1_297' title='bbox 1326 2277 1383 2312; x_wconf 89' lang='grc' dir='ltr'><strong>τε</strong></span> <span class='ocrx_word' id='word_1_298' title='bbox 1409 2261 1502 2313; x_wconf 63' lang='grc' dir='ltr'><strong>καὶ⁹</strong></span> <span class='ocrx_word' id='word_1_299' title='bbox 1526 2258 1868 2331; x_wconf 78' lang='grc' dir='ltr'>διανοητικὴν</span> 
     </span>
    </p>
   </div>
   <div class='ocr_carea' id='block_1_41' title="bbox 287 2350 1869 2423">
    <p class='ocr_par' dir='ltr' id='par_1_41' title="bbox 287 2350 1869 2423">
     <span class='ocr_line' id='line_1_41' title="bbox 287 2350 1869 2423; baseline 0.001 -20"><span class='ocrx_word' id='word_1_300' title='bbox 287 2351 570 2421; x_wconf 75' lang='grc' dir='ltr'>ἐνέργειαν</span> <span class='ocrx_word' id='word_1_301' title='bbox 599 2352 632 2423; x_wconf 85' lang='grc' dir='ltr'>ἠ</span> <span class='ocrx_word' id='word_1_302' title='bbox 664 2351 824 2419; x_wconf 81' lang='grc' dir='ltr'>φύσις</span> <span class='ocrx_word' id='word_1_303' title='bbox 876 2351 1107 2423; x_wconf 85' lang='grc' dir='ltr'><strong>ὑπέστη,</strong></span> <span class='ocrx_word' id='word_1_304' title='bbox 1150 2352 1265 2414; x_wconf 83' lang='grc' dir='ltr'>πῶς</span> <span class='ocrx_word' id='word_1_305' title='bbox 1305 2353 1371 2406; x_wconf 82' lang='grc' dir='ltr'><strong>ἀν</strong></span> <span class='ocrx_word' id='word_1_306' title='bbox 1419 2369 1504 2414; x_wconf 91' lang='grc' dir='ltr'><strong>τις</strong></span> <span class='ocrx_word' id='word_1_307' title='bbox 1531 2350 1610 2404; x_wconf 81' lang='grc' dir='ltr'>ἔτι</span> <span class='ocrx_word' id='word_1_308' title='bbox 1644 2351 1783 2404; x_wconf 78' lang='grc' dir='ltr'>κατὰ</span> <span class='ocrx_word' id='word_1_309' title='bbox 1808 2351 1869 2404; x_wconf 81' lang='grc' dir='ltr'><strong>τὸ</strong></span> 
     </span>
    </p>
   </div>
   <div class='ocr_carea' id='block_1_42' title="bbox 285 2442 1864 2516">
    <p class='ocr_par' dir='ltr' id='par_1_42' title="bbox 285 2442 1864 2516">
     <span class='ocr_line' id='line_1_42' title="bbox 285 2442 1864 2516; baseline 0.002 -21"><span class='ocrx_word' id='word_1_310' title='bbox 285 2442 509 2496; x_wconf 76' lang='grc' dir='ltr'>εὔκολον</span> <span class='ocrx_word' id='word_1_311' title='bbox 536 2444 819 2516; x_wconf 73' lang='grc' dir='ltr'>ὲπιζητοίη</span> <span class='ocrx_word' id='word_1_312' title='bbox 855 2444 991 2515; x_wconf 82' lang='grc' dir='ltr'>πρὸς</span> <span class='ocrx_word' id='word_1_313' title='bbox 1035 2444 1292 2497; x_wconf 80' lang='grc' dir='ltr'>σύστασιν</span> <span class='ocrx_word' id='word_1_314' title='bbox 1323 2443 1417 2498; x_wconf 79' lang='grc' dir='ltr'><strong>τοῦ</strong></span> <span class='ocrx_word' id='word_1_315' title='bbox 1452 2443 1588 2498; x_wconf 85' lang='grc' dir='ltr'><strong>κατὰ</strong></span> <span class='ocrx_word' id='word_1_316' title='bbox 1613 2444 1712 2514; x_wconf 83' lang='grc' dir='ltr'><strong>τὴν</strong></span> <span class='ocrx_word' id='word_1_317' title='bbox 1744 2444 1864 2498; x_wconf 77' lang='grc' dir='ltr'><strong>ἐπί-</strong></span> 
     </span>
    </p>
   </div>
   <div class='ocr_carea' id='block_1_43' title="bbox 284 2534 1867 2612">
    <p class='ocr_par' dir='ltr' id='par_1_43' title="bbox 284 2534 1867 2612">
     <span class='ocr_line' id='line_1_43' title="bbox 284 2534 1867 2612; baseline 0.003 -25"><span class='ocrx_word' id='word_1_318' title='bbox 284 2550 438 2588; x_wconf 88' lang='grc' dir='ltr'>νοιαν</span> <span class='ocrx_word' id='word_1_319' title='bbox 462 2534 644 2603; x_wconf 84' lang='grc' dir='ltr'>λόγου,</span> <span class='ocrx_word' id='word_1_320' title='bbox 682 2536 743 2588; x_wconf 81' lang='grc' dir='ltr'><strong>τὸ</strong></span> <span class='ocrx_word' id='word_1_321' title='bbox 779 2537 905 2599; x_wconf 73' lang='grc' dir='ltr'>τοὺς</span> <span class='ocrx_word' id='word_1_322' title='bbox 946 2535 1133 2605; x_wconf 78' lang='grc' dir='ltr'>ἁγίους</span> <span class='ocrx_word' id='word_1_323' title='bbox 1175 2536 1440 2608; x_wconf 80' lang='grc' dir='ltr'><strong>κατάρξαι</strong></span> <span class='ocrx_word' id='word_1_324' title='bbox 1475 2537 1725 2610; x_wconf 83' lang='grc' dir='ltr'>φωνῶνῆ</span> <span class='ocrx_word' id='word_1_325' title='bbox 1771 2543 1867 2612; x_wconf 81' lang='grc' dir='ltr'><strong>ρη-</strong></span> 
     </span>
    </p>
   </div>
   <div class='ocr_carea' id='block_1_44' title="bbox 287 2612 1864 2700">
    <p class='ocr_par' dir='ltr' id='par_1_44' title="bbox 287 2612 1864 2700">
     <span class='ocr_line' id='line_1_44' title="bbox 287 2612 1864 2700; baseline 0.004 -24"><span class='ocrx_word' id='word_1_326' title='bbox 287 2624 513 2694; x_wconf 84' lang='grc' dir='ltr'>μάτων;</span> <span class='ocrx_word' id='word_1_327' title='bbox 554 2626 624 2677; x_wconf 81' lang='grc' dir='ltr'><strong>Ἦ</strong></span> <span class='ocrx_word' id='word_1_328' title='bbox 650 2612 704 2678; x_wconf 66' lang='lat' dir='ltr'><strong>si</strong></span> <span class='ocrx_word' id='word_1_329' title='bbox 757 2625 831 2696; x_wconf 84' lang='grc' dir='ltr'>μὴ</span> <span class='ocrx_word' id='word_1_330' title='bbox 881 2626 1039 2679; x_wconf 82' lang='grc' dir='ltr'>τοῦτο</span> <span class='ocrx_word' id='word_1_331' title='bbox 1086 2625 1283 2696; x_wconf 77' lang='grc' dir='ltr'>ἔχομεν</span> <span class='ocrx_word' id='word_1_332' title='bbox 1333 2626 1629 2693; x_wconf 80' lang='grc' dir='ltr'>ἀποδεῖξαι,</span> <span class='ocrx_word' id='word_1_333' title='bbox 1674 2628 1864 2700; x_wconf 74' lang='grc' dir='ltr'>ἱκανὴν</span> 
     </span>
    </p>
   </div>
   <div class='ocr_carea' id='block_1_45' title="bbox 281 2714 1863 2795">
    <p class='ocr_par' dir='ltr' id='par_1_45' title="bbox 281 2714 1863 2795">
     <span class='ocr_line' id='line_1_45' title="bbox 281 2714 1863 2795; baseline 0.002 -26"><span class='ocrx_word' id='word_1_334' title='bbox 281 2715 468 2785; x_wconf 70' lang='grc' dir='ltr'>ἑαυτῷ</span> <span class='ocrx_word' id='word_1_335' title='bbox 502 2716 709 2789; x_wconf 71' lang='grc' dir='ltr'>κρίνειν</span> <span class='ocrx_word' id='word_1_336' title='bbox 750 2714 1022 2780; x_wconf 78' lang='grc' dir='ltr'>ἀπόδειξιν</span> <span class='ocrx_word' id='word_1_337' title='bbox 1051 2716 1143 2770; x_wconf 77' lang='grc' dir='ltr'><strong>τοῦ</strong></span> <span class='ocrx_word' id='word_1_338' title='bbox 1173 2718 1264 2770; x_wconf 72' lang='grc' dir='ltr'>τὸν</span> <span class='ocrx_word' id='word_1_339' title='bbox 1305 2717 1435 2771; x_wconf 80' lang='grc' dir='ltr'>Θεὸν</span> <span class='ocrx_word' id='word_1_340' title='bbox 1478 2720 1609 2788; x_wconf 84' lang='grc' dir='ltr'>ἡμῖν</span> <span class='ocrx_word' id='word_1_341' title='bbox 1641 2735 1863 2795; x_wconf 84' lang='grc' dir='ltr'>νενομο-</span> 
     </span>
    </p>
   </div>
   <div class='ocr_carea' id='block_1_46' title="bbox 282 2808 1755 2882">
    <p class='ocr_par' dir='ltr' id='par_1_46' title="bbox 282 2808 1755 2882">
     <span class='ocr_line' id='line_1_46' title="bbox 282 2808 1755 2882; baseline 0.003 -21"><span class='ocrx_word' id='word_1_342' title='bbox 282 2808 573 2880; x_wconf 78' lang='grc' dir='ltr'>θετηκέναι</span> <span class='ocrx_word' id='word_1_343' title='bbox 600 2810 696 2873; x_wconf 76' lang='grc' dir='ltr'>τὰς</span> <span class='ocrx_word' id='word_1_344' title='bbox 724 2809 937 2863; x_wconf 85' lang='grc' dir='ltr'>τοιάσδε</span> <span class='ocrx_word' id='word_1_345' title='bbox 970 2808 1238 2874; x_wconf 79' lang='grc' dir='ltr'>συλλαϐὰς</span> <span class='ocrx_word' id='word_1_346' title='bbox 1281 2810 1375 2865; x_wconf 75' lang='grc' dir='ltr'><strong>καὶ</strong></span> <span class='ocrx_word' id='word_1_347' title='bbox 1410 2810 1479 2863; x_wconf 80' lang='grc' dir='ltr'><strong>τὰ</strong></span> <span class='ocrx_word' id='word_1_348' title='bbox 1512 2812 1755 2882; x_wconf 75' lang='grc' dir='ltr'>ῥήματα.</span> 
     </span>
    </p>
   </div>
   <div class='ocr_carea' id='block_1_47' title="bbox 1974 1898 3547 1959">
    <p class='ocr_par' dir='ltr' id='par_1_47' title="bbox 1974 1898 3547 1959">
     <span class='ocr_line' id='line_1_47' title="bbox 1974 1898 3547 1959; baseline 0.004 -7"><span class='ocrx_word' id='word_1_349' title='bbox 1974 1898 2314 1954; x_wconf 83' lang='lat' dir='ltr'><strong>festationcm</strong></span> <span class='ocrx_word' id='word_1_350' title='bbox 2371 1903 2609 1955; x_wconf 87' lang='lat' dir='ltr'><strong>virorum</strong></span> <span class='ocrx_word' id='word_1_351' title='bbox 2666 1903 2881 1956; x_wconf 84' lang='lat' dir='ltr'><strong>illorum</strong></span> <span class='ocrx_word' id='word_1_352' title='bbox 2940 1904 3175 1956; x_wconf 87' lang='lat' dir='ltr'><strong>luuuaua</strong></span> <span class='ocrx_word' id='word_1_353' title='bbox 3240 1915 3434 1957; x_wconf 84' lang='lat' dir='ltr'><strong>natura</strong></span> <span class='ocrx_word' id='word_1_354' title='bbox 3493 1915 3547 1959; x_wconf 87' lang='lat' dir='ltr'><strong>et</strong></span> 
     </span>
    </p>
   </div>
   <div class='ocr_carea' id='block_1_48' title="bbox 1971 1991 3543 2063">
    <p class='ocr_par' dir='ltr' id='par_1_48' title="bbox 1971 1991 3543 2063">
     <span class='ocr_line' id='line_1_48' title="bbox 1971 1991 3543 2063; baseline 0.004 -20"><span class='ocrx_word' id='word_1_355' title='bbox 1971 1991 2212 2044; x_wconf 89' lang='lat' dir='ltr'><strong>nondum</strong></span> <span class='ocrx_word' id='word_1_356' title='bbox 2258 1993 2429 2061; x_wconf 80' lang='lat' dir='ltr'><strong>gratia</strong></span> <span class='ocrx_word' id='word_1_357' title='bbox 2479 1993 2731 2047; x_wconf 83' lang='lat' dir='ltr'><strong>rationali</strong></span> <span class='ocrx_word' id='word_1_358' title='bbox 2787 1994 3056 2063; x_wconf 74' lang='lat' dir='ltr'><strong>compieta</strong></span> <span class='ocrx_word' id='word_1_359' title='bbox 3096 2004 3233 2058; x_wconf 90' lang='lat' dir='ltr'><strong>erat,</strong></span> <span class='ocrx_word' id='word_1_360' title='bbox 3285 1996 3543 2063; x_wconf 67' lang='lat' dir='ltr'><strong>praeclare</strong></span> 
     </span>
    </p>
   </div>
   <div class='ocr_carea' id='block_1_49' title="bbox 1970 2081 3538 2155">
    <p class='ocr_par' dir='ltr' id='par_1_49' title="bbox 1970 2081 3538 2155">
     <span class='ocr_line' id='line_1_49' title="bbox 1970 2081 3538 2155; baseline 0.004 -22"><span class='ocrx_word' id='word_1_361' title='bbox 1970 2081 2254 2149; x_wconf 87' lang='lat' dir='ltr'><strong>oportebat</strong></span> <span class='ocrx_word' id='word_1_362' title='bbox 2294 2081 2362 2136; x_wconf 82' lang='lat' dir='ltr'><strong>ab</strong></span> <span class='ocrx_word' id='word_1_363' title='bbox 2401 2082 2536 2152; x_wconf 88' lang='lat' dir='ltr'><strong>ipsis</strong></span> <span class='ocrx_word' id='word_1_364' title='bbox 2564 2083 2850 2152; x_wconf 82' lang='lat' dir='ltr'><strong>exquirere</strong></span> <span class='ocrx_word' id='word_1_365' title='bbox 2880 2083 3125 2139; x_wconf 87' lang='lat' dir='ltr'><strong>defectus</strong></span> <span class='ocrx_word' id='word_1_366' title='bbox 3152 2084 3538 2155; x_wconf 75' lang='lat' dir='ltr'><strong>expletionem.</strong></span> 
     </span>
    </p>
   </div>
   <div class='ocr_carea' id='block_1_50' title="bbox 1970 2170 3539 2245">
    <p class='ocr_par' dir='ltr' id='par_1_50' title="bbox 1970 2170 3539 2245">
     <span class='ocr_line' id='line_1_50' title="bbox 1970 2170 3539 2245; baseline 0.004 -22"><span class='ocrx_word' id='word_1_367' title='bbox 1970 2170 2124 2236; x_wconf 84' lang='lat' dir='ltr'><strong>Quod</strong></span> <span class='ocrx_word' id='word_1_368' title='bbox 2160 2171 2207 2225; x_wconf 92' lang='lat' dir='ltr'><strong>si</strong></span> <span class='ocrx_word' id='word_1_369' title='bbox 2240 2172 2427 2226; x_wconf 80' lang='lat' dir='ltr'><strong>statim</strong></span> <span class='ocrx_word' id='word_1_370' title='bbox 2461 2174 2529 2228; x_wconf 90' lang='lat' dir='ltr'><strong>ab</strong></span> <span class='ocrx_word' id='word_1_371' title='bbox 2572 2174 2729 2228; x_wconf 90' lang='lat' dir='ltr'><strong>initio</strong></span> <span class='ocrx_word' id='word_1_372' title='bbox 2776 2190 2884 2228; x_wconf 92' lang='lat' dir='ltr'><strong>non</strong></span> <span class='ocrx_word' id='word_1_373' title='bbox 2930 2175 3135 2244; x_wconf 81' lang='lat' dir='ltr'><strong>indiga,</strong></span> <span class='ocrx_word' id='word_1_374' title='bbox 3174 2176 3267 2230; x_wconf 87' lang='lat' dir='ltr'><strong>sed</strong></span> <span class='ocrx_word' id='word_1_375' title='bbox 3300 2175 3539 2245; x_wconf 84' lang='lat' dir='ltr'><strong>perfecta</strong></span> 
     </span>
    </p>
   </div>
   <div class='ocr_carea' id='block_1_51' title="bbox 1969 2260 3540 2336">
    <p class='ocr_par' dir='ltr' id='par_1_51' title="bbox 1969 2260 3540 2336">
     <span class='ocr_line' id='line_1_51' title="bbox 1969 2260 3540 2336; baseline 0.003 -21"><span class='ocrx_word' id='word_1_376' title='bbox 1969 2260 2269 2315; x_wconf 85' lang='lat' dir='ltr'><strong>secundum</strong></span> <span class='ocrx_word' id='word_1_377' title='bbox 2301 2262 2764 2319; x_wconf 87' lang='lat' dir='ltr'><strong>ratiocinatricem</strong></span> <span class='ocrx_word' id='word_1_378' title='bbox 2787 2274 2841 2318; x_wconf 89' lang='lat' dir='ltr'><strong>et</strong></span> <span class='ocrx_word' id='word_1_379' title='bbox 2865 2266 3312 2335; x_wconf 82' lang='lat' dir='ltr'><strong>excogitatricem</strong></span> <span class='ocrx_word' id='word_1_380' title='bbox 3348 2282 3540 2336; x_wconf 82' lang='lat' dir='ltr'><strong>Opera-</strong></span> 
     </span>
    </p>
   </div>
   <div class='ocr_carea' id='block_1_52' title="bbox 1968 2349 3537 2426">
    <p class='ocr_par' dir='ltr' id='par_1_52' title="bbox 1968 2349 3537 2426">
     <span class='ocr_line' id='line_1_52' title="bbox 1968 2349 3537 2426; baseline 0.006 -23"><span class='ocrx_word' id='word_1_381' title='bbox 1968 2349 2176 2404; x_wconf 75' lang='lat' dir='ltr'><strong>tionem</strong></span> <span class='ocrx_word' id='word_1_382' title='bbox 2227 2359 2421 2405; x_wconf 90' lang='lat' dir='ltr'><strong>natura</strong></span> <span class='ocrx_word' id='word_1_383' title='bbox 2470 2352 2740 2419; x_wconf 87' lang='lat' dir='ltr'><strong>subsistit,</strong></span> <span class='ocrx_word' id='word_1_384' title='bbox 2796 2356 3070 2423; x_wconf 72' lang='lat' dir='ltr'><strong>quomodo</strong></span> <span class='ocrx_word' id='word_1_385' title='bbox 3120 2356 3247 2425; x_wconf 90' lang='lat' dir='ltr'><strong>quis</strong></span> <span class='ocrx_word' id='word_1_386' title='bbox 3302 2356 3537 2426; x_wconf 83' lang='lat' dir='ltr'><strong>amplius</strong></span> 
     </span>
    </p>
   </div>
   <div class='ocr_carea' id='block_1_53' title="bbox 1968 2437 3537 2512">
    <p class='ocr_par' dir='ltr' id='par_1_53' title="bbox 1968 2437 3537 2512">
     <span class='ocr_line' id='line_1_53' title="bbox 1968 2437 3537 2512; baseline 0.004 -20"><span class='ocrx_word' id='word_1_387' title='bbox 1968 2437 2127 2494; x_wconf 79' lang='lat' dir='ltr'><strong>facile</strong></span> <span class='ocrx_word' id='word_1_388' title='bbox 2158 2439 2397 2512; x_wconf 87' lang='lat' dir='ltr'><strong>inquirat</strong></span> <span class='ocrx_word' id='word_1_389' title='bbox 2429 2442 2496 2497; x_wconf 90' lang='lat' dir='ltr'><strong>ad</strong></span> <span class='ocrx_word' id='word_1_390' title='bbox 2532 2443 2977 2498; x_wconf 84' lang='lat' dir='ltr'><strong>constitutionem</strong></span> <span class='ocrx_word' id='word_1_391' title='bbox 3027 2446 3298 2503; x_wconf 81' lang='lat' dir='ltr'><strong>sermonis</strong></span> <span class='ocrx_word' id='word_1_392' title='bbox 3341 2461 3537 2501; x_wconf 86' lang='lat' dir='ltr'><strong>secun-</strong></span> 
     </span>
    </p>
   </div>
   <div class='ocr_carea' id='block_1_54' title="bbox 1965 2528 3534 2604">
    <p class='ocr_par' dir='ltr' id='par_1_54' title="bbox 1965 2528 3534 2604">
     <span class='ocr_line' id='line_1_54' title="bbox 1965 2528 3534 2604; baseline 0.005 -20"><span class='ocrx_word' id='word_1_393' title='bbox 1965 2528 2095 2584; x_wconf 90' lang='lat' dir='ltr'><strong>dum</strong></span> <span class='ocrx_word' id='word_1_394' title='bbox 2120 2532 2659 2593; x_wconf 85' lang='lat' dir='ltr'><strong>commentationem.</strong></span> <span class='ocrx_word' id='word_1_395' title='bbox 2686 2535 2831 2604; x_wconf 90' lang='lat' dir='ltr'><strong>quod</strong></span> <span class='ocrx_word' id='word_1_396' title='bbox 2865 2537 3039 2590; x_wconf 83' lang='lat' dir='ltr'><strong>sancti</strong></span> <span class='ocrx_word' id='word_1_397' title='bbox 3065 2551 3257 2591; x_wconf 86' lang='lat' dir='ltr'><strong>vocum</strong></span> <span class='ocrx_word' id='word_1_398' title='bbox 3293 2539 3373 2591; x_wconf 81' lang='lat' dir='ltr'><strong>rel</strong></span> <span class='ocrx_word' id='word_1_399' title='bbox 3412 2555 3534 2592; x_wconf 88' lang='lat' dir='ltr'><strong>ver-</strong></span> 
     </span>
    </p>
   </div>
   <div class='ocr_carea' id='block_1_55' title="bbox 1962 2618 3535 2691">
    <p class='ocr_par' dir='ltr' id='par_1_55' title="bbox 1962 2618 3535 2691">
     <span class='ocr_line' id='line_1_55' title="bbox 1962 2618 3535 2691; baseline 0.006 -16"><span class='ocrx_word' id='word_1_400' title='bbox 1962 2618 2154 2675; x_wconf 83' lang='lat' dir='ltr'><strong>borum</strong></span> <span class='ocrx_word' id='word_1_401' title='bbox 2197 2622 2357 2691; x_wconf 87' lang='lat' dir='ltr'><strong>primi</strong></span> <span class='ocrx_word' id='word_1_402' title='bbox 2412 2632 2663 2678; x_wconf 88' lang='lat' dir='ltr'><strong>auctores</strong></span> <span class='ocrx_word' id='word_1_403' title='bbox 2719 2624 2977 2679; x_wconf 82' lang='lat' dir='ltr'><strong>fuerunt?</strong></span> <span class='ocrx_word' id='word_1_404' title='bbox 3021 2625 3115 2681; x_wconf 82' lang='lat' dir='ltr'><strong>Vel</strong></span> <span class='ocrx_word' id='word_1_405' title='bbox 3168 2627 3213 2682; x_wconf 86' lang='lat' dir='ltr'><strong>si</strong></span> <span class='ocrx_word' id='word_1_406' title='bbox 3271 2644 3376 2682; x_wconf 90' lang='lat' dir='ltr'><strong>non</strong></span> <span class='ocrx_word' id='word_1_407' title='bbox 3428 2628 3535 2684; x_wconf 87' lang='lat' dir='ltr'><strong>hoe</strong></span> 
     </span>
    </p>
   </div>
   <div class='ocr_carea' id='block_1_56' title="bbox 1964 2711 3534 2786">
    <p class='ocr_par' dir='ltr' id='par_1_56' title="bbox 1964 2711 3534 2786">
     <span class='ocr_line' id='line_1_56' title="bbox 1964 2711 3534 2786; baseline 0.006 -23"><span class='ocrx_word' id='word_1_408' title='bbox 1964 2724 2257 2779; x_wconf 87' lang='lat' dir='ltr'><strong>possumus</strong></span> <span class='ocrx_word' id='word_1_409' title='bbox 2292 2711 2685 2777; x_wconf 88' lang='lat' dir='ltr'><strong>demonstrare,</strong></span> <span class='ocrx_word' id='word_1_410' title='bbox 2728 2714 2976 2769; x_wconf 87' lang='lat' dir='ltr'><strong>idoneam</strong></span> <span class='ocrx_word' id='word_1_411' title='bbox 3015 2717 3116 2770; x_wconf 88' lang='lat' dir='ltr'><strong>sibi</strong></span> <span class='ocrx_word' id='word_1_412' title='bbox 3152 2716 3251 2786; x_wconf 83' lang='lat' dir='ltr'><strong>ipsi</strong></span> <span class='ocrx_word' id='word_1_413' title='bbox 3282 2717 3534 2784; x_wconf 87' lang='lat' dir='ltr'><strong>judicare</strong></span> 
     </span>
    </p>
   </div>
   <div class='ocr_carea' id='block_1_57' title="bbox 1961 2801 3530 2878">
    <p class='ocr_par' dir='ltr' id='par_1_57' title="bbox 1961 2801 3530 2878">
     <span class='ocr_line' id='line_1_57' title="bbox 1961 2801 3530 2878; baseline 0.004 -22"><span class='ocrx_word' id='word_1_414' title='bbox 1961 2801 2501 2866; x_wconf 86' lang='lat' dir='ltr'><strong>demonstrationem,</strong></span> <span class='ocrx_word' id='word_1_415' title='bbox 2528 2803 2673 2872; x_wconf 89' lang='lat' dir='ltr'><strong>quod</strong></span> <span class='ocrx_word' id='word_1_416' title='bbox 2707 2804 2851 2862; x_wconf 86' lang='lat' dir='ltr'><strong>Deus</strong></span> <span class='ocrx_word' id='word_1_417' title='bbox 2883 2806 3039 2862; x_wconf 75' lang='lat' dir='ltr'><strong>nobis</strong></span> <span class='ocrx_word' id='word_1_418' title='bbox 3061 2807 3325 2878; x_wconf 83' lang='lat' dir='ltr'><strong>ejusmodi</strong></span> <span class='ocrx_word' id='word_1_419' title='bbox 3363 2810 3530 2877; x_wconf 69' lang='lat' dir='ltr'><strong>sylla~</strong></span> 
     </span>
    </p>
   </div>
   <div class='ocr_carea' id='block_1_58' title="bbox 1860 2888 2639 2949">
    <p class='ocr_par' dir='ltr' id='par_1_58' title="bbox 1860 2888 2639 2949">
     <span class='ocr_line' id='line_1_58' title="bbox 1860 2888 2639 2949; baseline 0.003 -2"><span class='ocrx_word' id='word_1_420' title='bbox 1860 2888 1864 2913; x_wconf 80' lang='grc'><strong><em>⁵</em></strong></span> <span class='ocrx_word' id='word_1_421' title='bbox 1961 2891 2060 2949; x_wconf 84' lang='lat' dir='ltr'><strong>bas</strong></span> <span class='ocrx_word' id='word_1_422' title='bbox 2091 2903 2144 2948; x_wconf 90' lang='lat' dir='ltr'><strong>et</strong></span> <span class='ocrx_word' id='word_1_423' title='bbox 2172 2892 2336 2949; x_wconf 87' lang='lat' dir='ltr'><strong>verba</strong></span> <span class='ocrx_word' id='word_1_424' title='bbox 2374 2895 2639 2949; x_wconf 78' lang='lat' dir='ltr'><strong>sanxerit.</strong></span> 
     </span>
    </p>
   </div>
   <div class='ocr_carea' id='block_1_59' title="bbox 371 3068 1861 3149">
    <p class='ocr_par' dir='ltr' id='par_1_59' title="bbox 371 3068 1861 3149">
     <span class='ocr_line' id='line_1_59' title="bbox 371 3068 1861 3149; baseline 0.001 -25"><span class='ocrx_word' id='word_1_425' title='bbox 371 3068 525 3139; x_wconf 72' lang='grc' dir='ltr'><strong>ᾍλλ⁹</strong></span> <span class='ocrx_word' id='word_1_426' title='bbox 551 3068 781 3137; x_wconf 75' lang='grc' dir='ltr'>ἐπειδὴ,</span> <span class='ocrx_word' id='word_1_427' title='bbox 814 3070 998 3141; x_wconf 69' lang='grc' dir='ltr'>φησιν,</span> <span class='ocrx_word' id='word_1_428' title='bbox 1032 3071 1143 3123; x_wconf 78' lang='grc' dir='ltr'>οὐκ</span> <span class='ocrx_word' id='word_1_429' title='bbox 1171 3069 1557 3127; x_wconf 78' lang='grc' dir='ltr'>ἀπαναίνεται</span> <span class='ocrx_word' id='word_1_430' title='bbox 1579 3070 1693 3140; x_wconf 78' lang='grc' dir='ltr'><strong>τὴν</strong></span> <span class='ocrx_word' id='word_1_431' title='bbox 1711 3072 1861 3149; x_wconf 82' lang='grc' dir='ltr'>πρὸς</span> 
     </span>
    </p>
   </div>
   <div class='ocr_carea' id='block_1_60' title="bbox 278 3137 1928 3229">
    <p class='ocr_par' dir='ltr' id='par_1_60' title="bbox 278 3137 1928 3229">
     <span class='ocr_line' id='line_1_60' title="bbox 278 3137 1928 3229; baseline 0.003 -17"><span class='ocrx_word' id='word_1_432' title='bbox 278 3137 429 3226; x_wconf 65' lang='grc' dir='ltr'>τοὺς</span> <span class='ocrx_word' id='word_1_433' title='bbox 473 3160 688 3214; x_wconf 79' lang='grc' dir='ltr'>ἑαυτοῦ</span> <span class='ocrx_word' id='word_1_434' title='bbox 741 3137 1109 3227; x_wconf 62' lang='grc' dir='ltr'>θεράποντας</span> <span class='ocrx_word' id='word_1_435' title='bbox 1153 3163 1186 3214; x_wconf 83' lang='grc' dir='ltr'><em>ὀ</em></span> <span class='ocrx_word' id='word_1_436' title='bbox 1235 3159 1379 3225; x_wconf 85' lang='grc' dir='ltr'>Θεὸς</span> <span class='ocrx_word' id='word_1_437' title='bbox 1420 3137 1679 3229; x_wconf 46' lang='lat' dir='ltr'><strong>multa)“,</strong></span> <span class='ocrx_word' id='word_1_438' title='bbox 1886 3137 1928 3196; x_wconf 63' lang='grc' dir='ltr'><strong><em>ε</em></strong></span> 
     </span>
    </p>
   </div>
   <div class='ocr_carea' id='block_1_61' title="bbox 278 3247 1862 3321">
    <p class='ocr_par' dir='ltr' id='par_1_61' title="bbox 278 3247 1862 3321">
     <span class='ocr_line' id='line_1_61' title="bbox 278 3247 1862 3321; baseline 0 -15"><span class='ocrx_word' id='word_1_439' title='bbox 278 3253 510 3306; x_wconf 73' lang='grc' dir='ltr'><strong>,ιουθόν</strong></span> <span class='ocrx_word' id='word_1_440' title='bbox 528 3251 698 3305; x_wconf 76' lang='grc' dir='ltr'>ἐστιν</span> <span class='ocrx_word' id='word_1_441' title='bbox 728 3251 958 3305; x_wconf 81' lang='grc' dir='ltr'>οἴεσθαι</span> <span class='ocrx_word' id='word_1_442' title='bbox 990 3247 1195 3315; x_wconf 75' lang='grc' dir='ltr'>αὑτὸν,</span> <span class='ocrx_word' id='word_1_443' title='bbox 1225 3249 1295 3315; x_wconf 80' lang='grc' dir='ltr'><strong>ἐξ</strong></span> <span class='ocrx_word' id='word_1_444' title='bbox 1322 3249 1516 3319; x_wconf 77' lang='grc' dir='ltr'>ἀρχῆς</span> <span class='ocrx_word' id='word_1_445' title='bbox 1540 3250 1646 3318; x_wconf 86' lang='grc' dir='ltr'>τὰς</span> <span class='ocrx_word' id='word_1_446' title='bbox 1673 3266 1862 3321; x_wconf 80' lang='grc' dir='ltr'>προσ-</span> 
     </span>
    </p>
   </div>
   <div class='ocr_carea' id='block_1_62' title="bbox 278 3341 1859 3415">
    <p class='ocr_par' dir='ltr' id='par_1_62' title="bbox 278 3341 1859 3415">
     <span class='ocr_line' id='line_1_62' title="bbox 278 3341 1859 3415; baseline -0.001 -17"><span class='ocrx_word' id='word_1_447' title='bbox 278 3343 459 3414; x_wconf 69' lang='grc' dir='ltr'>φυεῖς</span> <span class='ocrx_word' id='word_1_448' title='bbox 508 3341 587 3409; x_wconf 84' lang='grc' dir='ltr'>τῷ</span> <span class='ocrx_word' id='word_1_449' title='bbox 640 3342 934 3415; x_wconf 77' lang='grc' dir='ltr'><strong>πράγματι</strong></span> <span class='ocrx_word' id='word_1_450' title='bbox 972 3343 1266 3398; x_wconf 82' lang='grc' dir='ltr'><strong>τεθεῖσθαι</strong></span> <span class='ocrx_word' id='word_1_451' title='bbox 1312 3344 1733 3413; x_wconf 76' lang='grc' dir='ltr'><strong>προσηγορίας.</strong></span> <span class='ocrx_word' id='word_1_452' title='bbox 1793 3343 1859 3397; x_wconf 90' lang='grc' dir='ltr'><strong>Τί</strong></span> 
     </span>
    </p>
   </div>
   <div class='ocr_carea' id='block_1_63' title="bbox 276 3433 1858 3507">
    <p class='ocr_par' dir='ltr' id='par_1_63' title="bbox 276 3433 1858 3507">
     <span class='ocr_line' id='line_1_63' title="bbox 276 3433 1858 3507; baseline 0.001 -19"><span class='ocrx_word' id='word_1_453' title='bbox 276 3433 378 3490; x_wconf 79' lang='grc' dir='ltr'><strong>οὖν</strong></span> <span class='ocrx_word' id='word_1_454' title='bbox 422 3436 515 3489; x_wconf 79' lang='grc' dir='ltr'>καὶ</span> <span class='ocrx_word' id='word_1_455' title='bbox 554 3436 689 3507; x_wconf 83' lang='grc' dir='ltr'>πρὸς</span> <span class='ocrx_word' id='word_1_456' title='bbox 740 3437 896 3490; x_wconf 79' lang='grc' dir='ltr'>τοῦτο</span> <span class='ocrx_word' id='word_1_457' title='bbox 943 3436 1134 3507; x_wconf 74' lang='grc' dir='ltr'>ἡμεῖςς</span> <span class='ocrx_word' id='word_1_458' title='bbox 1184 3433 1292 3487; x_wconf 81' lang='grc' dir='ltr'><strong>Τοῦ</strong></span> <span class='ocrx_word' id='word_1_459' title='bbox 1336 3433 1433 3502; x_wconf 84' lang='grc' dir='ltr'><strong>μὲν</strong></span> <span class='ocrx_word' id='word_1_460' title='bbox 1470 3434 1858 3505; x_wconf 82' lang='grc' dir='ltr'>καταδέχεσθαι</span> 
     </span>
    </p>
   </div>
   <div class='ocr_carea' id='block_1_64' title="bbox 274 3522 1858 3605">
    <p class='ocr_par' dir='ltr' id='par_1_64' title="bbox 274 3522 1858 3605">
     <span class='ocr_line' id='line_1_64' title="bbox 274 3522 1858 3605; baseline 0.001 -25"><span class='ocrx_word' id='word_1_461' title='bbox 274 3527 375 3580; x_wconf 78' lang='grc' dir='ltr'>τὸν</span> <span class='ocrx_word' id='word_1_462' title='bbox 419 3528 552 3581; x_wconf 73' lang='grc' dir='ltr'>Θεὸν</span> <span class='ocrx_word' id='word_1_463' title='bbox 584 3528 680 3599; x_wconf 82' lang='grc' dir='ltr'><strong>τὴν</strong></span> <span class='ocrx_word' id='word_1_464' title='bbox 714 3526 850 3599; x_wconf 79' lang='grc' dir='ltr'>πρὸς</span> <span class='ocrx_word' id='word_1_465' title='bbox 898 3526 1181 3597; x_wconf 80' lang='grc' dir='ltr'>ἄνθρωπον</span> <span class='ocrx_word' id='word_1_466' title='bbox 1202 3602 1205 3605; x_wconf 85' lang='lat'><em>_</em></span> <span class='ocrx_word' id='word_1_467' title='bbox 1230 3526 1467 3595; x_wconf 83' lang='grc' dir='ltr'>ὁμιλίαν,</span> <span class='ocrx_word' id='word_1_468' title='bbox 1498 3526 1675 3580; x_wconf 88' lang='grc' dir='ltr'>αίτίαν</span> <span class='ocrx_word' id='word_1_469' title='bbox 1719 3522 1858 3582; x_wconf 72' lang='grc' dir='ltr'>εἶναι</span> 
     </span>
    </p>
   </div>
   <div class='ocr_carea' id='block_1_65' title="bbox 275 3618 1857 3692">
    <p class='ocr_par' dir='ltr' id='par_1_65' title="bbox 275 3618 1857 3692">
     <span class='ocr_line' id='line_1_65' title="bbox 275 3618 1857 3692; baseline -0.001 -19"><span class='ocrx_word' id='word_1_470' title='bbox 275 3620 382 3692; x_wconf 73' lang='grc' dir='ltr'>τὴν</span> <span class='ocrx_word' id='word_1_471' title='bbox 435 3620 839 3692; x_wconf 73' lang='grc' dir='ltr'>φιλανθρωπίαν</span> <span class='ocrx_word' id='word_1_472' title='bbox 869 3618 1231 3690; x_wconf 77' lang='grc' dir='ltr'>διοριζόμεθα.</span> <span class='ocrx_word' id='word_1_473' title='bbox 1284 3620 1436 3673; x_wconf 77' lang='grc' dir='ltr'>Ἐπεὶ</span> <span class='ocrx_word' id='word_1_474' title='bbox 1464 3618 1521 3673; x_wconf 82' lang='grc' dir='ltr'>δὲ</span> <span class='ocrx_word' id='word_1_475' title='bbox 1565 3618 1664 3673; x_wconf 83' lang='grc' dir='ltr'>οὑκ</span> <span class='ocrx_word' id='word_1_476' title='bbox 1710 3619 1857 3673; x_wconf 76' lang='grc' dir='ltr'>ἑνδέ-</span> 
     </span>
    </p>
   </div>
   <div class='ocr_carea' id='block_1_66' title="bbox 279 3710 1858 3783">
    <p class='ocr_par' dir='ltr' id='par_1_66' title="bbox 279 3710 1858 3783">
     <span class='ocr_line' id='line_1_66' title="bbox 279 3710 1858 3783; baseline 0.001 -18"><span class='ocrx_word' id='word_1_477' title='bbox 279 3728 439 3783; x_wconf 83' lang='grc' dir='ltr'>χεται</span> <span class='ocrx_word' id='word_1_478' title='bbox 468 3712 528 3765; x_wconf 78' lang='grc' dir='ltr'><strong>τὸ</strong></span> <span class='ocrx_word' id='word_1_479' title='bbox 559 3715 624 3782; x_wconf 80' lang='grc' dir='ltr'>τῇ</span> <span class='ocrx_word' id='word_1_480' title='bbox 657 3711 815 3781; x_wconf 80' lang='grc' dir='ltr'>φύσει</span> <span class='ocrx_word' id='word_1_481' title='bbox 846 3711 1019 3782; x_wconf 85' lang='grc' dir='ltr'>βραχὺ</span> <span class='ocrx_word' id='word_1_482' title='bbox 1046 3711 1153 3765; x_wconf 85' lang='grc' dir='ltr'>τῶν</span> <span class='ocrx_word' id='word_1_483' title='bbox 1185 3711 1329 3765; x_wconf 77' lang='grc' dir='ltr'>ἰδίων</span> <span class='ocrx_word' id='word_1_484' title='bbox 1378 3710 1589 3783; x_wconf 88' lang='grc' dir='ltr'>μέτρων</span> <span class='ocrx_word' id='word_1_485' title='bbox 1618 3712 1858 3783; x_wconf 81' lang='grc' dir='ltr'>ὑπεραρ-</span> 
     </span>
    </p>
   </div>
   <div class='ocr_carea' id='block_1_67' title="bbox 279 3794 1855 3877">
    <p class='ocr_par' dir='ltr' id='par_1_67' title="bbox 279 3794 1855 3877">
     <span class='ocr_line' id='line_1_67' title="bbox 279 3794 1855 3877; baseline -0.001 -20"><span class='ocrx_word' id='word_1_486' title='bbox 279 3794 464 3877; x_wconf 71' lang='grc' dir='ltr'>θῆναι,</span> <span class='ocrx_word' id='word_1_487' title='bbox 501 3805 594 3858; x_wconf 77' lang='grc' dir='ltr'><strong>καὶ</strong></span> <span class='ocrx_word' id='word_1_488' title='bbox 643 3806 742 3876; x_wconf 78' lang='grc' dir='ltr'>τῆς</span> <span class='ocrx_word' id='word_1_489' title='bbox 790 3804 1159 3877; x_wconf 85' lang='grc' dir='ltr'><strong>ὑπερεχούσης</strong></span> <span class='ocrx_word' id='word_1_490' title='bbox 1191 3803 1404 3874; x_wconf 81' lang='grc' dir='ltr'>φύσεως</span> <span class='ocrx_word' id='word_1_491' title='bbox 1448 3803 1542 3857; x_wconf 83' lang='grc' dir='ltr'>τοῦ</span> <span class='ocrx_word' id='word_1_492' title='bbox 1602 3803 1855 3873; x_wconf 77' lang='grc' dir='ltr'><strong>Ὑψίστου</strong></span> 
     </span>
    </p>
   </div>
   <div class='ocr_carea' id='block_1_68' title="bbox 275 3895 1855 3969">
    <p class='ocr_par' dir='ltr' id='par_1_68' title="bbox 275 3895 1855 3969">
     <span class='ocr_line' id='line_1_68' title="bbox 275 3895 1855 3969; baseline -0.001 -19"><span class='ocrx_word' id='word_1_493' title='bbox 275 3896 613 3967; x_wconf 63' lang='grc' dir='ltr'>ἐφάψασθαι,</span> <span class='ocrx_word' id='word_1_494' title='bbox 662 3897 851 3952; x_wconf 83' lang='grc' dir='ltr'>τούτου</span> <span class='ocrx_word' id='word_1_495' title='bbox 895 3897 1055 3969; x_wconf 83' lang='grc' dir='ltr'>χάριν</span> <span class='ocrx_word' id='word_1_496' title='bbox 1102 3895 1265 3960; x_wconf 74' lang='grc' dir='ltr'>αὐτὸς</span> <span class='ocrx_word' id='word_1_497' title='bbox 1315 3896 1450 3969; x_wconf 82' lang='grc' dir='ltr'>πρὸς</span> <span class='ocrx_word' id='word_1_498' title='bbox 1496 3895 1557 3949; x_wconf 79' lang='grc' dir='ltr'><strong>τὸ</strong></span> <span class='ocrx_word' id='word_1_499' title='bbox 1588 3896 1855 3967; x_wconf 77' lang='grc' dir='ltr'>ἡμέτερον</span> 
     </span>
    </p>
   </div>
   <div class='ocr_carea' id='block_1_69' title="bbox 275 3985 1856 4061">
    <p class='ocr_par' dir='ltr' id='par_1_69' title="bbox 275 3985 1856 4061">
     <span class='ocr_line' id='line_1_69' title="bbox 275 3985 1856 4061; baseline -0.002 -19"><span class='ocrx_word' id='word_1_500' title='bbox 275 3989 508 4053; x_wconf 73' lang='grc' dir='ltr'>ἀσθενὲς</span> <span class='ocrx_word' id='word_1_501' title='bbox 558 3988 811 4057; x_wconf 85' lang='grc' dir='ltr'>κατάγων</span> <span class='ocrx_word' id='word_1_502' title='bbox 861 3989 960 4061; x_wconf 81' lang='grc' dir='ltr'>τὴν</span> <span class='ocrx_word' id='word_1_503' title='bbox 1026 3986 1405 4059; x_wconf 60' lang='grc' dir='ltr'>ψιλάνθρωπον</span> <span class='ocrx_word' id='word_1_504' title='bbox 1460 3985 1721 4057; x_wconf 88' lang='grc' dir='ltr'>δύναμιν,</span> <span class='ocrx_word' id='word_1_505' title='bbox 1779 3986 1856 4051; x_wconf 84' lang='grc' dir='ltr'>ὡς</span> 
     </span>
    </p>
   </div>
   <div class='ocr_carea' id='block_1_70' title="bbox 273 4076 1856 4163">
    <p class='ocr_par' dir='ltr' id='par_1_70' title="bbox 273 4076 1856 4163">
     <span class='ocr_line' id='line_1_70' title="bbox 273 4076 1856 4163; baseline -0.003 -28"><span class='ocrx_word' id='word_1_506' title='bbox 273 4084 414 4163; x_wconf 63' lang='grc' dir='ltr'>ἡμῖν</span> <span class='ocrx_word' id='word_1_507' title='bbox 435 4081 658 4136; x_wconf 74' lang='grc' dir='ltr'>δυνατὸν</span> <span class='ocrx_word' id='word_1_508' title='bbox 681 4076 748 4153; x_wconf 82' lang='grc' dir='ltr'>ἦν</span> <span class='ocrx_word' id='word_1_509' title='bbox 774 4079 1046 4146; x_wconf 80' lang='grc' dir='ltr'>δέξασθαι,</span> <span class='ocrx_word' id='word_1_510' title='bbox 1078 4079 1220 4134; x_wconf 74' lang='grc' dir='ltr'>οὕτω</span> <span class='ocrx_word' id='word_1_511' title='bbox 1249 4077 1347 4149; x_wconf 80' lang='grc' dir='ltr'>τὴν</span> <span class='ocrx_word' id='word_1_512' title='bbox 1376 4081 1504 4150; x_wconf 81' lang='grc' dir='ltr'>παρ’</span> <span class='ocrx_word' id='word_1_513' title='bbox 1537 4078 1729 4131; x_wconf 72' lang='grc' dir='ltr'>ἑαυτοῦ</span> <span class='ocrx_word' id='word_1_514' title='bbox 1758 4077 1856 4149; x_wconf 84' lang='grc' dir='ltr'>χά-</span> 
     </span>
    </p>
   </div>
   <div class='ocr_carea' id='block_1_71' title="bbox 279 4168 1855 4249">
    <p class='ocr_par' dir='ltr' id='par_1_71' title="bbox 279 4168 1855 4249">
     <span class='ocr_line' id='line_1_71' title="bbox 279 4168 1855 4249; baseline -0.002 -24"><span class='ocrx_word' id='word_1_515' title='bbox 279 4192 368 4247; x_wconf 82' lang='grc' dir='ltr'><strong>ριν</strong></span> <span class='ocrx_word' id='word_1_516' title='bbox 417 4173 510 4226; x_wconf 74' lang='grc' dir='ltr'>καὶ</span> <span class='ocrx_word' id='word_1_517' title='bbox 555 4172 821 4242; x_wconf 79' lang='grc' dir='ltr'>ὠφέλειαν</span> <span class='ocrx_word' id='word_1_518' title='bbox 873 4173 1044 4243; x_wconf 83' lang='grc' dir='ltr'>νέμει.</span> <span class='ocrx_word' id='word_1_519' title='bbox 1105 4171 1373 4243; x_wconf 83' lang='grc' dir='ltr'><strong>Καθάπερ</strong></span> <span class='ocrx_word' id='word_1_520' title='bbox 1421 4171 1528 4242; x_wconf 81' lang='grc' dir='ltr'><strong>γὰρ</strong></span> <span class='ocrx_word' id='word_1_521' title='bbox 1580 4168 1721 4224; x_wconf 87' lang='grc' dir='ltr'><strong>κατά</strong></span> <span class='ocrx_word' id='word_1_522' title='bbox 1755 4169 1855 4249; x_wconf 77' lang='grc' dir='ltr'>τὴν</span> 
     </span>
    </p>
   </div>
   <div class='ocr_carea' id='block_1_72' title="bbox 275 4261 1855 4334">
    <p class='ocr_par' dir='ltr' id='par_1_72' title="bbox 275 4261 1855 4334">
     <span class='ocr_line' id='line_1_72' title="bbox 275 4261 1855 4334; baseline -0.001 -18"><span class='ocrx_word' id='word_1_523' title='bbox 275 4262 432 4316; x_wconf 85' lang='grc' dir='ltr'>θείαν</span> <span class='ocrx_word' id='word_1_524' title='bbox 476 4263 785 4333; x_wconf 71' lang='grc' dir='ltr'>οἰκονομίαν</span> <span class='ocrx_word' id='word_1_525' title='bbox 836 4262 864 4314; x_wconf 82' lang='grc' dir='ltr'><strong>ὁ</strong></span> <span class='ocrx_word' id='word_1_526' title='bbox 895 4262 1045 4334; x_wconf 71' lang='grc' dir='ltr'>ἣλιος</span> <span class='ocrx_word' id='word_1_527' title='bbox 1094 4261 1155 4315; x_wconf 80' lang='grc' dir='ltr'><strong>τὸ</strong></span> <span class='ocrx_word' id='word_1_528' title='bbox 1205 4262 1431 4334; x_wconf 75' lang='grc' dir='ltr'>σφοδρὸν</span> <span class='ocrx_word' id='word_1_529' title='bbox 1468 4263 1576 4315; x_wconf 84' lang='grc' dir='ltr'><strong>τῶν</strong></span> <span class='ocrx_word' id='word_1_530' title='bbox 1620 4261 1855 4315; x_wconf 84' lang='grc' dir='ltr'>ἀκτίνων</span> 
     </span>
    </p>
   </div>
   <div class='ocr_carea' id='block_1_73' title="bbox 274 4353 1850 4427">
    <p class='ocr_par' dir='ltr' id='par_1_73' title="bbox 274 4353 1850 4427">
     <span class='ocr_line' id='line_1_73' title="bbox 274 4353 1850 4427; baseline -0.001 -19"><span class='ocrx_word' id='word_1_531' title='bbox 274 4354 374 4408; x_wconf 76' lang='grc' dir='ltr'>καὶ</span> <span class='ocrx_word' id='word_1_532' title='bbox 402 4354 636 4426; x_wconf 78' lang='grc' dir='ltr'>ἄκρατον</span> <span class='ocrx_word' id='word_1_533' title='bbox 674 4354 752 4426; x_wconf 82' lang='grc' dir='ltr'>τῷ</span> <span class='ocrx_word' id='word_1_534' title='bbox 782 4354 869 4408; x_wconf 76' lang='grc' dir='ltr'>διὰ</span> <span class='ocrx_word' id='word_1_535' title='bbox 908 4354 1074 4425; x_wconf 84' lang='grc' dir='ltr'>μέσου</span> <span class='ocrx_word' id='word_1_536' title='bbox 1122 4353 1500 4424; x_wconf 83' lang='grc' dir='ltr'>κατακεράσας</span> <span class='ocrx_word' id='word_1_537' title='bbox 1532 4354 1673 4427; x_wconf 84' lang='grc' dir='ltr'><strong>ἀέρι,</strong></span> <span class='ocrx_word' id='word_1_538' title='bbox 1711 4353 1850 4426; x_wconf 87' lang='grc' dir='ltr'>σύμ-</span> 
     </span>
    </p>
   </div>
   <div class='ocr_carea' id='block_1_74' title="bbox 2034 3074 3527 3148">
    <p class='ocr_par' dir='ltr' id='par_1_74' title="bbox 2034 3074 3527 3148">
     <span class='ocr_line' id='line_1_74' title="bbox 2034 3074 3527 3148; baseline 0.001 -17"><span class='ocrx_word' id='word_1_539' title='bbox 2034 3074 2137 3131; x_wconf 85' lang='lat' dir='ltr'><strong>Sed</strong></span> <span class='ocrx_word' id='word_1_540' title='bbox 2181 3077 2450 3147; x_wconf 85' lang='lat' dir='ltr'><strong>quoniam,</strong></span> <span class='ocrx_word' id='word_1_541' title='bbox 2491 3078 2687 3147; x_wconf 86' lang='lat' dir='ltr'><strong>inquit,</strong></span> <span class='ocrx_word' id='word_1_542' title='bbox 2736 3095 2838 3132; x_wconf 85' lang='lat' dir='ltr'><strong>non</strong></span> <span class='ocrx_word' id='word_1_543' title='bbox 2888 3090 3199 3148; x_wconf 75' lang='lat' dir='ltr'><strong>aspernatur</strong></span> <span class='ocrx_word' id='word_1_544' title='bbox 3243 3080 3384 3134; x_wconf 77' lang='lat' dir='ltr'><strong>Dens</strong></span> <span class='ocrx_word' id='word_1_545' title='bbox 3412 3098 3527 3134; x_wconf 74' lang='lat' dir='ltr'><strong>runt</strong></span> 
     </span>
    </p>
   </div>
   <div class='ocr_carea' id='block_1_75' title="bbox 1961 3167 3531 3240">
    <p class='ocr_par' dir='ltr' id='par_1_75' title="bbox 1961 3167 3531 3240">
     <span class='ocr_line' id='line_1_75' title="bbox 1961 3167 3531 3240; baseline 0.003 -19"><span class='ocrx_word' id='word_1_546' title='bbox 1961 3168 2072 3221; x_wconf 81' lang='lat' dir='ltr'><strong>suis</strong></span> <span class='ocrx_word' id='word_1_547' title='bbox 2100 3167 2317 3236; x_wconf 79' lang='lat' dir='ltr'><strong>famulis</strong></span> <span class='ocrx_word' id='word_1_548' title='bbox 2341 3170 2682 3237; x_wconf 69' lang='lat' dir='ltr'><strong>dollaquium,</strong></span> <span class='ocrx_word' id='word_1_549' title='bbox 2706 3186 3024 3240; x_wconf 74' lang='lat' dir='ltr'><strong>consequens</strong></span> <span class='ocrx_word' id='word_1_550' title='bbox 3050 3181 3125 3225; x_wconf 78' lang='lat' dir='ltr'><strong>est</strong></span> <span class='ocrx_word' id='word_1_551' title='bbox 3155 3172 3323 3240; x_wconf 81' lang='lat' dir='ltr'><strong>ipsum</strong></span> <span class='ocrx_word' id='word_1_552' title='bbox 3344 3182 3531 3238; x_wconf 78' lang='lat' dir='ltr'><strong>putare</strong></span> 
     </span>
    </p>
   </div>
   <div class='ocr_carea' id='block_1_76' title="bbox 1962 3259 3527 3336">
    <p class='ocr_par' dir='ltr' id='par_1_76' title="bbox 1962 3259 3527 3336">
     <span class='ocr_line' id='line_1_76' title="bbox 1962 3259 3527 3336; baseline 0.003 -23"><span class='ocrx_word' id='word_1_553' title='bbox 1962 3259 2025 3313; x_wconf 88' lang='lat' dir='ltr'><strong>ab</strong></span> <span class='ocrx_word' id='word_1_554' title='bbox 2058 3259 2209 3313; x_wconf 87' lang='lat' dir='ltr'><strong>initio</strong></span> <span class='ocrx_word' id='word_1_555' title='bbox 2251 3262 2327 3314; x_wconf 83' lang='lat' dir='ltr'><strong>rei</strong></span> <span class='ocrx_word' id='word_1_556' title='bbox 2374 3277 2630 3336; x_wconf 73' lang='lat' dir='ltr'><strong>congruas</strong></span> <span class='ocrx_word' id='word_1_557' title='bbox 2669 3261 2927 3316; x_wconf 78' lang='lat' dir='ltr'><strong>indidisse</strong></span> <span class='ocrx_word' id='word_1_558' title='bbox 2959 3262 3352 3332; x_wconf 72' lang='lat' dir='ltr'><strong>appellat’ones.</strong></span> <span class='ocrx_word' id='word_1_559' title='bbox 3388 3264 3527 3329; x_wconf 82' lang='lat' dir='ltr'><strong>Quid</strong></span> 
     </span>
    </p>
   </div>
   <div class='ocr_carea' id='block_1_77' title="bbox 1960 3349 3528 3423">
    <p class='ocr_par' dir='ltr' id='par_1_77' title="bbox 1960 3349 3528 3423">
     <span class='ocr_line' id='line_1_77' title="bbox 1960 3349 3528 3423; baseline 0.003 -21"><span class='ocrx_word' id='word_1_560' title='bbox 1960 3349 2126 3420; x_wconf 79' lang='lat' dir='ltr'><strong>igitur</strong></span> <span class='ocrx_word' id='word_1_561' title='bbox 2154 3350 2224 3404; x_wconf 90' lang='lat' dir='ltr'><strong>ad</strong></span> <span class='ocrx_word' id='word_1_562' title='bbox 2255 3350 2359 3406; x_wconf 83' lang='lat' dir='ltr'><strong>hoc</strong></span> <span class='ocrx_word' id='word_1_563' title='bbox 2393 3367 2496 3407; x_wconf 87' lang='lat' dir='ltr'><strong>nos</strong></span> <span class='ocrx_word' id='word_1_564' title='bbox 2528 3352 3019 3423; x_wconf 83' lang='lat' dir='ltr'><strong>respondebimus?</strong></span> <span class='ocrx_word' id='word_1_565' title='bbox 3039 3353 3195 3418; x_wconf 88' lang='lat' dir='ltr'><strong>Quod</strong></span> <span class='ocrx_word' id='word_1_566' title='bbox 3228 3352 3370 3408; x_wconf 87' lang='lat' dir='ltr'><strong>Deus</strong></span> <span class='ocrx_word' id='word_1_567' title='bbox 3404 3369 3528 3407; x_wconf 87' lang='lat' dir='ltr'><strong>cutn</strong></span> 
     </span>
    </p>
   </div>
   <div class='ocr_carea' id='block_1_78' title="bbox 1959 3442 3531 3514">
    <p class='ocr_par' dir='ltr' id='par_1_78' title="bbox 1959 3442 3531 3514">
     <span class='ocr_line' id='line_1_78' title="bbox 1959 3442 3531 3514; baseline 0.001 -17"><span class='ocrx_word' id='word_1_568' title='bbox 1959 3442 2179 3498; x_wconf 86' lang='lat' dir='ltr'><strong>homine</strong></span> <span class='ocrx_word' id='word_1_569' title='bbox 2201 3444 2256 3497; x_wconf 92' lang='lat' dir='ltr'><strong>in</strong></span> <span class='ocrx_word' id='word_1_570' title='bbox 2285 3458 2643 3512; x_wconf 80' lang='lat' dir='ltr'><strong>congressum</strong></span> <span class='ocrx_word' id='word_1_571' title='bbox 2687 3443 3131 3514; x_wconf 85' lang='lat' dir='ltr'><strong>colloquiumque</strong></span> <span class='ocrx_word' id='word_1_572' title='bbox 3162 3448 3364 3509; x_wconf 85' lang='lat' dir='ltr'><strong>veniat,</strong></span> <span class='ocrx_word' id='word_1_573' title='bbox 3400 3460 3531 3499; x_wconf 79' lang='lat' dir='ltr'><strong>cau-</strong></span> 
     </span>
    </p>
   </div>
   <div class='ocr_carea' id='block_1_79' title="bbox 1959 3532 3531 3605">
    <p class='ocr_par' dir='ltr' id='par_1_79' title="bbox 1959 3532 3531 3605">
     <span class='ocr_line' id='line_1_79' title="bbox 1959 3532 3531 3605; baseline 0 -16"><span class='ocrx_word' id='word_1_574' title='bbox 1959 3547 2078 3589; x_wconf 87' lang='lat' dir='ltr'><strong>sam</strong></span> <span class='ocrx_word' id='word_1_575' title='bbox 2121 3547 2245 3589; x_wconf 91' lang='lat' dir='ltr'><strong>esse</strong></span> <span class='ocrx_word' id='word_1_576' title='bbox 2281 3532 2337 3587; x_wconf 89' lang='lat' dir='ltr'><strong>in</strong></span> <span class='ocrx_word' id='word_1_577' title='bbox 2375 3533 2675 3588; x_wconf 88' lang='lat' dir='ltr'><strong>humanum</strong></span> <span class='ocrx_word' id='word_1_578' title='bbox 2720 3548 2893 3605; x_wconf 87' lang='lat' dir='ltr'><strong>genus</strong></span> <span class='ocrx_word' id='word_1_579' title='bbox 2936 3534 3367 3590; x_wconf 84' lang='lat' dir='ltr'><strong>benevolentiam</strong></span> <span class='ocrx_word' id='word_1_580' title='bbox 3397 3534 3531 3590; x_wconf 82' lang='lat' dir='ltr'><strong>defi-</strong></span> 
     </span>
    </p>
   </div>
   <div class='ocr_carea' id='block_1_80' title="bbox 1956 3623 3529 3695">
    <p class='ocr_par' dir='ltr' id='par_1_80' title="bbox 1956 3623 3529 3695">
     <span class='ocr_line' id='line_1_80' title="bbox 1956 3623 3529 3695; baseline 0 -16"><span class='ocrx_word' id='word_1_581' title='bbox 1956 3624 2162 3680; x_wconf 89' lang='lat' dir='ltr'><strong>nimus.</strong></span> <span class='ocrx_word' id='word_1_582' title='bbox 2193 3623 2462 3691; x_wconf 89' lang='lat' dir='ltr'><strong>Quoniam</strong></span> <span class='ocrx_word' id='word_1_583' title='bbox 2496 3639 2627 3680; x_wconf 86' lang='lat' dir='ltr'><strong>vero</strong></span> <span class='ocrx_word' id='word_1_584' title='bbox 2660 3625 2807 3695; x_wconf 88' lang='lat' dir='ltr'><strong>quod</strong></span> <span class='ocrx_word' id='word_1_585' title='bbox 2847 3631 3044 3680; x_wconf 89' lang='lat' dir='ltr'><strong>natura</strong></span> <span class='ocrx_word' id='word_1_586' title='bbox 3091 3625 3253 3680; x_wconf 83' lang='lat' dir='ltr'><strong>breve</strong></span> <span class='ocrx_word' id='word_1_587' title='bbox 3285 3633 3389 3689; x_wconf 87' lang='lat' dir='ltr'><strong>est,</strong></span> <span class='ocrx_word' id='word_1_588' title='bbox 3420 3640 3529 3679; x_wconf 89' lang='lat' dir='ltr'><strong>non</strong></span> 
     </span>
    </p>
   </div>
   <div class='ocr_carea' id='block_1_81' title="bbox 1957 3714 3531 3786">
    <p class='ocr_par' dir='ltr' id='par_1_81' title="bbox 1957 3714 3531 3786">
     <span class='ocr_line' id='line_1_81' title="bbox 1957 3714 3531 3786; baseline 0.002 -18"><span class='ocrx_word' id='word_1_589' title='bbox 1957 3722 2139 3786; x_wconf 82' lang='lat' dir='ltr'><strong>potest</strong></span> <span class='ocrx_word' id='word_1_590' title='bbox 2182 3729 2347 3785; x_wconf 88' lang='lat' dir='ltr'><strong>supra</strong></span> <span class='ocrx_word' id='word_1_591' title='bbox 2392 3714 2643 3784; x_wconf 86' lang='lat' dir='ltr'><strong>pmprios</strong></span> <span class='ocrx_word' id='word_1_592' title='bbox 2702 3714 2894 3770; x_wconf 85' lang='lat' dir='ltr'><strong>modos</strong></span> <span class='ocrx_word' id='word_1_593' title='bbox 2936 3715 3169 3780; x_wconf 88' lang='lat' dir='ltr'><strong>sustolli,</strong></span> <span class='ocrx_word' id='word_1_594' title='bbox 3218 3724 3272 3769; x_wconf 94' lang='lat' dir='ltr'><strong>ct</strong></span> <span class='ocrx_word' id='word_1_595' title='bbox 3302 3732 3531 3785; x_wconf 82' lang='lat' dir='ltr'><strong>supere-</strong></span> 
     </span>
    </p>
   </div>
   <div class='ocr_carea' id='block_1_82' title="bbox 1957 3803 3527 3875">
    <p class='ocr_par' dir='ltr' id='par_1_82' title="bbox 1957 3803 3527 3875">
     <span class='ocr_line' id='line_1_82' title="bbox 1957 3803 3527 3875; baseline 0.001 -16"><span class='ocrx_word' id='word_1_596' title='bbox 1957 3804 2254 3860; x_wconf 86' lang='lat' dir='ltr'><strong>minentem</strong></span> <span class='ocrx_word' id='word_1_597' title='bbox 2276 3812 2525 3858; x_wconf 89' lang='lat' dir='ltr'><strong>naturam</strong></span> <span class='ocrx_word' id='word_1_598' title='bbox 2555 3803 2821 3858; x_wconf 84' lang='lat' dir='ltr'><strong>Altissimi</strong></span> <span class='ocrx_word' id='word_1_599' title='bbox 2842 3803 3129 3873; x_wconf 79' lang='lat' dir='ltr'><strong>attingere.</strong></span> <span class='ocrx_word' id='word_1_600' title='bbox 3155 3803 3329 3873; x_wconf 85' lang='lat' dir='ltr'><strong>Hujus</strong></span> <span class='ocrx_word' id='word_1_601' title='bbox 3353 3807 3527 3875; x_wconf 84' lang='lat' dir='ltr'><strong>gratia</strong></span> 
     </span>
    </p>
   </div>
   <div class='ocr_carea' id='block_1_83' title="bbox 1956 3894 3526 3967">
    <p class='ocr_par' dir='ltr' id='par_1_83' title="bbox 1956 3894 3526 3967">
     <span class='ocr_line' id='line_1_83' title="bbox 1956 3894 3526 3967; baseline 0 -16"><span class='ocrx_word' id='word_1_602' title='bbox 1956 3895 2074 3967; x_wconf 86' lang='lat' dir='ltr'><strong>ipse</strong></span> <span class='ocrx_word' id='word_1_603' title='bbox 2115 3896 2181 3951; x_wconf 89' lang='lat' dir='ltr'><strong>ad</strong></span> <span class='ocrx_word' id='word_1_604' title='bbox 2218 3904 2461 3951; x_wconf 86' lang='lat' dir='ltr'><strong>nostram</strong></span> <span class='ocrx_word' id='word_1_605' title='bbox 2500 3894 2893 3958; x_wconf 78' lang='lat' dir='ltr'><strong>infirmitatem,</strong></span> <span class='ocrx_word' id='word_1_606' title='bbox 2921 3894 3213 3964; x_wconf 88' lang='lat' dir='ltr'><strong>potentiam</strong></span> <span class='ocrx_word' id='word_1_607' title='bbox 3245 3896 3526 3951; x_wconf 84' lang='lat' dir='ltr'><strong>hominum</strong></span> 
     </span>
    </p>
   </div>
   <div class='ocr_carea' id='block_1_84' title="bbox 1957 3986 3528 4059">
    <p class='ocr_par' dir='ltr' id='par_1_84' title="bbox 1957 3986 3528 4059">
     <span class='ocr_line' id='line_1_84' title="bbox 1957 3986 3528 4059; baseline -0.001 -15"><span class='ocrx_word' id='word_1_608' title='bbox 1957 3987 2143 4059; x_wconf 87' lang='lat' dir='ltr'><strong>generi</strong></span> <span class='ocrx_word' id='word_1_609' title='bbox 2168 3986 2488 4043; x_wconf 89' lang='lat' dir='ltr'><strong>benevolam</strong></span> <span class='ocrx_word' id='word_1_610' title='bbox 2509 3986 2807 4051; x_wconf 89' lang='lat' dir='ltr'><strong>adducens,</strong></span> <span class='ocrx_word' id='word_1_611' title='bbox 2832 3992 3097 4056; x_wconf 89' lang='lat' dir='ltr'><strong>quantum</strong></span> <span class='ocrx_word' id='word_1_612' title='bbox 3121 4001 3313 4057; x_wconf 85' lang='lat' dir='ltr'><strong>capere</strong></span> <span class='ocrx_word' id='word_1_613' title='bbox 3338 4003 3528 4055; x_wconf 84' lang='lat' dir='ltr'><strong>possu-</strong></span> 
     </span>
    </p>
   </div>
   <div class='ocr_carea' id='block_1_85' title="bbox 1955 4078 3522 4148">
    <p class='ocr_par' dir='ltr' id='par_1_85' title="bbox 1955 4078 3522 4148">
     <span class='ocr_line' id='line_1_85' title="bbox 1955 4078 3522 4148; baseline 0.001 -11"><span class='ocrx_word' id='word_1_614' title='bbox 1955 4095 2101 4144; x_wconf 90' lang='lat' dir='ltr'><strong>mus,</strong></span> <span class='ocrx_word' id='word_1_615' title='bbox 2119 4080 2201 4135; x_wconf 91' lang='lat' dir='ltr'><strong>sic</strong></span> <span class='ocrx_word' id='word_1_616' title='bbox 2224 4094 2379 4135; x_wconf 91' lang='lat' dir='ltr'><strong>suam</strong></span> <span class='ocrx_word' id='word_1_617' title='bbox 2403 4079 2562 4135; x_wconf 89' lang='lat' dir='ltr'><strong>nobis</strong></span> <span class='ocrx_word' id='word_1_618' title='bbox 2586 4079 2812 4148; x_wconf 76' lang='lat' dir='ltr'><strong>gratiam</strong></span> <span class='ocrx_word' id='word_1_619' title='bbox 2839 4086 2894 4134; x_wconf 92' lang='lat' dir='ltr'><strong>et</strong></span> <span class='ocrx_word' id='word_1_620' title='bbox 2918 4078 3205 4133; x_wconf 88' lang='lat' dir='ltr'><strong>utilitatem</strong></span> <span class='ocrx_word' id='word_1_621' title='bbox 3223 4078 3522 4138; x_wconf 88' lang='lat' dir='ltr'><strong>distribuit.</strong></span> 
     </span>
    </p>
   </div>
   <div class='ocr_carea' id='block_1_86' title="bbox 1956 4167 3523 4240">
    <p class='ocr_par' dir='ltr' id='par_1_86' title="bbox 1956 4167 3523 4240">
     <span class='ocr_line' id='line_1_86' title="bbox 1956 4167 3523 4240; baseline 0 -15"><span class='ocrx_word' id='word_1_622' title='bbox 1956 4170 2424 4239; x_wconf 87' lang='lat' dir='ltr'><strong>Quemadmodum</strong></span> <span class='ocrx_word' id='word_1_623' title='bbox 2450 4169 2595 4225; x_wconf 90' lang='lat' dir='ltr'><strong>enim</strong></span> <span class='ocrx_word' id='word_1_624' title='bbox 2625 4167 2928 4223; x_wconf 87' lang='lat' dir='ltr'><strong>secundum</strong></span> <span class='ocrx_word' id='word_1_625' title='bbox 2959 4168 3198 4223; x_wconf 80' lang='lat' dir='ltr'><strong>divinam</strong></span> <span class='ocrx_word' id='word_1_626' title='bbox 3237 4168 3523 4240; x_wconf 85' lang='lat' dir='ltr'><strong>dispensa-</strong></span> 
     </span>
    </p>
   </div>
   <div class='ocr_carea' id='block_1_87' title="bbox 1955 4260 3522 4332">
    <p class='ocr_par' dir='ltr' id='par_1_87' title="bbox 1955 4260 3522 4332">
     <span class='ocr_line' id='line_1_87' title="bbox 1955 4260 3522 4332; baseline 0.001 -15"><span class='ocrx_word' id='word_1_627' title='bbox 1955 4265 2157 4318; x_wconf 90' lang='lat' dir='ltr'><strong>tionem</strong></span> <span class='ocrx_word' id='word_1_628' title='bbox 2206 4262 2288 4319; x_wconf 88' lang='lat' dir='ltr'><strong>sol</strong></span> <span class='ocrx_word' id='word_1_629' title='bbox 2318 4277 2541 4319; x_wconf 87' lang='lat' dir='ltr'><strong>suorum</strong></span> <span class='ocrx_word' id='word_1_630' title='bbox 2569 4260 2845 4315; x_wconf 87' lang='lat' dir='ltr'><strong>radiorum</strong></span> <span class='ocrx_word' id='word_1_631' title='bbox 2875 4260 3116 4332; x_wconf 79' lang='lat' dir='ltr'><strong>vigorem</strong></span> <span class='ocrx_word' id='word_1_632' title='bbox 3147 4267 3197 4317; x_wconf 85' lang='lat' dir='ltr'><strong>et</strong></span> <span class='ocrx_word' id='word_1_633' title='bbox 3235 4262 3522 4318; x_wconf 86' lang='lat' dir='ltr'><strong>sincerita-</strong></span> 
     </span>
    </p>
   </div>
   <div class='ocr_carea' id='block_1_88' title="bbox 1955 4351 3523 4422">
    <p class='ocr_par' dir='ltr' id='par_1_88' title="bbox 1955 4351 3523 4422">
     <span class='ocr_line' id='line_1_88' title="bbox 1955 4351 3523 4422; baseline 0 -14"><span class='ocrx_word' id='word_1_634' title='bbox 1955 4361 2061 4409; x_wconf 88' lang='lat' dir='ltr'><strong>tem</strong></span> <span class='ocrx_word' id='word_1_635' title='bbox 2087 4368 2210 4407; x_wconf 90' lang='lat' dir='ltr'><strong>cum</strong></span> <span class='ocrx_word' id='word_1_636' title='bbox 2235 4368 2359 4409; x_wconf 88' lang='lat' dir='ltr'><strong>aere</strong></span> <span class='ocrx_word' id='word_1_637' title='bbox 2385 4351 2671 4421; x_wconf 78' lang='lat' dir='ltr'><strong>interiecto</strong></span> <span class='ocrx_word' id='word_1_638' title='bbox 2708 4359 3149 4422; x_wconf 87' lang='lat' dir='ltr'><strong>contemperans,</strong></span> <span class='ocrx_word' id='word_1_639' title='bbox 3182 4352 3523 4408; x_wconf 87' lang='lat' dir='ltr'><strong>moderatum</strong></span> 
     </span>
    </p>
   </div>
   <div class='ocr_carea' id='block_1_89' title="bbox 278 4443 1864 4519">
    <p class='ocr_par' dir='ltr' id='par_1_89' title="bbox 278 4447 1850 4519">
     <span class='ocr_line' id='line_1_89' title="bbox 278 4447 1850 4519; baseline 0.001 -19"><span class='ocrx_word' id='word_1_640' title='bbox 278 4464 481 4519; x_wconf 78' lang='grc' dir='ltr'>μετ-ρον</span> <span class='ocrx_word' id='word_1_641' title='bbox 532 4448 724 4517; x_wconf 81' lang='grc' dir='ltr'>ὲπάγει</span> <span class='ocrx_word' id='word_1_642' title='bbox 776 4451 887 4512; x_wconf 84' lang='grc' dir='ltr'>τοῖς</span> <span class='ocrx_word' id='word_1_643' title='bbox 922 4448 1228 4519; x_wconf 80' lang='grc' dir='ltr'>δεχομένοις</span> <span class='ocrx_word' id='word_1_644' title='bbox 1282 4447 1378 4518; x_wconf 80' lang='grc' dir='ltr'>τὴν</span> <span class='ocrx_word' id='word_1_645' title='bbox 1432 4448 1604 4518; x_wconf 85' lang='grc' dir='ltr'>αὑγήν</span> <span class='ocrx_word' id='word_1_646' title='bbox 1645 4464 1704 4500; x_wconf 89' lang='grc' dir='ltr'><strong>τε</strong></span> <span class='ocrx_word' id='word_1_647' title='bbox 1757 4448 1850 4503; x_wconf 79' lang='grc' dir='ltr'>καὶ</span> 
     </span>
    </p>
   </div>
   <div class='ocr_carea' id='block_1_90' title="bbox 1964 4443 3521 4519">
    <p class='ocr_par' dir='ltr' id='par_1_90' title="bbox 1964 4443 3521 4516">
     <span class='ocr_line' id='line_1_90' title="bbox 1964 4443 3521 4516; baseline 0.001 -18"><span class='ocrx_word' id='word_1_648' title='bbox 1964 4443 2354 4515; x_wconf 80' lang='lat' dir='ltr'><strong>accipientibus</strong></span> <span class='ocrx_word' id='word_1_649' title='bbox 2412 4443 2756 4516; x_wconf 89' lang='lat' dir='ltr'><strong>splendorem</strong></span> <span class='ocrx_word' id='word_1_650' title='bbox 2822 4453 2877 4499; x_wconf 93' lang='lat' dir='ltr'><strong>et</strong></span> <span class='ocrx_word' id='word_1_651' title='bbox 2942 4445 3178 4515; x_wconf 65' lang='lat' dir='ltr'><strong>calorem</strong></span> <span class='ocrx_word' id='word_1_652' title='bbox 3243 4443 3521 4515; x_wconf 80' lang='lat' dir='ltr'><strong>immittit,</strong></span> 
     </span>
    </p>
   </div>
   <div class='ocr_carea' id='block_1_91' title="bbox 271 4530 1853 4611">
    <p class='ocr_par' dir='ltr' id='par_1_91' title="bbox 271 4530 1853 4611">
     <span class='ocr_line' id='line_1_91' title="bbox 271 4530 1853 4611; baseline -0.001 -19"><span class='ocrx_word' id='word_1_653' title='bbox 271 4530 375 4611; x_wconf 72' lang='grc' dir='ltr'>τὴν</span> <span class='ocrx_word' id='word_1_654' title='bbox 427 4539 757 4611; x_wconf 83' lang='grc' dir='ltr'>θερμότητα,</span> <span class='ocrx_word' id='word_1_655' title='bbox 810 4541 933 4595; x_wconf 75' lang='grc' dir='ltr'>καθ’</span> <span class='ocrx_word' id='word_1_656' title='bbox 988 4540 1179 4594; x_wconf 80' lang='grc' dir='ltr'>ἑαυτὸν</span> <span class='ocrx_word' id='word_1_657' title='bbox 1224 4540 1299 4595; x_wconf 82' lang='grc' dir='ltr'>ὢν</span> <span class='ocrx_word' id='word_1_658' title='bbox 1347 4544 1415 4611; x_wconf 76' lang='grc' dir='ltr'>τῇ</span> <span class='ocrx_word' id='word_1_659' title='bbox 1466 4539 1715 4611; x_wconf 76' lang='grc' dir='ltr'>ἀσθενείᾳ</span> <span class='ocrx_word' id='word_1_660' title='bbox 1755 4540 1853 4611; x_wconf 79' lang='grc' dir='ltr'>τῆς</span> 
     </span>
    </p>
   </div>
   <div class='ocr_carea' id='block_1_92' title="bbox 273 4628 1854 4702">
    <p class='ocr_par' dir='ltr' id='par_1_92' title="bbox 273 4628 1854 4702">
     <span class='ocr_line' id='line_1_92' title="bbox 273 4628 1854 4702; baseline 0.002 -21"><span class='ocrx_word' id='word_1_661' title='bbox 273 4628 494 4698; x_wconf 68' lang='grc' dir='ltr'>φύσεως</span> <span class='ocrx_word' id='word_1_662' title='bbox 525 4630 683 4700; x_wconf 80' lang='grc' dir='ltr'>ἡμῶν</span> <span class='ocrx_word' id='word_1_663' title='bbox 720 4630 1195 4702; x_wconf 80' lang='grc' dir='ltr'>ἀπροσπέλαστος·</span> <span class='ocrx_word' id='word_1_664' title='bbox 1231 4630 1374 4684; x_wconf 78' lang='grc' dir='ltr'>οὑτω</span> <span class='ocrx_word' id='word_1_665' title='bbox 1418 4632 1514 4685; x_wconf 76' lang='grc' dir='ltr'><strong>καὶ</strong></span> <span class='ocrx_word' id='word_1_666' title='bbox 1547 4632 1580 4701; x_wconf 84' lang='grc' dir='ltr'>ή</span> <span class='ocrx_word' id='word_1_667' title='bbox 1619 4630 1737 4684; x_wconf 84' lang='grc' dir='ltr'>θεία</span> <span class='ocrx_word' id='word_1_668' title='bbox 1763 4630 1854 4684; x_wconf 85' lang='grc' dir='ltr'><strong>δύ-</strong></span> 
     </span>
    </p>
   </div>
   <div class='ocr_carea' id='block_1_93' title="bbox 271 4719 1855 4793">
    <p class='ocr_par' dir='ltr' id='par_1_93' title="bbox 271 4719 1855 4793">
     <span class='ocr_line' id='line_1_93' title="bbox 271 4719 1855 4793; baseline 0.001 -19"><span class='ocrx_word' id='word_1_669' title='bbox 271 4736 441 4790; x_wconf 76' lang='grc' dir='ltr'>ναμις</span> <span class='ocrx_word' id='word_1_670' title='bbox 474 4719 594 4773; x_wconf 80' lang='grc' dir='ltr'>καθ’</span> <span class='ocrx_word' id='word_1_671' title='bbox 631 4721 921 4793; x_wconf 74' lang='grc' dir='ltr'>ὁμοιότητα</span> <span class='ocrx_word' id='word_1_672' title='bbox 952 4720 1047 4775; x_wconf 80' lang='grc' dir='ltr'>τοῦ</span> <span class='ocrx_word' id='word_1_673' title='bbox 1083 4721 1336 4793; x_wconf 79' lang='grc' dir='ltr'>ῥηθέντος</span> <span class='ocrx_word' id='word_1_674' title='bbox 1366 4724 1499 4792; x_wconf 74' lang='grc' dir='ltr'>ἡμῖν</span> <span class='ocrx_word' id='word_1_675' title='bbox 1530 4721 1855 4792; x_wconf 82' lang='grc' dir='ltr'>ὑποδείγμα-</span> 
     </span>
    </p>
   </div>
   <div class='ocr_carea' id='block_1_94' title="bbox 268 4811 1850 4887">
    <p class='ocr_par' dir='ltr' id='par_1_94' title="bbox 268 4811 1850 4887">
     <span class='ocr_line' id='line_1_94' title="bbox 268 4811 1850 4887; baseline 0.002 -24"><span class='ocrx_word' id='word_1_676' title='bbox 268 4827 365 4874; x_wconf 82' lang='grc' dir='ltr'><strong>τος</strong></span> <span class='ocrx_word' id='word_1_677' title='bbox 414 4811 852 4882; x_wconf 85' lang='grc' dir='ltr'>ἀπειροπλασίως</span> <span class='ocrx_word' id='word_1_678' title='bbox 898 4812 1267 4883; x_wconf 76' lang='grc' dir='ltr'>ὑπεραίρουσα</span> <span class='ocrx_word' id='word_1_679' title='bbox 1315 4813 1412 4884; x_wconf 81' lang='grc' dir='ltr'>τὴν</span> <span class='ocrx_word' id='word_1_680' title='bbox 1462 4812 1623 4881; x_wconf 72' lang='grc' dir='ltr'>φύσιν</span> <span class='ocrx_word' id='word_1_681' title='bbox 1670 4813 1850 4887; x_wconf 73' lang='grc' dir='ltr'>ἡμῶν,</span> 
     </span>
    </p>
   </div>
   <div class='ocr_carea' id='block_1_95' title="bbox 270 4899 1853 4976">
    <p class='ocr_par' dir='ltr' id='par_1_95' title="bbox 270 4899 1853 4976">
     <span class='ocr_line' id='line_1_95' title="bbox 270 4899 1853 4976; baseline 0 -21"><span class='ocrx_word' id='word_1_682' title='bbox 270 4903 370 4955; x_wconf 74' lang='grc' dir='ltr'><strong>καὶ</strong></span> <span class='ocrx_word' id='word_1_683' title='bbox 399 4903 688 4974; x_wconf 83' lang='grc' dir='ltr'>ἀπρόσιτος</span> <span class='ocrx_word' id='word_1_684' title='bbox 736 4904 816 4967; x_wconf 84' lang='grc' dir='ltr'><strong>είς</strong></span> <span class='ocrx_word' id='word_1_685' title='bbox 864 4903 1151 4974; x_wconf 81' lang='grc' dir='ltr'>μετουσίαν</span> <span class='ocrx_word' id='word_1_686' title='bbox 1191 4899 1347 4966; x_wconf 77' lang='grc' dir='ltr'>οὖσα,</span> <span class='ocrx_word' id='word_1_687' title='bbox 1392 4900 1501 4957; x_wconf 75' lang='grc' dir='ltr'>οἷόν</span> <span class='ocrx_word' id='word_1_688' title='bbox 1544 4920 1627 4967; x_wconf 84' lang='grc' dir='ltr'><strong>τις</strong></span> <span class='ocrx_word' id='word_1_689' title='bbox 1673 4908 1853 4976; x_wconf 73' lang='grc' dir='ltr'>μήτηρ</span> 
     </span>
    </p>
   </div>
   <div class='ocr_carea' id='block_1_96' title="bbox 271 4994 1852 5067">
    <p class='ocr_par' dir='ltr' id='par_1_96' title="bbox 271 4994 1852 5067">
     <span class='ocr_line' id='line_1_96' title="bbox 271 4994 1852 5067; baseline 0.002 -20"><span class='ocrx_word' id='word_1_690' title='bbox 271 4994 646 5066; x_wconf 72' lang='grc' dir='ltr'>εύσπλαγχνος</span> <span class='ocrx_word' id='word_1_691' title='bbox 693 4997 807 5058; x_wconf 82' lang='grc' dir='ltr'>τοῖς</span> <span class='ocrx_word' id='word_1_692' title='bbox 850 4997 1080 5066; x_wconf 74' lang='grc' dir='ltr'>ἀσήμοις</span> <span class='ocrx_word' id='word_1_693' title='bbox 1130 4994 1237 5048; x_wconf 85' lang='grc' dir='ltr'>τῶν</span> <span class='ocrx_word' id='word_1_694' title='bbox 1285 4994 1494 5066; x_wconf 75' lang='grc' dir='ltr'>νηπίων</span> <span class='ocrx_word' id='word_1_695' title='bbox 1544 4994 1852 5067; x_wconf 77' lang='grc' dir='ltr'>κνυζήμασι</span> 
     </span>
    </p>
   </div>
   <div class='ocr_carea' id='block_1_97' title="bbox 272 5085 1851 5158">
    <p class='ocr_par' dir='ltr' id='par_1_97' title="bbox 272 5085 1851 5158">
     <span class='ocr_line' id='line_1_97' title="bbox 272 5085 1851 5158; baseline 0 -18"><span class='ocrx_word' id='word_1_696' title='bbox 272 5085 843 5158; x_wconf 69' lang='grc' dir='ltr'>συνδιαψελλιζομένη,</span> <span class='ocrx_word' id='word_1_697' title='bbox 874 5085 1029 5140; x_wconf 82' lang='grc' dir='ltr'>τοῦτο</span> <span class='ocrx_word' id='word_1_698' title='bbox 1053 5085 1206 5156; x_wconf 81' lang='grc' dir='ltr'>νέμει</span> <span class='ocrx_word' id='word_1_699' title='bbox 1241 5088 1306 5156; x_wconf 76' lang='grc' dir='ltr'>τῇ</span> <span class='ocrx_word' id='word_1_700' title='bbox 1334 5085 1645 5157; x_wconf 75' lang='grc' dir='ltr'>ἀνθρωπίνῃ</span> <span class='ocrx_word' id='word_1_701' title='bbox 1693 5086 1851 5154; x_wconf 74' lang='grc' dir='ltr'>φύσει</span> 
     </span>
    </p>
   </div>
   <div class='ocr_carea' id='block_1_98' title="bbox 267 5175 1852 5246">
    <p class='ocr_par' dir='ltr' id='par_1_98' title="bbox 267 5175 1852 5246">
     <span class='ocr_line' id='line_1_98' title="bbox 267 5175 1852 5246; baseline 0.001 -17"><span class='ocrx_word' id='word_1_702' title='bbox 267 5176 298 5229; x_wconf 80' lang='grc' dir='ltr'><strong>ὃ</strong></span> <span class='ocrx_word' id='word_1_703' title='bbox 331 5175 518 5229; x_wconf 77' lang='grc' dir='ltr'>λαϐεῖν</span> <span class='ocrx_word' id='word_1_704' title='bbox 548 5176 787 5240; x_wconf 80' lang='grc' dir='ltr'>δυνατῶς</span> <span class='ocrx_word' id='word_1_705' title='bbox 825 5176 935 5246; x_wconf 73' lang='grc' dir='ltr'>ἔχει</span> <span class='ocrx_word' id='word_1_706' title='bbox 956 5191 972 5207; x_wconf 89' lang='grc'>·</span> <span class='ocrx_word' id='word_1_707' title='bbox 1024 5176 1117 5229; x_wconf 81' lang='grc' dir='ltr'><strong>καὶ</strong></span> <span class='ocrx_word' id='word_1_708' title='bbox 1159 5177 1247 5231; x_wconf 74' lang='grc' dir='ltr'>διὰ</span> <span class='ocrx_word' id='word_1_709' title='bbox 1285 5176 1462 5240; x_wconf 76' lang='grc' dir='ltr'>τοῦτο,</span> <span class='ocrx_word' id='word_1_710' title='bbox 1496 5179 1554 5230; x_wconf 82' lang='grc' dir='ltr'><strong>ὲν</strong></span> <span class='ocrx_word' id='word_1_711' title='bbox 1581 5180 1700 5241; x_wconf 83' lang='grc' dir='ltr'>ταῖς</span> <span class='ocrx_word' id='word_1_712' title='bbox 1735 5194 1852 5230; x_wconf 82' lang='grc' dir='ltr'>ποι-</span> 
     </span>
    </p>
   </div>
   <div class='ocr_carea' id='block_1_99' title="bbox 268 5264 1850 5337">
    <p class='ocr_par' dir='ltr' id='par_1_99' title="bbox 268 5264 1850 5337">
     <span class='ocr_line' id='line_1_99' title="bbox 268 5264 1850 5337; baseline 0.002 -20"><span class='ocrx_word' id='word_1_713' title='bbox 268 5265 453 5327; x_wconf 77' lang='grc' dir='ltr'>κέλαις</span> <span class='ocrx_word' id='word_1_714' title='bbox 503 5266 641 5337; x_wconf 72' lang='grc' dir='ltr'>πρὸς</span> <span class='ocrx_word' id='word_1_715' title='bbox 688 5266 815 5329; x_wconf 81' lang='grc' dir='ltr'>τοὺς</span> <span class='ocrx_word' id='word_1_716' title='bbox 840 5264 1159 5335; x_wconf 82' lang='grc' dir='ltr'>ἀνθρώπους</span> <span class='ocrx_word' id='word_1_717' title='bbox 1210 5264 1549 5334; x_wconf 66' lang='grc' dir='ltr'>θεοφανείαις</span> <span class='ocrx_word' id='word_1_718' title='bbox 1580 5265 1673 5318; x_wconf 73' lang='grc' dir='ltr'><strong>καὶ</strong></span> <span class='ocrx_word' id='word_1_719' title='bbox 1710 5265 1850 5320; x_wconf 78' lang='grc' dir='ltr'>κατὰ</span> 
     </span>
    </p>
   </div>
   <div class='ocr_carea' id='block_1_100' title="bbox 268 5357 1847 5428">
    <p class='ocr_par' dir='ltr' id='par_1_100' title="bbox 268 5357 1847 5428">
     <span class='ocr_line' id='line_1_100' title="bbox 268 5357 1847 5428; baseline 0 -17"><span class='ocrx_word' id='word_1_720' title='bbox 268 5358 556 5428; x_wconf 71' lang='grc' dir='ltr'>ἄνθρωπον</span> <span class='ocrx_word' id='word_1_721' title='bbox 590 5357 1003 5428; x_wconf 75' lang='grc' dir='ltr'>σχηματίζεται,</span> <span class='ocrx_word' id='word_1_722' title='bbox 1057 5357 1152 5410; x_wconf 71' lang='grc' dir='ltr'>καὶ</span> <span class='ocrx_word' id='word_1_723' title='bbox 1202 5357 1563 5428; x_wconf 81' lang='grc' dir='ltr'>ἀνθρωπικῶς</span> <span class='ocrx_word' id='word_1_724' title='bbox 1614 5357 1847 5427; x_wconf 81' lang='grc' dir='ltr'>φθέγγε-</span> 
     </span>
    </p>
   </div>
   <div class='ocr_carea' id='block_1_101' title="bbox 267 5448 1847 5519">
    <p class='ocr_par' dir='ltr' id='par_1_101' title="bbox 267 5448 1847 5519">
     <span class='ocr_line' id='line_1_101' title="bbox 267 5448 1847 5519; baseline 0.002 -19"><span class='ocrx_word' id='word_1_725' title='bbox 267 5463 380 5507; x_wconf 88' lang='grc' dir='ltr'>ται.</span> <span class='ocrx_word' id='word_1_726' title='bbox 416 5449 509 5501; x_wconf 69' lang='grc' dir='ltr'>καὶ</span> <span class='ocrx_word' id='word_1_727' title='bbox 538 5448 728 5519; x_wconf 79' lang='grc' dir='ltr'>ὀργὴν,</span> <span class='ocrx_word' id='word_1_728' title='bbox 760 5448 853 5502; x_wconf 75' lang='grc' dir='ltr'><strong>καὶ</strong></span> <span class='ocrx_word' id='word_1_729' title='bbox 890 5448 1036 5501; x_wconf 75' lang='grc' dir='ltr'>ἔλεον</span> <span class='ocrx_word' id='word_1_730' title='bbox 1083 5448 1176 5501; x_wconf 71' lang='grc' dir='ltr'><strong>καὶ</strong></span> <span class='ocrx_word' id='word_1_731' title='bbox 1216 5450 1283 5502; x_wconf 75' lang='grc' dir='ltr'><strong>τά</strong></span> <span class='ocrx_word' id='word_1_732' title='bbox 1317 5450 1534 5503; x_wconf 72' lang='grc' dir='ltr'>τοιαῦτα</span> <span class='ocrx_word' id='word_1_733' title='bbox 1563 5448 1847 5503; x_wconf 75' lang='grc' dir='ltr'>ὑποδύεται</span> 
     </span>
    </p>
   </div>
   <div class='ocr_carea' id='block_1_102' title="bbox 269 5534 1847 5610">
    <p class='ocr_par' dir='ltr' id='par_1_102' title="bbox 269 5534 1847 5610">
     <span class='ocr_line' id='line_1_102' title="bbox 269 5534 1847 5610; baseline 0.003 -21"><span class='ocrx_word' id='word_1_734' title='bbox 269 5534 441 5607; x_wconf 69' lang='grc' dir='ltr'>πάθη,</span> <span class='ocrx_word' id='word_1_735' title='bbox 476 5537 552 5600; x_wconf 86' lang='grc' dir='ltr'>ὡς</span> <span class='ocrx_word' id='word_1_736' title='bbox 586 5539 653 5593; x_wconf 80' lang='grc' dir='ltr'><strong>ἂν</strong></span> <span class='ocrx_word' id='word_1_737' title='bbox 689 5538 775 5591; x_wconf 70' lang='grc' dir='ltr'>διὰ</span> <span class='ocrx_word' id='word_1_738' title='bbox 815 5539 1033 5592; x_wconf 83' lang='grc' dir='ltr'>πάντων</span> <span class='ocrx_word' id='word_1_739' title='bbox 1062 5538 1167 5592; x_wconf 80' lang='grc' dir='ltr'><strong>τῶν</strong></span> <span class='ocrx_word' id='word_1_740' title='bbox 1199 5540 1544 5610; x_wconf 70' lang='grc' dir='ltr'>καταλλήλων</span> <span class='ocrx_word' id='word_1_741' title='bbox 1575 5542 1704 5610; x_wconf 75' lang='grc' dir='ltr'>ἡμῖν</span> <span class='ocrx_word' id='word_1_742' title='bbox 1737 5558 1847 5610; x_wconf 84' lang='grc' dir='ltr'>χει-</span> 
     </span>
    </p>
   </div>
   <div class='ocr_carea' id='block_1_103' title="bbox 273 5626 1845 5699">
    <p class='ocr_par' dir='ltr' id='par_1_103' title="bbox 273 5626 1845 5699">
     <span class='ocr_line' id='line_1_103' title="bbox 273 5626 1845 5699; baseline 0.001 -19"><span class='ocrx_word' id='word_1_743' title='bbox 273 5629 575 5697; x_wconf 70' lang='grc' dir='ltr'>ραγωγοῖτο</span> <span class='ocrx_word' id='word_1_744' title='bbox 629 5630 663 5697; x_wconf 77' lang='grc' dir='ltr'><strong>ἡ</strong></span> <span class='ocrx_word' id='word_1_745' title='bbox 712 5628 986 5698; x_wconf 74' lang='grc' dir='ltr'>νηπιώδης</span> <span class='ocrx_word' id='word_1_746' title='bbox 1044 5628 1199 5697; x_wconf 77' lang='grc' dir='ltr'>ἡμῶν</span> <span class='ocrx_word' id='word_1_747' title='bbox 1261 5626 1393 5698; x_wconf 74' lang='grc' dir='ltr'>ζωὴ,</span> <span class='ocrx_word' id='word_1_748' title='bbox 1453 5629 1541 5682; x_wconf 63' lang='lat' dir='ltr'><strong>Bai</strong></span> <span class='ocrx_word' id='word_1_749' title='bbox 1588 5629 1694 5681; x_wconf 80' lang='grc' dir='ltr'><strong>τῶν</strong></span> <span class='ocrx_word' id='word_1_750' title='bbox 1748 5630 1845 5699; x_wconf 69' lang='grc' dir='ltr'>τῆς</span> 
     </span>
    </p>
   </div>
   <div class='ocr_carea' id='block_1_104' title="bbox 271 5713 1842 5788">
    <p class='ocr_par' dir='ltr' id='par_1_104' title="bbox 271 5713 1842 5788">
     <span class='ocr_line' id='line_1_104' title="bbox 271 5713 1842 5788; baseline 0.003 -21"><span class='ocrx_word' id='word_1_751' title='bbox 271 5713 538 5784; x_wconf 77' lang='grc' dir='ltr'>Προνοίας</span> <span class='ocrx_word' id='word_1_752' title='bbox 567 5713 738 5783; x_wconf 74' lang='grc' dir='ltr'>λόγων</span> <span class='ocrx_word' id='word_1_753' title='bbox 770 5716 865 5785; x_wconf 78' lang='grc' dir='ltr'><strong>τῆς</strong></span> <span class='ocrx_word' id='word_1_754' title='bbox 894 5714 1042 5779; x_wconf 76' lang='grc' dir='ltr'>θεῖτις</span> <span class='ocrx_word' id='word_1_755' title='bbox 1070 5716 1281 5787; x_wconf 49' lang='lat' dir='ltr'><strong>epirum;</strong></span> <span class='ocrx_word' id='word_1_756' title='bbox 1316 5718 1680 5788; x_wconf 62' lang='grc' dir='ltr'>Ξςτπτομέιίη.</span> <span class='ocrx_word' id='word_1_757' title='bbox 1723 5720 1842 5771; x_wconf 75' lang='grc' dir='ltr'>Ὅτι</span> 
     </span>
    </p>
   </div>
   <div class='ocr_carea' id='block_1_105' title="bbox 1954 4535 3520 4607">
    <p class='ocr_par' dir='ltr' id='par_1_105' title="bbox 1954 4535 3520 4607">
     <span class='ocr_line' id='line_1_105' title="bbox 1954 4535 3520 4607; baseline 0.003 -18"><span class='ocrx_word' id='word_1_758' title='bbox 1954 4537 2205 4605; x_wconf 76' lang='lat' dir='ltr'><strong>quamvis</strong></span> <span class='ocrx_word' id='word_1_759' title='bbox 2240 4535 2311 4591; x_wconf 91' lang='lat' dir='ltr'><strong>sit</strong></span> <span class='ocrx_word' id='word_1_760' title='bbox 2337 4552 2431 4607; x_wconf 88' lang='lat' dir='ltr'><strong>per</strong></span> <span class='ocrx_word' id='word_1_761' title='bbox 2460 4552 2521 4592; x_wconf 88' lang='lat' dir='ltr'><strong>se</strong></span> <span class='ocrx_word' id='word_1_762' title='bbox 2551 4536 2911 4591; x_wconf 88' lang='lat' dir='ltr'><strong>imbecillitati</strong></span> <span class='ocrx_word' id='word_1_763' title='bbox 2941 4543 3141 4592; x_wconf 67' lang='lat' dir='ltr'><strong>nostra:</strong></span> <span class='ocrx_word' id='word_1_764' title='bbox 3171 4535 3520 4594; x_wconf 83' lang='lat' dir='ltr'><strong>inaccessos:</strong></span> 
     </span>
    </p>
   </div>
   <div class='ocr_carea' id='block_1_106' title="bbox 1955 4626 3526 4698">
    <p class='ocr_par' dir='ltr' id='par_1_106' title="bbox 1955 4626 3526 4698">
     <span class='ocr_line' id='line_1_106' title="bbox 1955 4626 3526 4698; baseline 0 -15"><span class='ocrx_word' id='word_1_765' title='bbox 1955 4628 2039 4683; x_wconf 86' lang='lat' dir='ltr'><strong>sic</strong></span> <span class='ocrx_word' id='word_1_766' title='bbox 2090 4635 2145 4683; x_wconf 91' lang='lat' dir='ltr'><strong>et</strong></span> <span class='ocrx_word' id='word_1_767' title='bbox 2183 4626 2366 4681; x_wconf 87' lang='lat' dir='ltr'><strong>divina</strong></span> <span class='ocrx_word' id='word_1_768' title='bbox 2395 4638 2613 4693; x_wconf 91' lang='lat' dir='ltr'><strong>natura,</strong></span> <span class='ocrx_word' id='word_1_769' title='bbox 2646 4628 2773 4683; x_wconf 88' lang='lat' dir='ltr'><strong>dicti</strong></span> <span class='ocrx_word' id='word_1_770' title='bbox 2814 4643 2845 4683; x_wconf 86' lang='lat' dir='ltr'><strong>a</strong></span> <span class='ocrx_word' id='word_1_771' title='bbox 2873 4626 3033 4682; x_wconf 88' lang='lat' dir='ltr'><strong>nobis</strong></span> <span class='ocrx_word' id='word_1_772' title='bbox 3066 4628 3299 4698; x_wconf 79' lang='lat' dir='ltr'><strong>exempli</strong></span> <span class='ocrx_word' id='word_1_773' title='bbox 3330 4628 3526 4684; x_wconf 83' lang='lat' dir='ltr'><strong>simili-</strong></span> 
     </span>
    </p>
   </div>
   <div class='ocr_carea' id='block_1_107' title="bbox 1955 4716 3525 4789">
    <p class='ocr_par' dir='ltr' id='par_1_107' title="bbox 1955 4716 3525 4789">
     <span class='ocr_line' id='line_1_107' title="bbox 1955 4716 3525 4789; baseline 0.003 -18"><span class='ocrx_word' id='word_1_774' title='bbox 1955 4716 2164 4781; x_wconf 87' lang='lat' dir='ltr'><strong>tudine,</strong></span> <span class='ocrx_word' id='word_1_775' title='bbox 2185 4717 2410 4773; x_wconf 81' lang='lat' dir='ltr'><strong>inflnitis</strong></span> <span class='ocrx_word' id='word_1_776' title='bbox 2432 4719 2680 4789; x_wconf 86' lang='lat' dir='ltr'><strong>partibus</strong></span> <span class='ocrx_word' id='word_1_777' title='bbox 2698 4726 2942 4775; x_wconf 89' lang='lat' dir='ltr'><strong>nostram</strong></span> <span class='ocrx_word' id='word_1_778' title='bbox 2961 4726 3212 4772; x_wconf 85' lang='lat' dir='ltr'><strong>naturam</strong></span> <span class='ocrx_word' id='word_1_779' title='bbox 3232 4734 3525 4789; x_wconf 86' lang='lat' dir='ltr'><strong>superans,</strong></span> 
     </span>
    </p>
   </div>
   <div class='ocr_carea' id='block_1_108' title="bbox 1953 4809 3524 4883">
    <p class='ocr_par' dir='ltr' id='par_1_108' title="bbox 1953 4809 3524 4883">
     <span class='ocr_line' id='line_1_108' title="bbox 1953 4809 3524 4883; baseline -0.001 -20"><span class='ocrx_word' id='word_1_780' title='bbox 1953 4816 2007 4863; x_wconf 93' lang='lat' dir='ltr'><strong>ct</strong></span> <span class='ocrx_word' id='word_1_781' title='bbox 2038 4810 2319 4865; x_wconf 87' lang='lat' dir='ltr'><strong>inaccessa</strong></span> <span class='ocrx_word' id='word_1_782' title='bbox 2348 4809 2412 4863; x_wconf 91' lang='lat' dir='ltr'><strong>ad</strong></span> <span class='ocrx_word' id='word_1_783' title='bbox 2436 4810 2906 4883; x_wconf 89' lang='lat' dir='ltr'><strong>participationem</strong></span> <span class='ocrx_word' id='word_1_784' title='bbox 2930 4827 3054 4867; x_wconf 86' lang='lat' dir='ltr'><strong>cum</strong></span> <span class='ocrx_word' id='word_1_785' title='bbox 3084 4813 3179 4876; x_wconf 87' lang='lat' dir='ltr'><strong>sit,</strong></span> <span class='ocrx_word' id='word_1_786' title='bbox 3210 4811 3378 4866; x_wconf 86' lang='lat' dir='ltr'><strong>veluti</strong></span> <span class='ocrx_word' id='word_1_787' title='bbox 3406 4827 3524 4865; x_wconf 81' lang='lat' dir='ltr'><strong>ma-</strong></span> 
     </span>
    </p>
   </div>
   <div class='ocr_carea' id='block_1_109' title="bbox 1954 4900 3522 4972">
    <p class='ocr_par' dir='ltr' id='par_1_109' title="bbox 1954 4900 3522 4972">
     <span class='ocr_line' id='line_1_109' title="bbox 1954 4900 3522 4972; baseline 0 -19"><span class='ocrx_word' id='word_1_788' title='bbox 1954 4906 2038 4953; x_wconf 88' lang='lat' dir='ltr'><strong>ter</strong></span> <span class='ocrx_word' id='word_1_789' title='bbox 2096 4900 2330 4971; x_wconf 78' lang='lat' dir='ltr'><strong>benigna</strong></span> <span class='ocrx_word' id='word_1_790' title='bbox 2382 4908 2437 4955; x_wconf 92' lang='lat' dir='ltr'><strong>et</strong></span> <span class='ocrx_word' id='word_1_791' title='bbox 2484 4902 2799 4957; x_wconf 86' lang='lat' dir='ltr'><strong>misericors</strong></span> <span class='ocrx_word' id='word_1_792' title='bbox 2847 4917 3011 4957; x_wconf 91' lang='lat' dir='ltr'><strong>sensu</strong></span> <span class='ocrx_word' id='word_1_793' title='bbox 3050 4910 3105 4957; x_wconf 91' lang='lat' dir='ltr'><strong>et</strong></span> <span class='ocrx_word' id='word_1_794' title='bbox 3167 4902 3522 4972; x_wconf 83' lang='lat' dir='ltr'><strong>intelligentia</strong></span> 
     </span>
    </p>
   </div>
   <div class='ocr_carea' id='block_1_110' title="bbox 1952 4989 3521 5061">
    <p class='ocr_par' dir='ltr' id='par_1_110' title="bbox 1952 4989 3521 5061">
     <span class='ocr_line' id='line_1_110' title="bbox 1952 4989 3521 5061; baseline -0.001 -15"><span class='ocrx_word' id='word_1_795' title='bbox 1952 4991 2271 5047; x_wconf 87' lang='lat' dir='ltr'><strong>carentibus</strong></span> <span class='ocrx_word' id='word_1_796' title='bbox 2296 4989 2588 5045; x_wconf 85' lang='lat' dir='ltr'><strong>infantium</strong></span> <span class='ocrx_word' id='word_1_797' title='bbox 2615 4992 2885 5061; x_wconf 84' lang='lat' dir='ltr'><strong>vagitibus</strong></span> <span class='ocrx_word' id='word_1_798' title='bbox 2913 5008 3019 5047; x_wconf 92' lang='lat' dir='ltr'><strong>una</strong></span> <span class='ocrx_word' id='word_1_799' title='bbox 3046 4993 3374 5056; x_wconf 87' lang='lat' dir='ltr'><strong>balbutiens,</strong></span> <span class='ocrx_word' id='word_1_800' title='bbox 3419 4992 3521 5045; x_wconf 80' lang='lat' dir='ltr'><strong>hoc</strong></span> 
     </span>
    </p>
   </div>
   <div class='ocr_carea' id='block_1_111' title="bbox 1953 5079 3522 5152">
    <p class='ocr_par' dir='ltr' id='par_1_111' title="bbox 1953 5079 3522 5152">
     <span class='ocr_line' id='line_1_111' title="bbox 1953 5079 3522 5152; baseline 0.001 -20"><span class='ocrx_word' id='word_1_801' title='bbox 1953 5079 2205 5134; x_wconf 70' lang='lat' dir='ltr'><strong>humanae</strong></span> <span class='ocrx_word' id='word_1_802' title='bbox 2246 5081 2436 5134; x_wconf 87' lang='lat' dir='ltr'><strong>tribuit</strong></span> <span class='ocrx_word' id='word_1_803' title='bbox 2475 5088 2685 5135; x_wconf 73' lang='lat' dir='ltr'><strong>natura:</strong></span> <span class='ocrx_word' id='word_1_804' title='bbox 2722 5082 2867 5151; x_wconf 89' lang='lat' dir='ltr'><strong>quod</strong></span> <span class='ocrx_word' id='word_1_805' title='bbox 2908 5096 3102 5152; x_wconf 90' lang='lat' dir='ltr'><strong>capere</strong></span> <span class='ocrx_word' id='word_1_806' title='bbox 3146 5089 3353 5152; x_wconf 90' lang='lat' dir='ltr'><strong>potest;</strong></span> <span class='ocrx_word' id='word_1_807' title='bbox 3393 5095 3522 5150; x_wconf 88' lang='lat' dir='ltr'><strong>pro-</strong></span> 
     </span>
    </p>
   </div>
   <div class='ocr_carea' id='block_1_112' title="bbox 1952 5172 3518 5243">
    <p class='ocr_par' dir='ltr' id='par_1_112' title="bbox 1952 5172 3518 5243">
     <span class='ocr_line' id='line_1_112' title="bbox 1952 5172 3518 5243; baseline 0.003 -20"><span class='ocrx_word' id='word_1_808' title='bbox 1952 5181 2247 5241; x_wconf 83' lang='lat' dir='ltr'><strong>ptereaque</strong></span> <span class='ocrx_word' id='word_1_809' title='bbox 2282 5172 2334 5225; x_wconf 91' lang='lat' dir='ltr'><strong>in</strong></span> <span class='ocrx_word' id='word_1_810' title='bbox 2366 5173 2530 5227; x_wconf 87' lang='lat' dir='ltr'><strong>variis</strong></span> <span class='ocrx_word' id='word_1_811' title='bbox 2562 5173 2627 5226; x_wconf 86' lang='lat' dir='ltr'><strong>ad</strong></span> <span class='ocrx_word' id='word_1_812' title='bbox 2674 5173 2923 5227; x_wconf 90' lang='lat' dir='ltr'><strong>homines</strong></span> <span class='ocrx_word' id='word_1_813' title='bbox 2947 5172 3036 5228; x_wconf 87' lang='lat' dir='ltr'><strong>Dei</strong></span> <span class='ocrx_word' id='word_1_814' title='bbox 3061 5173 3518 5243; x_wconf 81' lang='lat' dir='ltr'><strong>apparitionibus,</strong></span> 
     </span>
    </p>
   </div>
   <div class='ocr_carea' id='block_1_113' title="bbox 1952 5262 3519 5333">
    <p class='ocr_par' dir='ltr' id='par_1_113' title="bbox 1952 5262 3519 5333">
     <span class='ocr_line' id='line_1_113' title="bbox 1952 5262 3519 5333; baseline 0.001 -16"><span class='ocrx_word' id='word_1_815' title='bbox 1952 5274 2006 5317; x_wconf 93' lang='lat' dir='ltr'><strong>et</strong></span> <span class='ocrx_word' id='word_1_816' title='bbox 2033 5265 2336 5317; x_wconf 86' lang='lat' dir='ltr'><strong>secundum</strong></span> <span class='ocrx_word' id='word_1_817' title='bbox 2371 5263 2645 5318; x_wconf 91' lang='lat' dir='ltr'><strong>hominem</strong></span> <span class='ocrx_word' id='word_1_818' title='bbox 2682 5262 2965 5333; x_wconf 73' lang='lat' dir='ltr'><strong>figuratur,</strong></span> <span class='ocrx_word' id='word_1_819' title='bbox 3002 5273 3055 5318; x_wconf 92' lang='lat' dir='ltr'><strong>et</strong></span> <span class='ocrx_word' id='word_1_820' title='bbox 3093 5265 3409 5320; x_wconf 85' lang='lat' dir='ltr'><strong>humanitus</strong></span> <span class='ocrx_word' id='word_1_821' title='bbox 3438 5267 3519 5319; x_wconf 87' lang='lat' dir='ltr'><strong>lo-</strong></span> 
     </span>
    </p>
   </div>
   <div class='ocr_carea' id='block_1_114' title="bbox 1949 5352 3516 5424">
    <p class='ocr_par' dir='ltr' id='par_1_114' title="bbox 1949 5352 3516 5424">
     <span class='ocr_line' id='line_1_114' title="bbox 1949 5352 3516 5424; baseline 0.004 -21"><span class='ocrx_word' id='word_1_822' title='bbox 1949 5353 2168 5421; x_wconf 87' lang='lat' dir='ltr'><strong>quitur,</strong></span> <span class='ocrx_word' id='word_1_823' title='bbox 2228 5360 2282 5405; x_wconf 87' lang='lat' dir='ltr'><strong>ct</strong></span> <span class='ocrx_word' id='word_1_824' title='bbox 2328 5352 2502 5420; x_wconf 87' lang='lat' dir='ltr'><strong>iram,</strong></span> <span class='ocrx_word' id='word_1_825' title='bbox 2558 5362 2615 5408; x_wconf 86' lang='lat' dir='ltr'><strong>et</strong></span> <span class='ocrx_word' id='word_1_826' title='bbox 2655 5354 3088 5410; x_wconf 86' lang='lat' dir='ltr'><strong>misericordiam</strong></span> <span class='ocrx_word' id='word_1_827' title='bbox 3142 5363 3196 5410; x_wconf 92' lang='lat' dir='ltr'><strong>et</strong></span> <span class='ocrx_word' id='word_1_828' title='bbox 3247 5355 3516 5424; x_wconf 81' lang='lat' dir='ltr'><strong>ejusmodi</strong></span> 
     </span>
    </p>
   </div>
   <div class='ocr_carea' id='block_1_115' title="bbox 1951 5443 3518 5514">
    <p class='ocr_par' dir='ltr' id='par_1_115' title="bbox 1951 5443 3518 5514">
     <span class='ocr_line' id='line_1_115' title="bbox 1951 5443 3518 5514; baseline 0.003 -16"><span class='ocrx_word' id='word_1_829' title='bbox 1951 5443 2130 5498; x_wconf 88' lang='lat' dir='ltr'><strong>induit</strong></span> <span class='ocrx_word' id='word_1_830' title='bbox 2185 5443 2435 5509; x_wconf 65' lang='lat' dir='ltr'><strong>affectus,</strong></span> <span class='ocrx_word' id='word_1_831' title='bbox 2482 5453 2538 5498; x_wconf 90' lang='lat' dir='ltr'><strong>ut</strong></span> <span class='ocrx_word' id='word_1_832' title='bbox 2588 5460 2686 5514; x_wconf 88' lang='lat' dir='ltr'><strong>per</strong></span> <span class='ocrx_word' id='word_1_833' title='bbox 2720 5446 2902 5500; x_wconf 89' lang='lat' dir='ltr'><strong>omnia</strong></span> <span class='ocrx_word' id='word_1_834' title='bbox 2933 5462 3054 5514; x_wconf 71' lang='lat' dir='ltr'><strong>qua:</strong></span> <span class='ocrx_word' id='word_1_835' title='bbox 3082 5455 3290 5501; x_wconf 80' lang='lat' dir='ltr'><strong>natura:</strong></span> <span class='ocrx_word' id='word_1_836' title='bbox 3318 5455 3518 5503; x_wconf 68' lang='lat' dir='ltr'><strong>nostra:</strong></span> 
     </span>
    </p>
   </div>
   <div class='ocr_carea' id='block_1_116' title="bbox 1951 5535 3515 5607">
    <p class='ocr_par' dir='ltr' id='par_1_116' title="bbox 1951 5535 3515 5607">
     <span class='ocr_line' id='line_1_116' title="bbox 1951 5535 3515 5607; baseline 0.004 -19"><span class='ocrx_word' id='word_1_837' title='bbox 1951 5542 2083 5588; x_wconf 89' lang='lat' dir='ltr'><strong>sunt</strong></span> <span class='ocrx_word' id='word_1_838' title='bbox 2114 5549 2376 5603; x_wconf 69' lang='lat' dir='ltr'><strong>congrua,</strong></span> <span class='ocrx_word' id='word_1_839' title='bbox 2410 5535 2675 5590; x_wconf 88' lang='lat' dir='ltr'><strong>infantilis</strong></span> <span class='ocrx_word' id='word_1_840' title='bbox 2703 5546 2886 5592; x_wconf 85' lang='lat' dir='ltr'><strong>nostra</strong></span> <span class='ocrx_word' id='word_1_841' title='bbox 2920 5539 3026 5592; x_wconf 77' lang='lat' dir='ltr'><strong>rita</strong></span> <span class='ocrx_word' id='word_1_842' title='bbox 3067 5546 3322 5607; x_wconf 75' lang='lat' dir='ltr'><strong>tanquam</strong></span> <span class='ocrx_word' id='word_1_843' title='bbox 3351 5554 3515 5594; x_wconf 87' lang='lat' dir='ltr'><strong>manu</strong></span> 
     </span>
    </p>
   </div>
   <div class='ocr_carea' id='block_1_117' title="bbox 1947 5626 3514 5694">
    <p class='ocr_par' dir='ltr' id='par_1_117' title="bbox 1947 5626 3514 5694">
     <span class='ocr_line' id='line_1_117' title="bbox 1947 5626 3514 5694; baseline 0.004 -15"><span class='ocrx_word' id='word_1_844' title='bbox 1947 5628 2202 5689; x_wconf 76' lang='lat' dir='ltr'><strong>ducatur,</strong></span> <span class='ocrx_word' id='word_1_845' title='bbox 2257 5642 2351 5694; x_wconf 84' lang='lat' dir='ltr'><strong>per</strong></span> <span class='ocrx_word' id='word_1_846' title='bbox 2401 5626 2760 5682; x_wconf 73' lang='lat' dir='ltr'><strong>Proridentim</strong></span> <span class='ocrx_word' id='word_1_847' title='bbox 2818 5645 3097 5686; x_wconf 86' lang='lat' dir='ltr'><strong>sermones</strong></span> <span class='ocrx_word' id='word_1_848' title='bbox 3140 5632 3378 5685; x_wconf 67' lang='lat' dir='ltr'><strong>divinam</strong></span> <span class='ocrx_word' id='word_1_849' title='bbox 3421 5646 3514 5685; x_wconf 80' lang='lat' dir='ltr'><strong>na-</strong></span> 
     </span>
    </p>
   </div>
   <div class='ocr_carea' id='block_1_118' title="bbox 1949 5718 3511 5788">
    <p class='ocr_par' dir='ltr' id='par_1_118' title="bbox 1949 5718 3511 5788">
     <span class='ocr_line' id='line_1_118' title="bbox 1949 5718 3511 5788; baseline 0.004 -19"><span class='ocrx_word' id='word_1_850' title='bbox 1949 5727 2125 5770; x_wconf 69' lang='lat' dir='ltr'><strong>turam</strong></span> <span class='ocrx_word' id='word_1_851' title='bbox 2177 5718 2470 5788; x_wconf 76' lang='lat' dir='ltr'><strong>attingens.</strong></span> <span class='ocrx_word' id='word_1_852' title='bbox 2523 5719 2676 5784; x_wconf 79' lang='lat' dir='ltr'><strong>Quod</strong></span> <span class='ocrx_word' id='word_1_853' title='bbox 2711 5722 2854 5776; x_wconf 84' lang='lat' dir='ltr'><strong>enim</strong></span> <span class='ocrx_word' id='word_1_854' title='bbox 2899 5723 3029 5776; x_wconf 89' lang='lat' dir='ltr'><strong>nulli</strong></span> <span class='ocrx_word' id='word_1_855' title='bbox 3080 5724 3292 5779; x_wconf 49' lang='lat' dir='ltr'><strong>aﬂci&#39;tui</strong></span> <span class='ocrx_word' id='word_1_856' title='bbox 3324 5735 3511 5779; x_wconf 77' lang='lat' dir='ltr'><strong>eorum</strong></span> 
     </span>
    </p>
   </div>
  </div>
