4010 6212
449 223 581 283 1051

1659 220 1717 277 S.
1739 220 2068 278 GREGOBH
2097 218 2393 276 ΝῐδειῐΝι

3550 224 3703 283 i032

446 338 544 409 qui
579 352 677 410 per
717 338 1074 410 voluptatem,
1108 342 1190 393 ve'
1246 318 1704 403 miscricordiam,
1749 334 1833 391 vel
1885 333 2018 389 iram

2121 332 2229 404 γάρ
2266 332 2445 386 οὐδενὶ
2474 331 2634 386 πάθει
2682 334 2790 387 τῶν
2831 334 2949 388 καθ’
2986 335 3199 408 ἡδονὴν,
3231 337 3265 407 ἢ
3310 337 3432 392 κατ’
3458 337 3632 404 ἔλεον,
3661 326 3711 405 ἢ,

448 431 803 501 contingunt,
867 430 1036 485 Deum
1078 430 1376 499 obnoxium
1439 443 1560 484 esse
1625 435 1877 482 sanctum
1936 434 2022 481 est

444 524 787 589 existimare,
821 524 1005 581 nullus
1054 524 1148 592 qui
1196 523 1279 578 vel
1318 521 1666 577 mediocriter
1711 536 1895 575 rerum
1938 536 2023 575 ve-

450 614 665 668 ritatem
718 613 1104 678 considerarit,
1165 613 1579 668 contradixerit.
1631 610 2020 669 Verumtamen

447 703 615 760 etiam
669 703 931 761 delectari
990 705 1254 760 Dominus
1298 704 1499 763 dicitur
1546 704 1599 757 in
1653 702 1828 759 servis
1880 703 2018 768 suis,

447 805 504 851 et
556 797 722 853 irasci
781 797 966 851 animo
1023 796 1076 850 in
1136 797 1396 867 populum
1444 796 1537 865 qui
1589 795 1773 864 lapsus
1823 792 2018 859 fuerat,

446 896 504 942 et
550 887 797 942 misereri
846 902 1040 942 rursus
1075 886 1196 956 ejus
1248 885 1407 955 cujus
1449 887 1706 941 misertus
1742 884 1925 948 fuerit,
1968 896 2022 938 et

450 979 704 1037 similiter
765 978 1054 1044 misereri,
1111 993 1442 1048 unoquoque
1491 978 1678 1032 talium
1729 979 2020 1034 verborum

448 1069 730 1140 plausibili
759 1084 1012 1125 sermone
1050 1084 1153 1125 nos
1186 1069 1513 1135 instruente,
1536 1068 1681 1138 quod
1711 1084 1804 1136 per
1834 1078 2021 1123 nostra

450 1160 713 1213 idiomata
755 1174 850 1214 seu
884 1159 1248 1229 proprietates
1283 1158 1376 1214 Dei
1418 1157 1760 1229 providentia
1794 1157 2023 1212 inﬁrmi-

451 1251 550 1304 tati
585 1256 784 1305 nostrae
830 1248 1164 1305 admiscetur
1203 1268 1217 1307 :
1258 1258 1315 1303 ut
1349 1249 1440 1319 qui
1473 1248 1541 1304 ad
1571 1257 1859 1319 peceatum
1897 1264 2023 1320 pro-

449 1342 619 1396 clives
667 1347 815 1406 sunt,
871 1349 1081 1395 terrore
1134 1355 1198 1394 ac
1248 1348 1393 1395 metu
1435 1355 1465 1393 a
1497 1340 1655 1396 malis
1687 1341 2020 1406 abstineant,

449 1443 504 1489 et
555 1435 649 1504 qui
698 1435 753 1488 in
804 1434 1043 1503 peccatis
1085 1431 1410 1502 deprehensi
1468 1438 1596 1486 ante
1654 1430 1877 1500 fuerint,
1910 1446 2021 1486 non

450 1528 746 1596 desperent
794 1524 1031 1580 reditum
1088 1539 1186 1593 per
1234 1522 1637 1595 pmnitentiam,
1686 1523 1743 1581 in
1794 1522 1885 1578 Dei
1920 1522 2022 1577 tui-

448 1616 808 1673 serieordiam
862 1614 1257 1685 respicientes;
1314 1614 1406 1683 qui
1466 1629 1597 1669 vero
1647 1614 1713 1668 ad
1774 1622 2017 1670 exactam

448 1722 700 1763 normam
753 1707 921 1762 vitam
967 1720 1121 1760 suam
1171 1704 1448 1776 dirigunt,
1497 1712 1551 1759 et
1605 1713 1751 1760 recte
1796 1703 2018 1763 confer.

450 1806 623 1863 mant,
680 1797 853 1868 magis
883 1796 1180 1851 virtutibus
1209 1795 1500 1861 exsultent,
1550 1803 1609 1850 ut
1643 1795 1736 1865 qui
1780 1810 1878 1851 sua
1910 1796 2020 1851 vita

451 1888 629 1957 ipsum
658 1887 927 1942 honorum
952 1886 1312 1957 inspectorem
1344 1886 1635 1943 delectent.
1656 1885 2021 1952 Quemadmo-

447 1979 577 2034 dum
629 1987 809 2032 autem
860 1993 969 2033 non
1021 1977 1150 2031 licet
1200 1983 1406 2030 mutum
1457 1975 1737 2030 nominare
1768 1990 1891 2030 eum
1928 1977 2020 2045 qui

446 2086 544 2142 per
598 2069 800 2138 figuras
856 2076 906 2123 et
952 2076 1139 2138 gestus
1181 2082 1303 2121 cum
1349 2066 1555 2130 surdo,
1603 2074 1875 2136 quatenus
1922 2082 2020 2122 au-

448 2161 567 2216 dire
606 2168 807 2231 potest,
837 2159 1170 2228 colloquitur
1204 2176 1217 2212 :
1251 2157 1331 2213 sic
1363 2173 1540 2228 neque
1573 2157 1873 2212 humanum
1907 2174 2020 2214 ser-

449 2267 670 2308 monem
717 2251 774 2305 in
827 2248 937 2303 Deo
978 2249 1296 2304 existimare
1347 2248 1627 2313 debemus,
1662 2250 1917 2319 quoniam
1953 2250 2021 2306 ad

447 2341 698 2397 homines
734 2354 830 2409 per
883 2336 1349 2408 dispensationem
1389 2352 1454 2393 eo
1505 2352 1639 2392 usus
1674 2345 1776 2392 est.
1810 2336 2019 2391 Etenim

449 2446 555 2487 nos
615 2430 902 2500 clyogmo,
954 2426 1007 2480 id
1053 2434 1168 2489 est,
1225 2424 1654 2482 sono-acutiora
1712 2425 1876 2495 palati
1926 2440 2021 2481 seu

449 2523 708 2595 gutturis,
759 2530 813 2576 et
862 2534 1183 2591 poppysmo,
1238 2533 1375 2575 sono
1423 2516 1658 2588 quodam
1714 2518 1805 2588 qui
1857 2518 2024 2574 labris

448 2612 786 2681 compressa
834 2610 1036 2672 editur,
1080 2615 1134 2663 et
1186 2606 1347 2662 sibilo
1372 2604 1563 2659 hrutas
1605 2604 1915 2658 animantes
1948 2602 2028 2657 di-

450 2700 632 2770 rigere
676 2697 1085 2752 consuevimus.
1135 2696 1203 2748 At
1233 2695 1337 2749 hoc
1365 2693 1524 2748 nobis
1559 2707 1740 2749 sermo
1779 2708 1889 2746 non
1920 2701 2023 2759 est,

2122 423 2288 496 ὀργὴν
2311 423 2710 495 συμϐαινόντων
2727 426 2918 496 εὐαγές
2943 429 3088 481 ἐστιν
3115 429 3438 484 ὑποκεῖσθαι
3458 431 3521 484 τὸ
3540 432 3704 487 Θεῖον

2121 517 2349 581 οἴεσθαι,
2379 517 2554 580 οὐδεὶς
2581 517 2821 571 ἀντείποι
2844 518 2949 571 τῶν
2980 520 3072 572 καὶ
3102 520 3334 590 μετρίως
3354 521 3703 593 ἐπεσκεμμέ-

2121 625 2226 662 νων
2263 608 2362 678 τὴν
2407 607 2533 679 περί
2579 608 2685 661 τῶν
2723 608 2890 662 ὄντων
2926 608 3206 682 ἀλήθειαν.
3255 611 3392 664 Ἀλλ’
3424 615 3580 682 ὅμως
3612 612 3693 672 κα,

2122 696 2504 770 εὐφραίνεσθαι
2533 697 2737 768 Κύριος
2770 697 2984 766 λέγεται
3008 700 3100 751 ἐπὶ
3134 701 3244 762 τοῖς
3274 699 3482 765 δούλοις
3512 702 3699 767 αὐτοῦ,

2129 787 2223 842 καὶ
2260 777 2575 858 ὀργίζεσθαι
2618 787 2774 859 θυμῷ
2821 789 2912 841 ἐπὶ
2942 788 3032 842 τὸν
3061 789 3360 843 ὲπταικότα
3404 789 3556 855 λαὸν,
3607 792 3708 845 καὶ

2123 879 2287 931 ἐλεεῖν
2316 880 2475 933 πάλιν
2513 880 2571 932 ὃν
2616 879 2679 933 ἂν
2705 879 2924 952 ἐλεήσῃ,
2959 880 3053 933 καὶ
3084 880 3371 953 οἰκτείρειν
3413 881 3701 948 ὡσαύτως,

2124 968 2190 1022 δι’
2237 970 2489 1030 ἑκάστου,
2521 967 2691 1041 οἶμαι,
2738 970 2846 1025 τῶν
2875 970 3128 1024 τοιούτων
3156 970 3415 1041 ῥημάτων
3444 972 3540 1024 τοῦ
3571 991 3704 1044 κρο-

2120 1060 2213 1114 τοῦ
2248 1060 2406 1129 λόγου
2440 1062 2587 1133 ἡμᾶς
2620 1060 2985 1125 παιδεύοντος,
3034 1062 3115 1115 ὅτι
3157 1062 3245 1117 διά
3284 1062 3388 1117 τῶν
3414 1063 3704 1133 ἡμετέρων

2125 1151 2430 1222 ἰδιωμάτων
2461 1154 2492 1223 ἡ
2529 1151 2624 1205 τοῦ
2673 1152 2806 1206 Θεοῦ
2858 1154 3085 1223 πρόνοια
3124 1157 3191 1224 τῇ
3241 1154 3493 1224 ἀσθενείᾳ
3543 1154 3705 1225 ἡμῶν

2123 1245 2506 1316 ἔπιμίγνυται”
2546 1245 2622 1310 ὡς
2658 1247 2723 1300 ἂν
2769 1246 2821 1299 οῖ
2848 1262 2906 1299 τε
2953 1245 3086 1315 πρὸς
3116 1246 3385 1317 ἁμαρτίαν
3415 1245 3700 1316 ῥέποντες,

2122 1336 2270 1407 φόϐῳ
2299 1338 2396 1408 τῆς
2427 1337 2695 1408 τιμωρίας
2726 1337 2948 1400 ἑαυτοὺς
2992 1336 3098 1390 τῶν
3135 1337 3319 1390 κακῶν
3351 1336 3617 1408 ἀνέχοιεν,
3649 1337 3706 1392 οἳ

2120 1445 2179 1482 τε
2215 1428 2640 1499 προειλημμένοι
2691 1428 2766 1499 μὴ
2814 1427 3239 1496 ἀπογινώσκοιεν
3272 1428 3371 1500 τὴν
3416 1431 3481 1481 ἐκ
3531 1447 3704 1500 μεταο

2068 1514 2071 1515 ν
2121 1518 2267 1583 νοίας
2297 1518 2575 1585 ἐπάνοδον,
2609 1519 2745 1590 πρὸς
2772 1520 2861 1572 τὸν
2900 1518 3047 1572 ἔλεον
3077 1518 3393 1589 βλέποντες*
3431 1520 3525 1572 καί⁵
3553 1519 3605 1572 oi
3628 1517 3700 1573 δι’

2121 1606 2381 1679 ἀκριϐοῦς
2433 1610 2706 1674 πολιτείας
2750 1609 3134 1682 κατορθοῦντες
3176 1609 3267 1662 τὸν
3313 1609 3446 1679 βίον,
3496 1608 3702 1679 μᾶλλον

2052 1671 2093 1725 Β
2124 1671 2240 1764 ταῖς
2272 1671 2491 1770 ἀρεταῖς
2523 1671 2929 1770 ὲπαγάλλοιντο,
2964 1701 3040 1765 ὡς
3071 1671 3443 1771 εύφραίνοντες
3468 1671 3549 1771 rip
3578 1700 3704 1773 ἰδίῳ

2128 1790 2228 1863 βίῳ
2259 1791 2352 1845 τὸν
2397 1791 2504 1845 τῶν
2550 1790 2768 1860 ἀγαθῶν
2810 1791 3090 1862 γινόμενον
3137 1791 3349 1863 ἔφορον.
3384 1792 3591 1862 Ὠσπερ
3633 1790 3703 1849 δὲ

2125 1884 2224 1937 οὐκ
2247 1882 2362 1936 ἐστι
2388 1883 2569 1953 κωφὸν
2598 1884 2859 1955 ὀνομάσαι
2886 1883 2975 1939 τὸν
3001 1883 3089 1938 διὰ
3114 1882 3402 1955 σχημάτων
3429 1881 3506 1952 τῷ
3526 1881 3701 1955 κωφῷ

2125 1973 2307 2038 καθὼς
2352 1975 2561 2028 ὲπαῖειν
2608 1974 2851 2045 πέφυκεν
2878 1974 3204 2047 ὁμιλοῦντα*
3252 1974 3423 2039 οὕτως
3457 1972 3580 2027 οὐδὲ
3604 1975 3703 2028 ἀν-

2127 2065 2395 2138 θρώπινον
2421 2066 2575 2136 λόγον
2606 2068 2735 2138 περί
2761 2069 2852 2122 τὸν
2883 2067 3017 2123 Θεὸν
3046 2069 3312 2142 οίηθῆναι,
3342 2066 3533 2140 ἐπειδὴ
3563 2068 3700 2139 πρὸς

2127 2156 2444 2228 ἀνθρώπους
2498 2157 2646 2229 αὐτῷ
2698 2159 2818 2216 κατ’
2875 2160 3185 2231 οἰκονομίαν
3234 2161 3523 2230 ἐχρήσατο.
3586 2158 3700 2216 Καὶ

2126 2248 2234 2319 γὰρ
2264 2248 2423 2319 ἡμεῖς
2450 2249 2746 2320 κλυωγμῷ,
2793 2249 2887 2304 καὶ
2924 2250 3236 2322 ποππυσμῷ
3275 2251 3370 2305 καὶ
3401 2248 3701 2322 συρίγματι

2131 2338 2200 2392 τὰ
2228 2338 2400 2408 ἄλογα
2436 2339 2731 2393 διευθύνειν
2762 2340 3049 2412 εἰώθαμεν.
3079 2341 3215 2395 Ἀλλ’
3242 2342 3304 2395 ού
3330 2341 3488 2395 τοῦτο
3512 2342 3644 2414 ἡμῖν
3670 2340 3705 2395 ό

2125 2426 2282 2497 λόγος
2310 2430 2477 2495 ἐστὶν,
2511 2422 2555 2497 ᾧ
2586 2429 2681 2499 τῆς
2707 2429 2814 2485 τῶν
2840 2430 3046 2498 ἀλόγων
3072 2430 3241 2502 ἀκοῆς
3264 2426 3700 2500 καθικνούμεθαθ

2126 2516 2260 2570 ἀλλά
2301 2519 2434 2587 πρὸς
2469 2518 2568 2589 μὲν
2611 2520 2756 2590 ἡμᾶς
2806 2520 3000 2583 αὐτοὺς
3050 2523 3116 2591 τῇ
3165 2520 3321 2589 φύσει
3354 2516 3701 2591 κεχρήμεθα.

2125 2610 2235 2672 τοῖς
2273 2607 2329 2662 δὲ
2361 2608 2594 2677 ἀλόγοις,
2629 2610 2667 2663 ὅ
2696 2628 2756 2664 τε
2783 2610 3111 2682 κατάλληλος
3139 2611 3307 2681 ψόφος
3336 2611 3430 2664 καὶ
3473 2613 3502 2663 ό
3547 2607 3704 2673 ποιὸς

2125 2697 2215 2751 διά
2246 2696 2337 2752 τοῦ
2373 2700 2649 2771 σχήματος
2697 2696 2829 2772 ἦχος
2860 2701 3125 2774 πρὸς-τὴν
3164 2702 3351 2773 χρείαν
3379 2700 3699 2772 ἐξήρκεσεν.

453 2807 567 2863 quo
619 2791 906 2844 brutorum
956 2786 1274 2840 animalium
1321 2801 1483 2861 aqres
1510 2792 1904 2856 penetramus:
1972 2784 2070 2840 sed
2110 2788 2251 2858 apud
2284 2804 2387 2844 nos
2427 2790 2577 2860 ipsos
2629 2792 2861 2846 naturali
2900 2792 3114 2862 quidem
3163 2808 3416 2848 sermone
3472 2793 3701 2857 utimur,

450 2899 641 2940 verum
697 2880 841 2951 apud
895 2879 1054 2933 bruta
1110 2877 1410 2933 animantia
1456 2890 1732 2949 congruus
1763 2876 2022 2948 strepitus
2058 2886 2112 2934 et
2141 2882 2540 2953 qualiscunque
2588 2898 2684 2954 per
2728 2889 2941 2954 gestum
2975 2884 3187 2940 seuitus
3225 2884 3292 2939 ad
3326 2885 3701 2939 necessarium

453 2993 616 3034 usum
669 2974 806 3029 satis
852 2970 965 3025 fuit.

527 3064 727 3122 Verum
790 3062 881 3117 hic
929 3060 1218 3130 religiosus
1263 3075 1372 3115 non
1420 3058 1535 3114 vult
1590 3058 1763 3115 Deum
1820 3059 2022 3115 nostris
2051 3062 2094 3122 ϐ

453 3175 616 3215 usum
667 3156 856 3222 fuisse,
909 3164 1132 3225 propter
1166 3159 1409 3207 nostram
1443 3151 1509 3205 ad
1558 3150 1750 3206 vitium
1792 3165 2026 3222 propen-

452 3250 688 3311 sionem,
746 3247 1009 3317 ignorans
1054 3244 1144 3298 hic
1193 3242 1561 3297 amicissimus
1606 3239 1753 3311 quod
1802 3247 2028 3310 propter

451 3355 556 3396 nos
606 3352 782 3407 neque
824 3334 1174 3389 maledictum
1209 3339 1264 3387 et
1301 3334 1624 3396 exsecratio,
1658 3339 1711 3385 et
1742 3335 2025 3399 peccatum

451 3430 570 3486 ﬁeri
617 3428 796 3483 renuit
822 3445 836 3480 :
866 3434 1071 3479 tantum
1102 3429 1190 3477 est
1223 3422 1272 3476 ei
1324 3421 1717 3476 benevolentia:
1738 3429 1792 3476 et
1824 3418 2026 3474 amoris

451 3535 584 3590 erga
618 3518 895 3580 homines,
942 3524 997 3568 ut
1039 3529 1149 3568 non
1181 3513 1448 3568 bonorum
1492 3513 1691 3575 solum,
1734 3509 1831 3567 sed
1862 3509 2024 3566 etiam

450 3612 722 3673 malorum
774 3616 1088 3662 nostrorum
1134 3612 1330 3675 sponte
1379 3602 1449 3658 ad
1495 3602 1882 3672 experientiam
1929 3615 2025 3656 ve-

450 3701 616 3761 nerit.
643 3698 746 3765 Qui
789 3706 971 3753 autem
997 3696 1264 3752 malorum
1289 3694 1509 3767 quidem
1538 3702 1850 3749 nostrorum
1875 3708 2030 3748 com-

448 3792 882 3855 municationem
933 3789 1165 3859 accepit,
1193 3785 1468 3857 quomodo
1509 3800 1631 3841 eum
1669 3783 2026 3856 pulcherrimi

448 3894 768 3943 nostrorum
814 3882 1081 3937 honorum
1123 3878 1456 3950 (sermonem
1505 3875 1767 3946 intelligo)
1809 3874 2027 3947 partici-

2211 3056 2347 3111 Ἀλλ’
2378 3059 2437 3112 ού
2472 3058 2718 3130 βούλεται
2746 3061 2857 3124 τοῖς
2885 3059 3174 3135 ἡμετέροις
3216 3062 3245 3114 ὁ
3272 3059 3503 3132 εὐλαϐὴς
3541 3058 3703 3129 οὗτος

2127 3148 2217 3204 τὸν
2244 3147 2378 3202 Θεὸν
2423 3150 2745 3221 κεχρῆσθαι,
2775 3149 2862 3204 διὰ
2903 3150 3003 3222 τὴν
3037 3150 3170 3223 πρὸς
3198 3152 3394 3207 κακίαν
3426 3152 3586 3224 ἡμῶν
3610 3156 3705 3227 ῥο-

2124 3239 2254 3312 πὴν,
2282 3227 2495 3309 ἀγνοῶν
2521 3243 2549 3294 ό
2574 3241 2824 3310 φίλτατος
2846 3243 2926 3295 ὅτι
2953 3242 3020 3296 δι’
3047 3245 3192 3315 ἡμᾶς
3218 3243 3337 3297 οὐδὲ
3364 3244 3582 3314 κατάρα
3604 3245 3705 3299 καὶ

2122 3330 2367 3403 ἁμαρτία
2395 3331 2660 3403 ἀπέσχετο
2684 3332 2961 3404 γενέσθαν
2987 3333 3235 3389 τοσοῦτον
3266 3333 3414 3406 αὑτῷ
3443 3335 3699 3407 περίεστι

2124 3421 2222 3494 τῆς
2252 3422 2672 3496 φιλανθρωπίας,
2702 3424 2776 3488 ὡς
2805 3425 2926 3497 ούχί.
2954 3424 3062 3481 τῶν
3099 3425 3319 3494 ἀγαθῶν
3354 3427 3532 3497 μόνον,
3561 3427 3706 3485 ἀλλὰ

2126 3514 2220 3569 καὶ
2264 3514 2372 3569 τῶν
2420 3516 2605 3570 κακῶν
2649 3514 2755 3571 τῶν
2786 3517 3067 3588 ἡμετέρων
3100 3517 3359 3581 ἑκουσίως
3387 3520 3467 3581 είς
3502 3520 3706 3589 πεῖραν

2125 3604 2320 3662 ἐλθεῖν.
2382 3606 2438 3660 ὐ
2489 3606 2546 3660 δὲ
2589 3605 2696 3661 τῶν
2726 3608 2910 3661 κακῶν
2946 3608 3044 3679 τὴν
3079 3610 3362 3663 κοινωνίαν
3385 3608 3701 3678 δεξάμενος.

2127 3696 2243 3760 πῶς
2277 3697 2341 3752 ἂν
2383 3698 2477 3752 τοῦ
2513 3698 2796 3753 καλλίστου
2828 3700 2935 3753 τῶν
2981 3700 3260 3772 ἡμετέρων
3301 3699 3466 3772 (φημὶ
3497 3700 3560 3754 δὲ
3603 3699 3701 3755 τοῦ

2125 3790 2305 3862 λόγου)
2357 3792 2454 3863 τὴν
2504 3794 2789 3864 μετουσίαν
2837 3792 3114 3865 ῶκνησενς
3182 3793 3343 3848 Ἀλλά
3385 3794 3477 3847 τὸν
3532 3793 3705 3849 Δαϐὶδ

2118 3882 2206 3947 είς
2234 3883 2566 3953 συνηγορίαν
2613 3883 2992 3954 προϐάλλεται,
3022 3884 3114 3938 καί
3161 3901 3322 3955 φησιν
3366 3886 3575 3940 ἐκεῖνον
3615 3884 3704 3937 λι-

450 3991 573 4046 pem
618 3974 734 4032 ﬁeri
792 3972 1005 4043 piguit?
1052 3970 1156 4027 Sed
1198 3971 1264 4026 ad
1296 3968 1657 4041 patrocinium
1697 3964 1863 4022 David
1894 3980 2023 4037 pro-

2124 3988 2262 4041 γειν,
2296 3972 2448 4045 παρὰ
2472 3972 2570 4028 τοῦ
2598 3974 2733 4029 Θεοῦ
2756 3979 2867 4040 τοῖς
2908 3976 3194 4046 πράγμασι
3221 3976 3288 4030 τὰ
3330 3975 3571 4046 ὀνόματα
3613 3993 3703 4028 τεο

448 4066 628 4145 ponit,
676 4072 731 4121 et
778 4064 857 4119 ait
906 4065 1060 4119 illum
1115 4062 1299 4117 dicere
1345 4075 1376 4116 a
1430 4058 1541 4115 Deo
1595 4058 1759 4112 rebus
1802 4056 2023 4145 nomina

2125 4065 2351 4134 θεῖσθαι,
2399 4067 2485 4122 διὰ
2531 4068 2591 4123 τὸ
2640 4070 2945 4142 γεγράφθαι
2990 4070 3176 4125 τοῦτον
3222 4070 3311 4124 τὸν
3355 4070 3589 4140 τρόπον·
3634 4071 3703 4124 '0

450 4142 626 4214 inzlita
673 4171 817 4221 esse,
859 4153 990 4225 quia
1027 4154 1291 4223 scriptum
1326 4158 1409 4206 est
1456 4147 1524 4203 ad
1574 4148 1719 4202 hunc
1757 4142 2019 4201 modum:

2121 4155 2383 4227 ἀριθμῶν
2431 4156 2633 4227 πλήθη
2680 4157 2937 4226 ἄστρων,
2979 4158 3079 4212 καί
3111 4158 3302 4213 ,πᾶσιν
3327 4158 3531 4226 αὐτοῖς
3571 4161 3705 4216 ὀνόο

366 4282 371 4295 ι
448 4251 558 4319 Qui
607 4257 847 4307 numerat
893 4245 1284 4300 multitudinea:
1333 4241 1636 4304 stellarum,
1689 4246 1738 4294 et
1782 4236 2023 4292 omnibus

2121 4265 2277 4318 ματα
2312 4247 2532 4305 καλῶν.
2578 4246 2725 4316 ἒΕγὼ
2761 4248 2817 4302 δὲ
2842 4248 3102 4321 πρόδηλον
3130 4249 3227 4320 μὲν
3255 4249 3496 4321 ἡγοῦμαι
3534 4252 3703 4305 παντὶ

449 4344 524 4401 eis
571 4341 785 4395 nomina
825 4347 974 4393 vocat
995 4338 1062 4390 ⁷⁸.
1108 4335 1218 4406 Ego
1242 4342 1422 4390 autem
1454 4330 1628 4387 cuivis
1650 4329 1849 4386 mentis
1872 4343 2022 4383 com-

2122 4333 2200 4404 τῷ
2230 4333 2353 4390 νοῦν
2381 4334 2554 4406 ἔχοντι
2599 4334 2689 4391 τὸν
2722 4336 2848 4409 περὶ
2877 4337 3077 4393 τούτων
3117 4338 3293 4406 λόγον,
3326 4339 3402 4402 ὡς
3442 4339 3701 4410 οὐδεμίαν

367 4450 381 4469 κ
450 4431 562 4502 poti
585 4429 934 4500 perspicuum
963 4442 1087 4483 esse
1105 4405 1360 4487 arbitror,
1385 4423 1530 4493 quod
1553 4419 1821 4492 ejusmodi
1843 4432 2021 4475 sermo

2126 4424 2243 4497 ἔχει
2275 4405 2557 4481 κοινωνίαν
2588 4428 2726 4499 πρὸς
2766 4405 2827 4482 τδ
2868 4428 3242 4501 προκείμενον.
3291 4430 3508 4502 Ἐπειδὴ
3620 4448 3703 4485 τι-

449 4523 544 4592 qui
588 4522 655 4577 de
701 4522 820 4576 istis
871 4520 1124 4582 habetur,
1173 4516 1380 4571 nullam
1438 4514 1601 4569 habet
1648 4528 1774 4568 cum
1819 4512 1906 4567 his
1954 4509 2024 4565 de

381 4653 384 4656 .
450 4614 652 4683 quibus
704 4614 884 4683 agitur
925 4609 1388 4667 comumnionem.
1432 4605 1701 4672 Quoniam
1735 4617 1864 4659 vero
1898 4617 2023 4672 pro-

450 4704 631 4759 habile
682 4711 768 4758 est
822 4701 1092 4772 quosdam
1151 4699 1277 4753 huic
1331 4695 1572 4753 sermoni
1623 4693 2023 4750 inconsiderate

448 4793 759 4864 astipulari,
796 4807 969 4862 pauca
1002 4791 1251 4862 qua‘datu
1282 4785 1457 4845 dehis
1484 4788 1836 4843 disseremus.
1862 4782 2023 4839 Novit

450 4901 593 4954 saepe
623 4884 810 4938 divina
864 4881 1147 4951 Scriptura
1185 4880 1496 4951 hujttsuiodi
1528 4894 1687 4934 voces
1716 4876 1826 4933 Deo
1865 4876 2020 4931 attri-

444 4978 618 5044 buere
664 4982 724 5029 ut
774 4973 909 5045 ipsae
946 4988 977 5026 a
1022 4971 1228 5026 nostris
1272 4971 1409 5026 nihil
1463 4971 1748 5026 dissonare
1788 4967 2016 5022 videan-

449 5078 560 5132 tur,
591 5076 671 5134 ut,
704 5065 887 5121 Iratus
921 5074 998 5120 est
1020 5064 1199 5134 furore
1230 5063 1485 5118 Dominus
1521 5059 2016 5131 ",et,Pu:nituit"’,

444 5162 520 5219 ob
568 5167 790 5232 peccata
843 5156 1110 5226 ipsorum,
1171 5165 1248 5223 et,
1298 5154 1438 5210 Deus
1487 5153 1820 5222 pmnituerat,
1881 5149 2018 5221 quod

447 5254 685 5311 ﬂuxisset
739 5252 958 5307 Saulem
1018 5251 1070 5304 in
1115 5265 1285 5319 regem
1362 5246 1537 5317 (super
1599 5243 1770 5299 Israel
1813 5244 1920 5313 7");
1964 5251 2018 5298 ct

451 5343 865 5412 Expergefactus
910 5354 987 5398 est
1041 5343 1296 5397 Dominus
1329 5349 1579 5410 tanquam
1623 5346 1901 5405 separatus
1945 5336 2048 5414 '°..

451 5433 721 5489 Praeterea
761 5435 1099 5502 cathedram,
1127 5442 1349 5501 statum,
1369 5438 1574 5486 motum
1599 5439 1654 5485 et
1677 5429 1842 5482 multa
1873 5428 2015 5497 ejus-

2125 4533 2222 4581 νας
2249 4517 2395 4582 εἰκὸς
2426 4518 2835 4584 ἀνεπισκέπτως
2858 4519 2936 4592 τῷ
2957 4520 3099 4592 λόγῳ
3122 4521 3529 4592 προστίθεσθαι,
3562 4522 3705 4593 βρα-

2123 4609 2223 4679 χέα
2255 4608 2607 4682 περὶτούτων
2646 4611 3031 4684 διαληψόμεθα.
3066 4612 3189 4668 Οίδε
3220 4614 3476 4678 πολλάκις
3505 4616 3538 4684 ἡ
3576 4614 3703 4668 θεία

2123 4699 2312 4772 Γραφὴ
2338 4700 2589 4767 τοιαύτας
2611 4702 2686 4773 τῷ
2712 4702 2831 4776 Θεῷ
2858 4705 3189 4776 περιτιθέναι
3214 4707 3416 4774 φωνάς,
3435 4707 3509 4770 ὡς
3527 4706 3701 4776 μηδὲν

2123 4792 2350 4863 ἀπᾴδειν
2378 4792 2547 4855 αὑτάς
2576 4793 2682 4849 τῶν
2721 4795 3002 4866 ἡμετέρων
3028 4796 3235 4855 δοκεῖν·
3283 4790 3394 4850 οἷον
3450 4796 3529 4861 τὸ,
3582 4797 3703 4866 Ὡρ-

2123 4884 2301 4953 τίσθη
2333 4882 2496 4952 θυμῷ
2525 4886 2741 4953 Κύριος
2760 4904 2775 4919 ·
2821 4887 2937 4950 καὶ,
2962 4890 3340 4956 Μετενὸησεν
3372 4889 3464 4942 ἐπὶ
3499 4884 3567 4958 τῇ
3600 4906 3701 4941 κα-

2124 4972 2218 5045 κίᾳ
2239 4973 2417 5027 αὐτῶν
2437 4990 2450 5003 θ
2488 4974 2600 5039 καὶ,
2623 4977 3001 5046 Μετεμελήθη
3019 4979 3219 5048 χρίσαι
3244 4977 3353 5033 τὸν
3382 4977 3587 5032 Σαοὺλ
3608 4979 3700 5045 εἰς

2117 5061 2416 5127 ,βασιλέα’
2470 5067 2584 5127 καὶ,
2622 5064 2940 5137 Ἐξηγέρθη
2986 5068 3066 5133 ὡς
3118 5070 3154 5122 ὁ
3199 5066 3409 5122 ὑπνῶν
3454 5068 3694 5135 Κύριος.

2123 5153 2235 5207 Καὶ
2259 5152 2336 5208 ἔτι
2378 5155 2513 5226 πρὸς
2544 5155 2771 5226 τούτοις,
2803 5157 3069 5232 καθέδραν
3096 5161 3190 5213 καί
3222 5159 3433 5221 στάσιν,
3485 5158 3580 5212 καὶ
3609 5158 3693 5211 κί-

2126 5261 2299 5314 νησιν,
2344 5246 2437 5299 καὶ
2486 5246 2655 5301 πολλά
2698 5248 2921 5305 τοιαῦτα
2960 5250 3239 5317 διέξεισιν
3295 5249 3332 5304 ἃ
3379 5249 3539 5318 φύσει
3595 5250 3696 5319 μὲν

2123 5335 2248 5405 περὶ
2279 5335 2366 5388 τὸν
2395 5335 2526 5390 Θεὸν
2553 5340 2652 5393 οὐκ
2698 5339 2831 5403 ἔστι,
2864 5340 2995 5411 πρὸς
3033 5341 3089 5394 δὲ
3118 5341 3216 5413 τὴν
3245 5339 3556 5411 οἰκονομίαν
3586 5338 3696 5391 τῶν

2120 5425 2518 5496 παιδευομένων
2578 5432 2678 5485 οὐκ
2750 5433 3033 5503 ἀχρήστως
3091 5432 3222 5503 ἔχει.
3282 5430 3419 5495 Τούς
3466 5447 3527 5491 τε
3580 5426 3691 5501 γάρ

524 5612 566 5641 τῖ’
605 5611 749 5684 ξ’ξίιι.
778 5625 951 5674 cxtvt,
984 5611 1036 5663 εἰ.
1112 5611 1154 5641 ⁷⁷
1197 5607 1338 5663 Psal.
1369 5623 1454 5672 cv,
1493 5608 1581 5662 40.
1656 5608 1699 5639 τ⁸
1732 5605 1860 5662 ibid.
1890 5603 1977 5661 45.

2131 5603 2145 5657 Ι
2184 5604 2309 5678 lleg.
2349 5608 2526 5673 xv,55.
2607 5611 2649 5639 ’το
2692 5608 2832 5668 i’sal.
2872 5628 3070 5675 Lxxvtt,
3103 5612 3191 5668 65.
