  <div class='ocr_page' id='page_1' title='image "/cluster/home/n/w/nwhite01/storage/ocr_20150623/45/hvd.32044073501876/544.png"; bbox 0 0 4010 6212; ppageno 0'>
   <div class='ocr_carea' id='block_1_1' title="bbox 310 290 453 352">
    <p class='ocr_par' dir='ltr' id='par_1_1' title="bbox 310 290 453 352">
     <span class='ocr_line' id='line_1_1' title="bbox 310 290 453 352; baseline 0.021 -3"><span class='ocrx_word' id='word_1_1' title='bbox 310 290 453 352; x_wconf 76' lang='lat' dir='ltr'><strong>I053</strong></span> 
     </span>
    </p>
   </div>
   <div class='ocr_carea' id='block_1_2' title="bbox 1440 256 2577 370">
    <p class='ocr_par' dir='ltr' id='par_1_2' title="bbox 1440 256 2577 370">
     <span class='ocr_line' id='line_1_2' title="bbox 1440 256 2577 370; baseline 0.008 -13"><span class='ocrx_word' id='word_1_2' title='bbox 1440 298 1716 357; x_wconf 67' lang='lat' dir='ltr'><strong>CONTRA</strong></span> <span class='ocrx_word' id='word_1_3' title='bbox 1753 295 2145 370; x_wconf 70' lang='lat' dir='ltr'><strong>EUNOMIUM,</strong></span> <span class='ocrx_word' id='word_1_4' title='bbox 2184 303 2315 363; x_wconf 77' lang='grc' dir='ltr'><strong>ιω.</strong></span> <span class='ocrx_word' id='word_1_5' title='bbox 2353 305 2469 365; x_wconf 79' lang='lat' dir='ltr'>XII.</span> <span class='ocrx_word' id='word_1_6' title='bbox 2572 256 2577 262; x_wconf 25' lang='lat'>.</span> 
     </span>
    </p>
   </div>
   <div class='ocr_carea' id='block_1_3' title="bbox 3419 321 3558 381">
    <p class='ocr_par' dir='ltr' id='par_1_3' title="bbox 3419 321 3558 381">
     <span class='ocr_line' id='line_1_3' title="bbox 3419 321 3558 381; baseline 0.036 -4"><span class='ocrx_word' id='word_1_7' title='bbox 3419 321 3558 381; x_wconf 69' lang='grc'><strong>1054</strong></span> 
     </span>
    </p>
   </div>
   <div class='ocr_carea' id='block_1_4' title="bbox 306 405 1885 499">
    <p class='ocr_par' dir='ltr' id='par_1_4' title="bbox 306 405 1885 484">
     <span class='ocr_line' id='line_1_4' title="bbox 306 405 1885 484; baseline 0.004 -24"><span class='ocrx_word' id='word_1_8' title='bbox 306 405 707 477; x_wconf 66' lang='grc' dir='ltr'>ἑκλυτωτέρους</span> <span class='ocrx_word' id='word_1_9' title='bbox 760 408 794 479; x_wconf 80' lang='grc' dir='ltr'><strong>ἠ</strong></span> <span class='ocrx_word' id='word_1_10' title='bbox 840 408 938 481; x_wconf 82' lang='grc' dir='ltr'>τῆς</span> <span class='ocrx_word' id='word_1_11' title='bbox 983 408 1150 484; x_wconf 83' lang='grc' dir='ltr'>ὀργῆς</span> <span class='ocrx_word' id='word_1_12' title='bbox 1210 411 1431 481; x_wconf 78' lang='grc' dir='ltr'>ἔνδειξις</span> <span class='ocrx_word' id='word_1_13' title='bbox 1485 412 1759 468; x_wconf 78' lang='grc' dir='ltr'><strong>συστέλλει</strong></span> <span class='ocrx_word' id='word_1_14' title='bbox 1810 411 1885 483; x_wconf 79' lang='grc' dir='ltr'><strong>τῷ</strong></span> 
     </span>
    </p>
   </div>
   <div class='ocr_carea' id='block_1_5' title="bbox 1987 405 3560 499">
    <p class='ocr_par' dir='ltr' id='par_1_5' title="bbox 1992 418 3560 499">
     <span class='ocr_line' id='line_1_5' title="bbox 1992 418 3560 499; baseline 0.015 -31"><span class='ocrx_word' id='word_1_15' title='bbox 1992 418 2137 473; x_wconf 91' lang='lat' dir='ltr'><strong>modi</strong></span> <span class='ocrx_word' id='word_1_16' title='bbox 2190 432 2608 487; x_wconf 86' lang='lat' dir='ltr'><strong>commemorat,</strong></span> <span class='ocrx_word' id='word_1_17' title='bbox 2640 438 2763 494; x_wconf 67' lang='lat' dir='ltr'><strong>quas</strong></span> <span class='ocrx_word' id='word_1_18' title='bbox 2792 434 2986 482; x_wconf 84' lang='lat' dir='ltr'><strong>natura</strong></span> <span class='ocrx_word' id='word_1_19' title='bbox 3028 427 3245 499; x_wconf 81' lang='lat' dir='ltr'><strong>quidem</strong></span> <span class='ocrx_word' id='word_1_20' title='bbox 3288 447 3394 487; x_wconf 86' lang='lat' dir='ltr'><strong>non</strong></span> <span class='ocrx_word' id='word_1_21' title='bbox 3430 443 3560 492; x_wconf 79' lang='lat' dir='ltr'><strong>sunt</strong></span> 
     </span>
    </p>
   </div>
   <div class='ocr_carea' id='block_1_6' title="bbox 307 497 1885 577">
    <p class='ocr_par' dir='ltr' id='par_1_6' title="bbox 307 497 1885 577">
     <span class='ocr_line' id='line_1_6' title="bbox 307 497 1885 577; baseline 0.006 -27"><span class='ocrx_word' id='word_1_22' title='bbox 307 497 485 569; x_wconf 76' lang='grc' dir='ltr'>φόόῳ,</span> <span class='ocrx_word' id='word_1_23' title='bbox 522 498 611 552; x_wconf 77' lang='grc' dir='ltr'>καὶ</span> <span class='ocrx_word' id='word_1_24' title='bbox 642 500 754 563; x_wconf 86' lang='grc' dir='ltr'>τοῖς</span> <span class='ocrx_word' id='word_1_25' title='bbox 782 499 1057 572; x_wconf 80' lang='grc' dir='ltr'><strong>δεομένοις</strong></span> <span class='ocrx_word' id='word_1_26' title='bbox 1098 502 1192 557; x_wconf 77' lang='grc' dir='ltr'>τοῦ</span> <span class='ocrx_word' id='word_1_27' title='bbox 1224 503 1322 576; x_wconf 82' lang='grc' dir='ltr'><strong>τῆς</strong></span> <span class='ocrx_word' id='word_1_28' title='bbox 1358 504 1642 576; x_wconf 75' lang='grc' dir='ltr'><strong>μετανοίας</strong></span> <span class='ocrx_word' id='word_1_29' title='bbox 1663 506 1885 577; x_wconf 77' lang='grc' dir='ltr'>φαρμὰο</span> 
     </span>
    </p>
   </div>
   <div class='ocr_carea' id='block_1_7' title="bbox 306 590 1879 667">
    <p class='ocr_par' dir='ltr' id='par_1_7' title="bbox 306 590 1879 667">
     <span class='ocr_line' id='line_1_7' title="bbox 306 590 1879 667; baseline 0.004 -25"><span class='ocrx_word' id='word_1_30' title='bbox 306 604 431 654; x_wconf 84' lang='grc' dir='ltr'>κου,</span> <span class='ocrx_word' id='word_1_31' title='bbox 467 591 861 659; x_wconf 87' lang='grc' dir='ltr'>συμμετανοεῖν</span> <span class='ocrx_word' id='word_1_32' title='bbox 906 590 999 644; x_wconf 71' lang='grc' dir='ltr'><strong>ἐπὶ</strong></span> <span class='ocrx_word' id='word_1_33' title='bbox 1031 594 1093 664; x_wconf 71' lang='grc' dir='ltr'>τῇ</span> <span class='ocrx_word' id='word_1_34' title='bbox 1138 593 1302 667; x_wconf 77' lang='grc' dir='ltr'>κακίᾳ</span> <span class='ocrx_word' id='word_1_35' title='bbox 1333 594 1477 663; x_wconf 83' lang='grc' dir='ltr'>λέγει</span> <span class='ocrx_word' id='word_1_36' title='bbox 1508 594 1597 649; x_wconf 68' lang='grc' dir='ltr'><strong>τὸν</strong></span> <span class='ocrx_word' id='word_1_37' title='bbox 1642 594 1879 667; x_wconf 74' lang='grc' dir='ltr'><strong>Κύριον⁵</strong></span> 
     </span>
    </p>
   </div>
   <div class='ocr_carea' id='block_1_8' title="bbox 307 674 1886 756">
    <p class='ocr_par' dir='ltr' id='par_1_8' title="bbox 307 674 1886 756">
     <span class='ocr_line' id='line_1_8' title="bbox 307 674 1886 756; baseline 0.003 -24"><span class='ocrx_word' id='word_1_38' title='bbox 307 681 416 742; x_wconf 83' lang='grc' dir='ltr'>τοῖς</span> <span class='ocrx_word' id='word_1_39' title='bbox 454 679 499 733; x_wconf 81' lang='grc' dir='ltr'>δ’</span> <span class='ocrx_word' id='word_1_40' title='bbox 527 674 593 732; x_wconf 80' lang='grc' dir='ltr'>αὖ</span> <span class='ocrx_word' id='word_1_41' title='bbox 622 679 679 731; x_wconf 81' lang='grc' dir='ltr'>ὲν</span> <span class='ocrx_word' id='word_1_42' title='bbox 715 679 1040 751; x_wconf 76' lang='grc' dir='ltr'><strong>εὐπραγίαις</strong></span> <span class='ocrx_word' id='word_1_43' title='bbox 1083 684 1192 737; x_wconf 72' lang='grc' dir='ltr'>τισὶ</span> <span class='ocrx_word' id='word_1_44' title='bbox 1232 684 1367 755; x_wconf 81' lang='grc' dir='ltr'>πρὸς</span> <span class='ocrx_word' id='word_1_45' title='bbox 1405 684 1561 756; x_wconf 80' lang='grc' dir='ltr'>ὓϐριν</span> <span class='ocrx_word' id='word_1_46' title='bbox 1587 684 1886 755; x_wconf 73' lang='grc' dir='ltr'>ἐκφερομέ-</span> 
     </span>
    </p>
   </div>
   <div class='ocr_carea' id='block_1_9' title="bbox 305 769 1884 850">
    <p class='ocr_par' dir='ltr' id='par_1_9' title="bbox 305 769 1884 850">
     <span class='ocr_line' id='line_1_9' title="bbox 305 769 1884 850; baseline 0.005 -29"><span class='ocrx_word' id='word_1_47' title='bbox 305 785 439 835; x_wconf 82' lang='grc' dir='ltr'><strong>νοις,</strong></span> <span class='ocrx_word' id='word_1_48' title='bbox 474 769 537 823; x_wconf 82' lang='grc' dir='ltr'><strong>τδ</strong></span> <span class='ocrx_word' id='word_1_49' title='bbox 571 770 646 840; x_wconf 76' lang='grc' dir='ltr'>μὴ</span> <span class='ocrx_word' id='word_1_50' title='bbox 689 771 1024 842; x_wconf 82' lang='grc' dir='ltr'>παραμένειν</span> <span class='ocrx_word' id='word_1_51' title='bbox 1056 774 1236 839; x_wconf 86' lang='grc' dir='ltr'>αὐτοῖς</span> <span class='ocrx_word' id='word_1_52' title='bbox 1272 774 1371 849; x_wconf 73' lang='grc' dir='ltr'>τὴν</span> <span class='ocrx_word' id='word_1_53' title='bbox 1412 778 1730 850; x_wconf 77' lang='grc' dir='ltr'><strong>εὐημερίαν,</strong></span> <span class='ocrx_word' id='word_1_54' title='bbox 1780 776 1884 831; x_wconf 71' lang='grc' dir='ltr'>κᾶν</span> 
     </span>
    </p>
   </div>
   <div class='ocr_carea' id='block_1_10' title="bbox 306 857 1882 937">
    <p class='ocr_par' dir='ltr' id='par_1_10' title="bbox 306 857 1882 937">
     <span class='ocr_line' id='line_1_10' title="bbox 306 857 1882 937; baseline 0.003 -24"><span class='ocrx_word' id='word_1_55' title='bbox 306 862 372 913; x_wconf 66' lang='grc' dir='ltr'>ὲκ</span> <span class='ocrx_word' id='word_1_56' title='bbox 418 858 554 913; x_wconf 77' lang='grc' dir='ltr'>Θεοῦ</span> <span class='ocrx_word' id='word_1_57' title='bbox 601 860 662 915; x_wconf 78' lang='grc' dir='ltr'><strong>τὸ</strong></span> <span class='ocrx_word' id='word_1_58' title='bbox 706 859 945 916; x_wconf 81' lang='grc' dir='ltr'>τοιοῦτον</span> <span class='ocrx_word' id='word_1_59' title='bbox 991 857 1130 917; x_wconf 77' lang='grc' dir='ltr'>εἶναι</span> <span class='ocrx_word' id='word_1_60' title='bbox 1178 864 1330 937; x_wconf 78' lang='grc' dir='ltr'>δοκῇ,</span> <span class='ocrx_word' id='word_1_61' title='bbox 1380 866 1468 920; x_wconf 77' lang='grc' dir='ltr'><strong>διὰ</strong></span> <span class='ocrx_word' id='word_1_62' title='bbox 1510 866 1607 937; x_wconf 83' lang='grc' dir='ltr'>τῆς</span> <span class='ocrx_word' id='word_1_63' title='bbox 1651 866 1743 920; x_wconf 76' lang='grc' dir='ltr'><strong>ἐπὶ</strong></span> <span class='ocrx_word' id='word_1_64' title='bbox 1789 865 1882 918; x_wconf 77' lang='grc' dir='ltr'><strong>τοῦ</strong></span> 
     </span>
    </p>
   </div>
   <div class='ocr_carea' id='block_1_11' title="bbox 305 948 1883 1025">
    <p class='ocr_par' dir='ltr' id='par_1_11' title="bbox 305 948 1883 1025">
     <span class='ocr_line' id='line_1_11' title="bbox 305 948 1883 1025; baseline 0.003 -23"><span class='ocrx_word' id='word_1_65' title='bbox 305 948 481 1005; x_wconf 77' lang='grc' dir='ltr'>Σαοὺλ</span> <span class='ocrx_word' id='word_1_66' title='bbox 507 949 871 1020; x_wconf 70' lang='grc' dir='ltr'>μεταμελείας</span> <span class='ocrx_word' id='word_1_67' title='bbox 904 950 1264 1023; x_wconf 76' lang='grc' dir='ltr'><strong>προδείκνυσι.</strong></span> <span class='ocrx_word' id='word_1_68' title='bbox 1302 954 1426 1017; x_wconf 86' lang='grc' dir='ltr'>Τοῖς</span> <span class='ocrx_word' id='word_1_69' title='bbox 1454 970 1513 1006; x_wconf 89' lang='grc' dir='ltr'><strong>τε</strong></span> <span class='ocrx_word' id='word_1_70' title='bbox 1544 954 1618 1025; x_wconf 81' lang='grc' dir='ltr'>μὴ</span> <span class='ocrx_word' id='word_1_71' title='bbox 1646 953 1883 1024; x_wconf 72' lang='grc' dir='ltr'>ἐμϐαθύ-</span> 
     </span>
    </p>
   </div>
   <div class='ocr_carea' id='block_1_12' title="bbox 305 1038 1883 1116">
    <p class='ocr_par' dir='ltr' id='par_1_12' title="bbox 305 1038 1883 1116">
     <span class='ocr_line' id='line_1_12' title="bbox 305 1038 1883 1116; baseline 0.002 -23"><span class='ocrx_word' id='word_1_72' title='bbox 305 1056 457 1093; x_wconf 88' lang='grc' dir='ltr'>νουσι</span> <span class='ocrx_word' id='word_1_73' title='bbox 500 1039 578 1111; x_wconf 85' lang='grc' dir='ltr'><strong>τῷ</strong></span> <span class='ocrx_word' id='word_1_74' title='bbox 608 1038 861 1111; x_wconf 81' lang='grc' dir='ltr'><strong>πτώματι</strong></span> <span class='ocrx_word' id='word_1_75' title='bbox 900 1044 999 1114; x_wconf 78' lang='grc' dir='ltr'>τῆς</span> <span class='ocrx_word' id='word_1_76' title='bbox 1030 1044 1325 1116; x_wconf 82' lang='grc' dir='ltr'>ἁμαρτίας.</span> <span class='ocrx_word' id='word_1_77' title='bbox 1367 1044 1504 1098; x_wconf 79' lang='grc' dir='ltr'>ἀλλὰ</span> <span class='ocrx_word' id='word_1_78' title='bbox 1551 1044 1797 1115; x_wconf 83' lang='grc' dir='ltr'>καθάπερ</span> <span class='ocrx_word' id='word_1_79' title='bbox 1824 1042 1883 1110; x_wconf 79' lang='grc' dir='ltr'>ἐξ</span> 
     </span>
    </p>
   </div>
   <div class='ocr_carea' id='block_1_13' title="bbox 306 1130 1882 1203">
    <p class='ocr_par' dir='ltr' id='par_1_13' title="bbox 306 1130 1882 1203">
     <span class='ocr_line' id='line_1_13' title="bbox 306 1130 1882 1203; baseline 0.004 -20"><span class='ocrx_word' id='word_1_80' title='bbox 306 1130 479 1183; x_wconf 68' lang='grc' dir='ltr'>ὕπνου</span> <span class='ocrx_word' id='word_1_81' title='bbox 516 1130 657 1195; x_wconf 78' lang='grc' dir='ltr'>τινὸς</span> <span class='ocrx_word' id='word_1_82' title='bbox 686 1130 781 1184; x_wconf 74' lang='lat'><strong>105</strong></span> <span class='ocrx_word' id='word_1_83' title='bbox 824 1133 1052 1203; x_wconf 82' lang='grc' dir='ltr'>ματαίου</span> <span class='ocrx_word' id='word_1_84' title='bbox 1096 1134 1432 1203; x_wconf 83' lang='grc' dir='ltr'>διαναστᾶσι,</span> <span class='ocrx_word' id='word_1_85' title='bbox 1468 1134 1882 1191; x_wconf 81' lang='grc' dir='ltr'>συνανίστασθαι</span> 
     </span>
    </p>
   </div>
   <div class='ocr_carea' id='block_1_14' title="bbox 304 1222 1882 1296">
    <p class='ocr_par' dir='ltr' id='par_1_14' title="bbox 304 1222 1882 1296">
     <span class='ocr_line' id='line_1_14' title="bbox 304 1222 1882 1296; baseline 0.003 -20"><span class='ocrx_word' id='word_1_86' title='bbox 304 1222 399 1285; x_wconf 72' lang='grc' dir='ltr'><strong>τὸν</strong></span> <span class='ocrx_word' id='word_1_87' title='bbox 450 1222 582 1276; x_wconf 76' lang='grc' dir='ltr'>Θεδν</span> <span class='ocrx_word' id='word_1_88' title='bbox 634 1222 726 1276; x_wconf 75' lang='grc' dir='ltr'>καὶ</span> <span class='ocrx_word' id='word_1_89' title='bbox 779 1224 1269 1293; x_wconf 72' lang='grc' dir='ltr'>συναφυπνίζεσθαι</span> <span class='ocrx_word' id='word_1_90' title='bbox 1317 1226 1498 1296; x_wconf 78' lang='grc' dir='ltr'>λέγει’</span> <span class='ocrx_word' id='word_1_91' title='bbox 1560 1227 1781 1281; x_wconf 72' lang='grc' dir='ltr'>ἑστάναι</span> <span class='ocrx_word' id='word_1_92' title='bbox 1824 1225 1882 1288; x_wconf 73' lang='grc' dir='ltr'>δὲ</span> 
     </span>
    </p>
   </div>
   <div class='ocr_carea' id='block_1_15' title="bbox 303 1313 1882 1389">
    <p class='ocr_par' dir='ltr' id='par_1_15' title="bbox 303 1313 1882 1389">
     <span class='ocr_line' id='line_1_15' title="bbox 303 1313 1882 1389; baseline 0.001 -21"><span class='ocrx_word' id='word_1_93' title='bbox 303 1317 420 1378; x_wconf 80' lang='grc' dir='ltr'>τοῖς</span> <span class='ocrx_word' id='word_1_94' title='bbox 450 1313 682 1378; x_wconf 78' lang='grc' dir='ltr'>ἀκλινῶς</span> <span class='ocrx_word' id='word_1_95' title='bbox 715 1313 808 1368; x_wconf 69' lang='grc' dir='ltr'><strong>ἐπὶ</strong></span> <span class='ocrx_word' id='word_1_96' title='bbox 834 1314 929 1368; x_wconf 81' lang='grc' dir='ltr'>τοῦ</span> <span class='ocrx_word' id='word_1_97' title='bbox 955 1316 1119 1371; x_wconf 84' lang='grc' dir='ltr'>καλοῦ</span> <span class='ocrx_word' id='word_1_98' title='bbox 1141 1316 1417 1389; x_wconf 77' lang='grc' dir='ltr'>βεϐηκόσι,</span> <span class='ocrx_word' id='word_1_99' title='bbox 1448 1319 1543 1374; x_wconf 77' lang='grc' dir='ltr'>καὶ</span> <span class='ocrx_word' id='word_1_100' title='bbox 1562 1318 1882 1385; x_wconf 71' lang='grc' dir='ltr'>καθέζεσθαι</span> 
     </span>
    </p>
   </div>
   <div class='ocr_carea' id='block_1_16' title="bbox 305 1405 1879 1481">
    <p class='ocr_par' dir='ltr' id='par_1_16' title="bbox 305 1405 1879 1481">
     <span class='ocr_line' id='line_1_16' title="bbox 305 1405 1879 1481; baseline 0.003 -19"><span class='ocrx_word' id='word_1_101' title='bbox 305 1409 420 1471; x_wconf 76' lang='grc' dir='ltr'>τοῖς</span> <span class='ocrx_word' id='word_1_102' title='bbox 468 1408 526 1460; x_wconf 77' lang='grc' dir='ltr'>ὲν</span> <span class='ocrx_word' id='word_1_103' title='bbox 575 1405 652 1477; x_wconf 87' lang='grc' dir='ltr'>τῷ</span> <span class='ocrx_word' id='word_1_104' title='bbox 708 1406 858 1478; x_wconf 89' lang='grc' dir='ltr'>καλῷ</span> <span class='ocrx_word' id='word_1_105' title='bbox 907 1408 1353 1481; x_wconf 77' lang='grc' dir='ltr'>καθιδρυμένοιςο</span> <span class='ocrx_word' id='word_1_106' title='bbox 1404 1410 1671 1466; x_wconf 89' lang='grc' dir='ltr'>κινεῖσθαι</span> <span class='ocrx_word' id='word_1_107' title='bbox 1721 1411 1767 1466; x_wconf 81' lang='grc' dir='ltr'>δ’</span> <span class='ocrx_word' id='word_1_108' title='bbox 1812 1406 1879 1465; x_wconf 80' lang='grc' dir='ltr'>αὖ</span> 
     </span>
    </p>
   </div>
   <div class='ocr_carea' id='block_1_17' title="bbox 305 1500 1882 1574">
    <p class='ocr_par' dir='ltr' id='par_1_17' title="bbox 305 1500 1882 1574">
     <span class='ocr_line' id='line_1_17' title="bbox 305 1500 1882 1574; baseline 0.003 -21"><span class='ocrx_word' id='word_1_109' title='bbox 305 1500 470 1555; x_wconf 78' lang='grc' dir='ltr'>πάλιν</span> <span class='ocrx_word' id='word_1_110' title='bbox 510 1500 605 1554; x_wconf 77' lang='grc' dir='ltr'>καὶ</span> <span class='ocrx_word' id='word_1_111' title='bbox 636 1502 959 1571; x_wconf 83' lang='grc' dir='ltr'>περιπατεῖν</span> <span class='ocrx_word' id='word_1_112' title='bbox 1000 1500 1092 1554; x_wconf 71' lang='grc' dir='ltr'><strong>ἐπὶ</strong></span> <span class='ocrx_word' id='word_1_113' title='bbox 1122 1501 1230 1555; x_wconf 84' lang='grc' dir='ltr'><strong>τῶν</strong></span> <span class='ocrx_word' id='word_1_114' title='bbox 1280 1502 1747 1574; x_wconf 86' lang='grc' dir='ltr'>μετακινηθέντων</span> <span class='ocrx_word' id='word_1_115' title='bbox 1774 1504 1882 1558; x_wconf 80' lang='grc' dir='ltr'><strong>ἀπὸ</strong></span> 
     </span>
    </p>
   </div>
   <div class='ocr_carea' id='block_1_18' title="bbox 303 1590 1879 1669">
    <p class='ocr_par' dir='ltr' id='par_1_18' title="bbox 303 1590 1879 1669">
     <span class='ocr_line' id='line_1_18' title="bbox 303 1590 1879 1669; baseline 0.004 -25"><span class='ocrx_word' id='word_1_116' title='bbox 303 1590 407 1663; x_wconf 79' lang='grc' dir='ltr'>τῆς</span> <span class='ocrx_word' id='word_1_117' title='bbox 450 1594 510 1644; x_wconf 86' lang='grc' dir='ltr'>ὲν</span> <span class='ocrx_word' id='word_1_118' title='bbox 556 1591 633 1661; x_wconf 79' lang='grc' dir='ltr'>τῷ</span> <span class='ocrx_word' id='word_1_119' title='bbox 669 1590 818 1663; x_wconf 86' lang='grc' dir='ltr'><strong>καλῷ</strong></span> <span class='ocrx_word' id='word_1_120' title='bbox 847 1592 1194 1665; x_wconf 83' lang='grc' dir='ltr'>παγιότητος.</span> <span class='ocrx_word' id='word_1_121' title='bbox 1249 1594 1336 1659; x_wconf 81' lang='grc' dir='ltr'>Ὠς</span> <span class='ocrx_word' id='word_1_122' title='bbox 1374 1596 1472 1649; x_wconf 80' lang='grc' dir='ltr'>ἐπὶ</span> <span class='ocrx_word' id='word_1_123' title='bbox 1501 1594 1596 1649; x_wconf 82' lang='grc' dir='ltr'>τοῦ</span> <span class='ocrx_word' id='word_1_124' title='bbox 1645 1596 1813 1667; x_wconf 76' lang='grc' dir='ltr'>Ἀδὰμ</span> <span class='ocrx_word' id='word_1_125' title='bbox 1845 1597 1879 1669; x_wconf 76' lang='grc' dir='ltr'>ἡ</span> 
     </span>
    </p>
   </div>
   <div class='ocr_carea' id='block_1_19' title="bbox 308 1682 1880 1761">
    <p class='ocr_par' dir='ltr' id='par_1_19' title="bbox 308 1682 1880 1761">
     <span class='ocr_line' id='line_1_19' title="bbox 308 1682 1880 1761; baseline 0.004 -23"><span class='ocrx_word' id='word_1_126' title='bbox 308 1683 523 1754; x_wconf 74' lang='grc' dir='ltr'>ἱστορία</span> <span class='ocrx_word' id='word_1_127' title='bbox 571 1682 792 1750; x_wconf 77' lang='grc' dir='ltr'>διέξεισι</span> <span class='ocrx_word' id='word_1_128' title='bbox 853 1685 1259 1757; x_wconf 79' lang='grc' dir='ltr'>περιπατοῦντα</span> <span class='ocrx_word' id='word_1_129' title='bbox 1310 1688 1371 1743; x_wconf 81' lang='grc' dir='ltr'>τὸ</span> <span class='ocrx_word' id='word_1_130' title='bbox 1419 1690 1643 1744; x_wconf 79' lang='grc' dir='ltr'>δειλινὸν</span> <span class='ocrx_word' id='word_1_131' title='bbox 1690 1691 1748 1744; x_wconf 84' lang='grc' dir='ltr'>ὲν</span> <span class='ocrx_word' id='word_1_132' title='bbox 1803 1689 1880 1761; x_wconf 68' lang='grc' dir='ltr'>τῷ</span> 
     </span>
    </p>
   </div>
   <div class='ocr_carea' id='block_1_20' title="bbox 306 1772 1882 1852">
    <p class='ocr_par' dir='ltr' id='par_1_20' title="bbox 306 1772 1882 1852">
     <span class='ocr_line' id='line_1_20' title="bbox 306 1772 1882 1852; baseline 0.004 -25"><span class='ocrx_word' id='word_1_133' title='bbox 306 1772 622 1845; x_wconf 76' lang='grc' dir='ltr'>παραδείσῳ</span> <span class='ocrx_word' id='word_1_134' title='bbox 665 1774 755 1827; x_wconf 87' lang='grc' dir='ltr'>τὸν</span> <span class='ocrx_word' id='word_1_135' title='bbox 790 1774 922 1828; x_wconf 79' lang='grc' dir='ltr'>Θεὸν</span> <span class='ocrx_word' id='word_1_136' title='bbox 968 1777 1364 1847; x_wconf 78' lang='grc' dir='ltr'>διαγράφουσα,</span> <span class='ocrx_word' id='word_1_137' title='bbox 1402 1778 1480 1849; x_wconf 83' lang='grc' dir='ltr'>τῷ</span> <span class='ocrx_word' id='word_1_138' title='bbox 1531 1780 1631 1851; x_wconf 79' lang='grc' dir='ltr'>μὲν</span> <span class='ocrx_word' id='word_1_139' title='bbox 1669 1780 1882 1852; x_wconf 87' lang='grc' dir='ltr'>δειλινῴ</span> 
     </span>
    </p>
   </div>
   <div class='ocr_carea' id='block_1_21' title="bbox 308 1864 1883 1943">
    <p class='ocr_par' dir='ltr' id='par_1_21' title="bbox 308 1864 1883 1943">
     <span class='ocr_line' id='line_1_21' title="bbox 308 1864 1883 1943; baseline 0.006 -26"><span class='ocrx_word' id='word_1_140' title='bbox 308 1865 446 1935; x_wconf 78' lang='grc' dir='ltr'>πρὸς</span> <span class='ocrx_word' id='word_1_141' title='bbox 478 1864 548 1918; x_wconf 84' lang='grc' dir='ltr'><strong>τὰ</strong></span> <span class='ocrx_word' id='word_1_142' title='bbox 579 1865 828 1920; x_wconf 77' lang='grc' dir='ltr'>σκοτεινὰ</span> <span class='ocrx_word' id='word_1_143' title='bbox 874 1867 967 1921; x_wconf 77' lang='grc' dir='ltr'>τοῦ</span> <span class='ocrx_word' id='word_1_144' title='bbox 1028 1869 1453 1939; x_wconf 80' lang='grc' dir='ltr'>πρωτοπλάστου</span> <span class='ocrx_word' id='word_1_145' title='bbox 1482 1870 1654 1943; x_wconf 78' lang='grc' dir='ltr'>ῥοπὴν</span> <span class='ocrx_word' id='word_1_146' title='bbox 1692 1872 1883 1943; x_wconf 85' lang='grc' dir='ltr'>διαση-</span> 
     </span>
    </p>
   </div>
   <div class='ocr_carea' id='block_1_22' title="bbox 310 1951 1881 2031">
    <p class='ocr_par' dir='ltr' id='par_1_22' title="bbox 310 1951 1881 2031">
     <span class='ocr_line' id='line_1_22' title="bbox 310 1951 1881 2031; baseline 0.009 -29"><span class='ocrx_word' id='word_1_147' title='bbox 310 1951 597 2021; x_wconf 88' lang='grc' dir='ltr'>μαίνουσα,</span> <span class='ocrx_word' id='word_1_148' title='bbox 646 1955 711 2024; x_wconf 75' lang='grc' dir='ltr'>τῇ</span> <span class='ocrx_word' id='word_1_149' title='bbox 754 1952 809 2011; x_wconf 73' lang='grc' dir='ltr'>δὲ</span> <span class='ocrx_word' id='word_1_150' title='bbox 860 1957 1071 2024; x_wconf 83' lang='grc' dir='ltr'>κινήσει</span> <span class='ocrx_word' id='word_1_151' title='bbox 1117 1958 1177 2010; x_wconf 85' lang='grc' dir='ltr'>τὸ</span> <span class='ocrx_word' id='word_1_152' title='bbox 1207 1958 1416 2028; x_wconf 79' lang='grc' dir='ltr'>ἀπαγὲς</span> <span class='ocrx_word' id='word_1_153' title='bbox 1453 1958 1548 2019; x_wconf 77' lang='grc' dir='ltr'><strong>τοῦ</strong></span> <span class='ocrx_word' id='word_1_154' title='bbox 1596 1959 1881 2031; x_wconf 83' lang='grc' dir='ltr'>ἀνθρώπου</span> 
     </span>
    </p>
   </div>
   <div class='ocr_carea' id='block_1_23' title="bbox 307 2041 1229 2112">
    <p class='ocr_par' dir='ltr' id='par_1_23' title="bbox 307 2041 1229 2112">
     <span class='ocr_line' id='line_1_23' title="bbox 307 2041 1229 2112; baseline 0.01 -19"><span class='ocrx_word' id='word_1_155' title='bbox 307 2043 440 2112; x_wconf 79' lang='grc' dir='ltr'>περὶ</span> <span class='ocrx_word' id='word_1_156' title='bbox 466 2041 525 2095; x_wconf 80' lang='grc' dir='ltr'>τὸ</span> <span class='ocrx_word' id='word_1_157' title='bbox 562 2042 724 2096; x_wconf 78' lang='grc' dir='ltr'>καλὸν</span> <span class='ocrx_word' id='word_1_158' title='bbox 756 2045 850 2098; x_wconf 77' lang='grc' dir='ltr'>καὶ</span> <span class='ocrx_word' id='word_1_159' title='bbox 886 2045 948 2098; x_wconf 80' lang='grc' dir='ltr'>τὸ</span> <span class='ocrx_word' id='word_1_160' title='bbox 976 2046 1229 2103; x_wconf 75' lang='grc' dir='ltr'>ἄστατον.</span> 
     </span>
    </p>
   </div>
   <div class='ocr_carea' id='block_1_24' title="bbox 392 2132 1884 2213">
    <p class='ocr_par' dir='ltr' id='par_1_24' title="bbox 392 2132 1884 2213">
     <span class='ocr_line' id='line_1_24' title="bbox 392 2132 1884 2213; baseline 0.01 -28"><span class='ocrx_word' id='word_1_161' title='bbox 392 2132 551 2187; x_wconf 78' lang='grc' dir='ltr'>Ἀλλὰ</span> <span class='ocrx_word' id='word_1_162' title='bbox 596 2133 768 2187; x_wconf 79' lang='grc' dir='ltr'>ταῦτα</span> <span class='ocrx_word' id='word_1_163' title='bbox 806 2133 905 2205; x_wconf 84' lang='grc' dir='ltr'>μὲν</span> <span class='ocrx_word' id='word_1_164' title='bbox 934 2139 1045 2201; x_wconf 87' lang='grc' dir='ltr'>τοῖς</span> <span class='ocrx_word' id='word_1_165' title='bbox 1076 2138 1288 2203; x_wconf 83' lang='grc' dir='ltr'>πολλοῖς</span> <span class='ocrx_word' id='word_1_166' title='bbox 1331 2141 1613 2213; x_wconf 71' lang='grc' dir='ltr'>πόρρωθεν</span> <span class='ocrx_word' id='word_1_167' title='bbox 1655 2142 1784 2207; x_wconf 78' lang='grc' dir='ltr'>ἴσως</span> <span class='ocrx_word' id='word_1_168' title='bbox 1807 2143 1884 2209; x_wconf 81' lang='grc' dir='ltr'>ὡς</span> 
     </span>
    </p>
   </div>
   <div class='ocr_carea' id='block_1_25' title="bbox 306 2225 1945 2304">
    <p class='ocr_par' dir='ltr' id='par_1_25' title="bbox 306 2225 1945 2304">
     <span class='ocr_line' id='line_1_25' title="bbox 306 2225 1945 2304; baseline 0.006 -24"><span class='ocrx_word' id='word_1_169' title='bbox 306 2225 446 2295; x_wconf 75' lang='grc' dir='ltr'>πρὸς</span> <span class='ocrx_word' id='word_1_170' title='bbox 493 2225 592 2295; x_wconf 82' lang='grc' dir='ltr'>τὴν</span> <span class='ocrx_word' id='word_1_171' title='bbox 651 2227 1004 2297; x_wconf 85' lang='grc' dir='ltr'>προτεθεῖσαν</span> <span class='ocrx_word' id='word_1_172' title='bbox 1066 2232 1196 2301; x_wconf 75' lang='grc' dir='ltr'>ημῖν</span> <span class='ocrx_word' id='word_1_173' title='bbox 1248 2229 1481 2304; x_wconf 85' lang='grc' dir='ltr'>θεωρίαν</span> <span class='ocrx_word' id='word_1_174' title='bbox 1526 2229 1665 2288; x_wconf 79' lang='grc' dir='ltr'>εἶναι</span> <span class='ocrx_word' id='word_1_175' title='bbox 1719 2235 1880 2303; x_wconf 78' lang='grc' dir='ltr'>δόξει.</span> <span class='ocrx_word' id='word_1_176' title='bbox 1940 2266 1945 2271; x_wconf 65' lang='grc' dir='ltr'><strong>ι</strong></span> 
     </span>
    </p>
   </div>
   <div class='ocr_carea' id='block_1_26' title="bbox 318 2314 1885 2395">
    <p class='ocr_par' dir='ltr' id='par_1_26' title="bbox 318 2314 1885 2395">
     <span class='ocr_line' id='line_1_26' title="bbox 318 2314 1885 2395; baseline 0.006 -28"><span class='ocrx_word' id='word_1_177' title='bbox 318 2315 527 2368; x_wconf 80' lang='grc' dir='ltr'>Ἐκεῖνο</span> <span class='ocrx_word' id='word_1_178' title='bbox 552 2314 610 2367; x_wconf 80' lang='grc' dir='ltr'>δὲ</span> <span class='ocrx_word' id='word_1_179' title='bbox 641 2315 740 2369; x_wconf 72' lang='grc' dir='ltr'>οὐκ</span> <span class='ocrx_word' id='word_1_180' title='bbox 773 2316 837 2369; x_wconf 80' lang='grc' dir='ltr'>ἄν</span> <span class='ocrx_word' id='word_1_181' title='bbox 870 2334 955 2381; x_wconf 89' lang='grc' dir='ltr'><strong>τις</strong></span> <span class='ocrx_word' id='word_1_182' title='bbox 1002 2318 1229 2389; x_wconf 78' lang='grc' dir='ltr'>ἀπᾴδειν</span> <span class='ocrx_word' id='word_1_183' title='bbox 1277 2320 1418 2375; x_wconf 83' lang='grc' dir='ltr'>εῐποι</span> <span class='ocrx_word' id='word_1_184' title='bbox 1445 2320 1539 2375; x_wconf 79' lang='grc' dir='ltr'><strong>τοῦ</strong></span> <span class='ocrx_word' id='word_1_185' title='bbox 1592 2324 1885 2395; x_wconf 86' lang='grc' dir='ltr'>προκειμέ-</span> 
     </span>
    </p>
   </div>
   <div class='ocr_carea' id='block_1_27' title="bbox 305 2405 1885 2488">
    <p class='ocr_par' dir='ltr' id='par_1_27' title="bbox 305 2405 1885 2488">
     <span class='ocr_line' id='line_1_27' title="bbox 305 2405 1885 2488; baseline 0.003 -25"><span class='ocrx_word' id='word_1_186' title='bbox 305 2423 422 2466; x_wconf 82' lang='grc' dir='ltr'>νου.</span> <span class='ocrx_word' id='word_1_187' title='bbox 470 2408 553 2460; x_wconf 82' lang='grc' dir='ltr'>ὅτι</span> <span class='ocrx_word' id='word_1_188' title='bbox 595 2405 777 2461; x_wconf 79' lang='grc' dir='ltr'>πολλοὶ</span> <span class='ocrx_word' id='word_1_189' title='bbox 826 2408 889 2461; x_wconf 80' lang='grc' dir='ltr'>τὸ</span> <span class='ocrx_word' id='word_1_190' title='bbox 924 2409 1132 2474; x_wconf 80' lang='grc' dir='ltr'>ἑαυτοῖς</span> <span class='ocrx_word' id='word_1_191' title='bbox 1163 2410 1422 2481; x_wconf 80' lang='grc' dir='ltr'>ἄληπτον,</span> <span class='ocrx_word' id='word_1_192' title='bbox 1468 2412 1586 2466; x_wconf 79' lang='grc' dir='ltr'>οὐδὲ</span> <span class='ocrx_word' id='word_1_193' title='bbox 1628 2414 1745 2484; x_wconf 84' lang='grc' dir='ltr'><strong>Θεῷ</strong></span> <span class='ocrx_word' id='word_1_194' title='bbox 1791 2414 1885 2488; x_wconf 88' lang='grc' dir='ltr'>λη-</span> 
     </span>
    </p>
   </div>
   <div class='ocr_carea' id='block_1_28' title="bbox 307 2493 1883 2578">
    <p class='ocr_par' dir='ltr' id='par_1_28' title="bbox 307 2493 1883 2578">
     <span class='ocr_line' id='line_1_28' title="bbox 307 2493 1883 2578; baseline 0.006 -26"><span class='ocrx_word' id='word_1_195' title='bbox 307 2498 443 2553; x_wconf 76' lang='grc' dir='ltr'>πτὸν</span> <span class='ocrx_word' id='word_1_196' title='bbox 493 2493 631 2552; x_wconf 74' lang='grc' dir='ltr'>εἶναι</span> <span class='ocrx_word' id='word_1_197' title='bbox 681 2498 1027 2571; x_wconf 77' lang='grc' dir='ltr'>νομίζουσιν,</span> <span class='ocrx_word' id='word_1_198' title='bbox 1081 2502 1176 2556; x_wconf 79' lang='grc' dir='ltr'>καὶ</span> <span class='ocrx_word' id='word_1_199' title='bbox 1225 2504 1359 2575; x_wconf 83' lang='grc' dir='ltr'>ὅπερ</span> <span class='ocrx_word' id='word_1_200' title='bbox 1404 2504 1470 2558; x_wconf 83' lang='grc' dir='ltr'>ἂν</span> <span class='ocrx_word' id='word_1_201' title='bbox 1521 2504 1732 2577; x_wconf 73' lang='grc' dir='ltr'>ἐκφύγῃ</span> <span class='ocrx_word' id='word_1_202' title='bbox 1784 2507 1883 2578; x_wconf 72' lang='grc' dir='ltr'>τὴν</span> 
     </span>
    </p>
   </div>
   <div class='ocr_carea' id='block_1_29' title="bbox 309 2589 1883 2665">
    <p class='ocr_par' dir='ltr' id='par_1_29' title="bbox 309 2589 1883 2665">
     <span class='ocr_line' id='line_1_29' title="bbox 309 2589 1883 2665; baseline 0.004 -21"><span class='ocrx_word' id='word_1_203' title='bbox 309 2589 522 2644; x_wconf 63' lang='grc' dir='ltr'>ἑαυτῶν</span> <span class='ocrx_word' id='word_1_204' title='bbox 567 2589 913 2659; x_wconf 84' lang='grc' dir='ltr'>κατανόησιν,</span> <span class='ocrx_word' id='word_1_205' title='bbox 972 2593 1351 2665; x_wconf 84' lang='grc' dir='ltr'>περισσότερον</span> <span class='ocrx_word' id='word_1_206' title='bbox 1400 2590 1538 2649; x_wconf 72' lang='grc' dir='ltr'>εἶναι</span> <span class='ocrx_word' id='word_1_207' title='bbox 1584 2596 1741 2651; x_wconf 77' lang='grc' dir='ltr'>τοῦτο</span> <span class='ocrx_word' id='word_1_208' title='bbox 1788 2598 1883 2652; x_wconf 69' lang='grc' dir='ltr'>καὶ</span> 
     </span>
    </p>
   </div>
   <div class='ocr_carea' id='block_1_30' title="bbox 307 2681 1883 2758">
    <p class='ocr_par' dir='ltr' id='par_1_30' title="bbox 307 2681 1883 2758">
     <span class='ocr_line' id='line_1_30' title="bbox 307 2681 1883 2758; baseline 0.005 -24"><span class='ocrx_word' id='word_1_209' title='bbox 307 2682 411 2749; x_wconf 67' lang='grc' dir='ltr'>τῆς</span> <span class='ocrx_word' id='word_1_210' title='bbox 464 2682 614 2746; x_wconf 84' lang='grc' dir='ltr'>θείας</span> <span class='ocrx_word' id='word_1_211' title='bbox 667 2681 949 2754; x_wconf 84' lang='grc' dir='ltr'>δυνάμεως</span> <span class='ocrx_word' id='word_1_212' title='bbox 1000 2683 1221 2739; x_wconf 81' lang='grc' dir='ltr'>οἴονται.</span> <span class='ocrx_word' id='word_1_213' title='bbox 1288 2685 1504 2758; x_wconf 82' lang='grc' dir='ltr'>Ἐπειδὴ</span> <span class='ocrx_word' id='word_1_214' title='bbox 1562 2688 1739 2741; x_wconf 85' lang='grc' dir='ltr'>τοίνυν</span> <span class='ocrx_word' id='word_1_215' title='bbox 1789 2690 1883 2742; x_wconf 83' lang='grc' dir='ltr'>καὶ</span> 
     </span>
    </p>
   </div>
   <div class='ocr_carea' id='block_1_31' title="bbox 315 2773 1878 2851">
    <p class='ocr_par' dir='ltr' id='par_1_31' title="bbox 315 2773 1878 2851">
     <span class='ocr_line' id='line_1_31' title="bbox 315 2773 1878 2851; baseline 0.005 -25"><span class='ocrx_word' id='word_1_216' title='bbox 315 2773 486 2827; x_wconf 76' lang='grc' dir='ltr'>ποσοῦ</span> <span class='ocrx_word' id='word_1_217' title='bbox 565 2774 762 2848; x_wconf 84' lang='grc' dir='ltr'>μέτρον</span> <span class='ocrx_word' id='word_1_218' title='bbox 838 2777 995 2845; x_wconf 81' lang='grc' dir='ltr'>ἡμεῖς</span> <span class='ocrx_word' id='word_1_219' title='bbox 1051 2775 1142 2829; x_wconf 81' lang='grc' dir='ltr'>τὸν</span> <span class='ocrx_word' id='word_1_220' title='bbox 1206 2776 1435 2848; x_wconf 76' lang='grc' dir='ltr'>ἀριθμὸν</span> <span class='ocrx_word' id='word_1_221' title='bbox 1504 2780 1878 2851; x_wconf 74' lang='grc' dir='ltr'>πεποιήμεθασ</span> 
     </span>
    </p>
   </div>
   <div class='ocr_carea' id='block_1_32' title="bbox 304 2864 1882 2942">
    <p class='ocr_par' dir='ltr' id='par_1_32' title="bbox 304 2864 1882 2942">
     <span class='ocr_line' id='line_1_32' title="bbox 304 2864 1882 2942; baseline 0.005 -26"><span class='ocrx_word' id='word_1_222' title='bbox 304 2864 337 2916; x_wconf 82' lang='grc' dir='ltr'>ὁ</span> <span class='ocrx_word' id='word_1_223' title='bbox 381 2864 439 2918; x_wconf 79' lang='grc' dir='ltr'>δὲ</span> <span class='ocrx_word' id='word_1_224' title='bbox 480 2864 716 2935; x_wconf 77' lang='grc' dir='ltr'>ἀριθμὸς</span> <span class='ocrx_word' id='word_1_225' title='bbox 786 2866 936 2919; x_wconf 70' lang='grc' dir='ltr'>οὐδὲν</span> <span class='ocrx_word' id='word_1_226' title='bbox 988 2866 1177 2937; x_wconf 80' lang='grc' dir='ltr'>ἕτερον</span> <span class='ocrx_word' id='word_1_227' title='bbox 1231 2867 1263 2939; x_wconf 79' lang='grc' dir='ltr'>ἢ</span> <span class='ocrx_word' id='word_1_228' title='bbox 1328 2868 1577 2936; x_wconf 78' lang='grc' dir='ltr'>σύνθεσις</span> <span class='ocrx_word' id='word_1_229' title='bbox 1642 2872 1882 2942; x_wconf 81' lang='grc' dir='ltr'>μονάδων</span> 
     </span>
    </p>
   </div>
   <div class='ocr_carea' id='block_1_33' title="bbox 304 2955 1884 3031">
    <p class='ocr_par' dir='ltr' id='par_1_33' title="bbox 304 2955 1884 3031">
     <span class='ocr_line' id='line_1_33' title="bbox 304 2955 1884 3031; baseline 0.004 -23"><span class='ocrx_word' id='word_1_230' title='bbox 304 2955 445 3017; x_wconf 71' lang='grc' dir='ltr'>ἐστὶ,</span> <span class='ocrx_word' id='word_1_231' title='bbox 481 2956 740 3018; x_wconf 78' lang='grc' dir='ltr'>ποικίλως</span> <span class='ocrx_word' id='word_1_232' title='bbox 795 2956 891 3026; x_wconf 74' lang='grc' dir='ltr'>τῆς</span> <span class='ocrx_word' id='word_1_233' title='bbox 939 2957 1160 3027; x_wconf 87' lang='grc' dir='ltr'>μονάδος</span> <span class='ocrx_word' id='word_1_234' title='bbox 1210 2959 1291 3021; x_wconf 84' lang='grc' dir='ltr'><strong>είς</strong></span> <span class='ocrx_word' id='word_1_235' title='bbox 1336 2958 1537 3031; x_wconf 81' lang='grc' dir='ltr'>πλῆθος</span> <span class='ocrx_word' id='word_1_236' title='bbox 1584 2960 1884 3031; x_wconf 78' lang='grc' dir='ltr'>ἑπαυξομέ-</span> 
     </span>
    </p>
   </div>
   <div class='ocr_carea' id='block_1_34' title="bbox 307 3045 1879 3122">
    <p class='ocr_par' dir='ltr' id='par_1_34' title="bbox 307 3045 1879 3122">
     <span class='ocr_line' id='line_1_34' title="bbox 307 3045 1879 3122; baseline 0.004 -23"><span class='ocrx_word' id='word_1_237' title='bbox 307 3063 442 3116; x_wconf 87' lang='grc' dir='ltr'>νης·</span> <span class='ocrx_word' id='word_1_238' title='bbox 507 3045 675 3117; x_wconf 76' lang='grc' dir='ltr'>μονὰς</span> <span class='ocrx_word' id='word_1_239' title='bbox 724 3046 826 3119; x_wconf 83' lang='grc' dir='ltr'><strong>γὰρ</strong></span> <span class='ocrx_word' id='word_1_240' title='bbox 887 3048 1044 3119; x_wconf 75' lang='grc' dir='ltr'>καὶὴ</span> <span class='ocrx_word' id='word_1_241' title='bbox 1084 3048 1245 3113; x_wconf 79' lang='grc' dir='ltr'>δεκὰς</span> <span class='ocrx_word' id='word_1_242' title='bbox 1298 3050 1439 3103; x_wconf 79' lang='grc' dir='ltr'>κατὰ</span> <span class='ocrx_word' id='word_1_243' title='bbox 1490 3050 1735 3104; x_wconf 78' lang='grc' dir='ltr'>σύνθεσιν</span> <span class='ocrx_word' id='word_1_244' title='bbox 1782 3068 1879 3122; x_wconf 91' lang='grc' dir='ltr'>μο-</span> 
     </span>
    </p>
   </div>
   <div class='ocr_carea' id='block_1_35' title="bbox 304 3138 1877 3215">
    <p class='ocr_par' dir='ltr' id='par_1_35' title="bbox 304 3138 1877 3215">
     <span class='ocr_line' id='line_1_35' title="bbox 304 3138 1877 3215; baseline 0.002 -22"><span class='ocrx_word' id='word_1_245' title='bbox 304 3138 478 3194; x_wconf 77' lang='grc' dir='ltr'>νάδων</span> <span class='ocrx_word' id='word_1_246' title='bbox 531 3139 666 3210; x_wconf 71' lang='grc' dir='ltr'>πρὸς</span> <span class='ocrx_word' id='word_1_247' title='bbox 723 3138 878 3193; x_wconf 73' lang='grc' dir='ltr'>τοῦτο</span> <span class='ocrx_word' id='word_1_248' title='bbox 925 3139 1330 3211; x_wconf 80' lang='grc' dir='ltr'>περαιουμένη,</span> <span class='ocrx_word' id='word_1_249' title='bbox 1392 3142 1558 3212; x_wconf 77' lang='grc' dir='ltr'>μονὰς</span> <span class='ocrx_word' id='word_1_250' title='bbox 1625 3141 1785 3196; x_wconf 84' lang='grc' dir='ltr'>πάλιν</span> <span class='ocrx_word' id='word_1_251' title='bbox 1844 3144 1877 3215; x_wconf 82' lang='grc' dir='ltr'><strong>ή</strong></span> 
     </span>
    </p>
   </div>
   <div class='ocr_carea' id='block_1_36' title="bbox 308 3230 1882 3303">
    <p class='ocr_par' dir='ltr' id='par_1_36' title="bbox 308 3230 1882 3303">
     <span class='ocr_line' id='line_1_36' title="bbox 308 3230 1882 3303; baseline 0.003 -19"><span class='ocrx_word' id='word_1_252' title='bbox 308 3230 601 3294; x_wconf 67' lang='grc' dir='ltr'>ὲκατοντὰς</span> <span class='ocrx_word' id='word_1_253' title='bbox 646 3232 709 3283; x_wconf 81' lang='grc' dir='ltr'>ὲκ</span> <span class='ocrx_word' id='word_1_254' title='bbox 760 3230 998 3284; x_wconf 73' lang='grc' dir='ltr'>δεκάδων</span> <span class='ocrx_word' id='word_1_255' title='bbox 1046 3230 1419 3303; x_wconf 85' lang='grc' dir='ltr'>συντιθεμένη.</span> <span class='ocrx_word' id='word_1_256' title='bbox 1469 3233 1740 3297; x_wconf 74' lang='grc' dir='ltr'>Ὡσαύτως</span> <span class='ocrx_word' id='word_1_257' title='bbox 1788 3235 1882 3288; x_wconf 76' lang='grc' dir='ltr'><strong>καὶ</strong></span> 
     </span>
    </p>
   </div>
   <div class='ocr_carea' id='block_1_37' title="bbox 306 3322 1880 3394">
    <p class='ocr_par' dir='ltr' id='par_1_37' title="bbox 306 3322 1880 3394">
     <span class='ocr_line' id='line_1_37' title="bbox 306 3322 1880 3394; baseline 0.003 -20"><span class='ocrx_word' id='word_1_258' title='bbox 306 3324 342 3393; x_wconf 72' lang='grc' dir='ltr'>ἠ</span> <span class='ocrx_word' id='word_1_259' title='bbox 375 3323 551 3394; x_wconf 73' lang='grc' dir='ltr'>χιλιὰς</span> <span class='ocrx_word' id='word_1_260' title='bbox 579 3323 712 3394; x_wconf 81' lang='grc' dir='ltr'>ἄλλη</span> <span class='ocrx_word' id='word_1_261' title='bbox 755 3322 941 3392; x_wconf 81' lang='grc' dir='ltr'>μονὰς,</span> <span class='ocrx_word' id='word_1_262' title='bbox 1010 3322 1103 3377; x_wconf 76' lang='grc' dir='ltr'>καὶ</span> <span class='ocrx_word' id='word_1_263' title='bbox 1144 3324 1178 3393; x_wconf 75' lang='grc' dir='ltr'>ὴ</span> <span class='ocrx_word' id='word_1_264' title='bbox 1238 3323 1435 3393; x_wconf 77' lang='grc' dir='ltr'>μυριὰς</span> <span class='ocrx_word' id='word_1_265' title='bbox 1471 3324 1704 3393; x_wconf 61' lang='grc' dir='ltr'>δμοίως.</span> <span class='ocrx_word' id='word_1_266' title='bbox 1748 3324 1880 3378; x_wconf 79' lang='grc' dir='ltr'>ἀνα-</span> 
     </span>
    </p>
   </div>
   <div class='ocr_carea' id='block_1_38' title="bbox 304 3411 1879 3486">
    <p class='ocr_par' dir='ltr' id='par_1_38' title="bbox 304 3411 1879 3486">
     <span class='ocr_line' id='line_1_38' title="bbox 304 3411 1879 3486; baseline 0.002 -21"><span class='ocrx_word' id='word_1_267' title='bbox 304 3413 480 3481; x_wconf 80' lang='grc' dir='ltr'>λόγως</span> <span class='ocrx_word' id='word_1_268' title='bbox 526 3415 590 3466; x_wconf 81' lang='grc' dir='ltr'>ὲκ</span> <span class='ocrx_word' id='word_1_269' title='bbox 643 3411 1176 3484; x_wconf 75' lang='grc' dir='ltr'>πολ).απλασιασμοῦ,</span> <span class='ocrx_word' id='word_1_270' title='bbox 1236 3415 1269 3485; x_wconf 80' lang='grc' dir='ltr'><strong>ἡ</strong></span> <span class='ocrx_word' id='word_1_271' title='bbox 1340 3414 1439 3485; x_wconf 84' lang='grc' dir='ltr'>μὲν</span> <span class='ocrx_word' id='word_1_272' title='bbox 1477 3415 1542 3468; x_wconf 83' lang='grc' dir='ltr'>ἐκ</span> <span class='ocrx_word' id='word_1_273' title='bbox 1608 3414 1879 3486; x_wconf 79' lang='grc' dir='ltr'>χιλιάδων,</span> 
     </span>
    </p>
   </div>
   <div class='ocr_carea' id='block_1_39' title="bbox 305 3503 1881 3578">
    <p class='ocr_par' dir='ltr' id='par_1_39' title="bbox 305 3503 1881 3578">
     <span class='ocr_line' id='line_1_39' title="bbox 305 3503 1881 3578; baseline 0.001 -23"><span class='ocrx_word' id='word_1_274' title='bbox 305 3506 340 3574; x_wconf 76' lang='grc' dir='ltr'><strong>ἠ</strong></span> <span class='ocrx_word' id='word_1_275' title='bbox 382 3504 442 3555; x_wconf 79' lang='grc' dir='ltr'>δὲ</span> <span class='ocrx_word' id='word_1_276' title='bbox 481 3503 541 3568; x_wconf 74' lang='grc' dir='ltr'>ἐξ</span> <span class='ocrx_word' id='word_1_277' title='bbox 596 3504 967 3557; x_wconf 84' lang='grc' dir='ltr'>ἐκατοντάδων</span> <span class='ocrx_word' id='word_1_278' title='bbox 1020 3504 1158 3577; x_wconf 77' lang='grc' dir='ltr'>πρὸς</span> <span class='ocrx_word' id='word_1_279' title='bbox 1212 3503 1368 3559; x_wconf 80' lang='grc' dir='ltr'>τοῦτο</span> <span class='ocrx_word' id='word_1_280' title='bbox 1425 3505 1881 3578; x_wconf 70' lang='grc' dir='ltr'>κεφαλαιουμένη,</span> 
     </span>
    </p>
   </div>
   <div class='ocr_carea' id='block_1_40' title="bbox 305 3594 1884 3669">
    <p class='ocr_par' dir='ltr' id='par_1_40' title="bbox 305 3594 1884 3669">
     <span class='ocr_line' id='line_1_40' title="bbox 305 3594 1884 3669; baseline 0.001 -20"><span class='ocrx_word' id='word_1_281' title='bbox 305 3594 450 3667; x_wconf 74' lang='grc' dir='ltr'>ὑπὲρ</span> <span class='ocrx_word' id='word_1_282' title='bbox 499 3594 711 3648; x_wconf 80' lang='grc' dir='ltr'>ᾶπαντα</span> <span class='ocrx_word' id='word_1_283' title='bbox 760 3597 869 3660; x_wconf 79' lang='grc' dir='ltr'>τοῖς</span> <span class='ocrx_word' id='word_1_284' title='bbox 914 3595 1288 3666; x_wconf 81' lang='grc' dir='ltr'>ὑποκειμένοις</span> <span class='ocrx_word' id='word_1_285' title='bbox 1330 3594 1749 3667; x_wconf 76' lang='grc' dir='ltr'>περιορίζοντες,</span> <span class='ocrx_word' id='word_1_286' title='bbox 1785 3615 1884 3669; x_wconf 89' lang='grc' dir='ltr'>ση-</span> 
     </span>
    </p>
   </div>
   <div class='ocr_carea' id='block_1_41' title="bbox 308 3682 1885 3759">
    <p class='ocr_par' dir='ltr' id='par_1_41' title="bbox 308 3682 1885 3759">
     <span class='ocr_line' id='line_1_41' title="bbox 308 3682 1885 3759; baseline 0.003 -22"><span class='ocrx_word' id='word_1_287' title='bbox 308 3687 439 3759; x_wconf 84' lang='grc' dir='ltr'>μεῖα</span> <span class='ocrx_word' id='word_1_288' title='bbox 464 3682 564 3754; x_wconf 82' lang='grc' dir='ltr'>τῆς</span> <span class='ocrx_word' id='word_1_289' title='bbox 597 3685 891 3756; x_wconf 81' lang='grc' dir='ltr'>ποσότητος</span> <span class='ocrx_word' id='word_1_290' title='bbox 920 3685 1028 3739; x_wconf 84' lang='grc' dir='ltr'><strong>τῶν</strong></span> <span class='ocrx_word' id='word_1_291' title='bbox 1074 3686 1490 3756; x_wconf 80' lang='grc' dir='ltr'>ἀριθμουμένων</span> <span class='ocrx_word' id='word_1_292' title='bbox 1540 3688 1885 3758; x_wconf 84' lang='grc' dir='ltr'>πραγμάτων</span> 
     </span>
    </p>
   </div>
   <div class='ocr_carea' id='block_1_42' title="bbox 309 3774 1887 3851">
    <p class='ocr_par' dir='ltr' id='par_1_42' title="bbox 309 3774 1887 3851">
     <span class='ocr_line' id='line_1_42' title="bbox 309 3774 1887 3851; baseline 0 -18"><span class='ocrx_word' id='word_1_293' title='bbox 309 3777 628 3849; x_wconf 76' lang='grc' dir='ltr'>ποιούμεθα.</span> <span class='ocrx_word' id='word_1_294' title='bbox 699 3779 788 3842; x_wconf 81' lang='grc' dir='ltr'>Ὠς</span> <span class='ocrx_word' id='word_1_295' title='bbox 839 3779 905 3831; x_wconf 86' lang='grc' dir='ltr'>ἂν</span> <span class='ocrx_word' id='word_1_296' title='bbox 963 3774 1054 3833; x_wconf 75' lang='grc' dir='ltr'>οὖν</span> <span class='ocrx_word' id='word_1_297' title='bbox 1107 3779 1523 3851; x_wconf 84' lang='grc' dir='ltr'>παιδευθείημεν</span> <span class='ocrx_word' id='word_1_298' title='bbox 1583 3780 1735 3851; x_wconf 80' lang='grc' dir='ltr'>παρὰ</span> <span class='ocrx_word' id='word_1_299' title='bbox 1786 3781 1887 3850; x_wconf 82' lang='grc' dir='ltr'>τῆς</span> 
     </span>
    </p>
   </div>
   <div class='ocr_carea' id='block_1_43' title="bbox 307 3868 1884 3943">
    <p class='ocr_par' dir='ltr' id='par_1_43' title="bbox 307 3868 1884 3943">
     <span class='ocr_line' id='line_1_43' title="bbox 307 3868 1884 3943; baseline 0.001 -19"><span class='ocrx_word' id='word_1_300' title='bbox 307 3870 460 3935; x_wconf 86' lang='grc' dir='ltr'>θείας</span> <span class='ocrx_word' id='word_1_301' title='bbox 507 3870 731 3941; x_wconf 79' lang='grc' dir='ltr'>Γραφῆς</span> <span class='ocrx_word' id='word_1_302' title='bbox 771 3870 831 3923; x_wconf 81' lang='grc' dir='ltr'>τὸ</span> <span class='ocrx_word' id='word_1_303' title='bbox 881 3870 1047 3941; x_wconf 72' lang='grc' dir='ltr'>μηδὲν</span> <span class='ocrx_word' id='word_1_304' title='bbox 1098 3871 1371 3939; x_wconf 80' lang='grc' dir='ltr'>ἄγνωστον</span> <span class='ocrx_word' id='word_1_305' title='bbox 1423 3868 1562 3926; x_wconf 77' lang='grc' dir='ltr'>εἶναι</span> <span class='ocrx_word' id='word_1_306' title='bbox 1615 3871 1693 3943; x_wconf 83' lang='grc' dir='ltr'><strong>τῷ</strong></span> <span class='ocrx_word' id='word_1_307' title='bbox 1744 3871 1884 3943; x_wconf 78' lang='grc' dir='ltr'>Θεῷ,</span> 
     </span>
    </p>
   </div>
   <div class='ocr_carea' id='block_1_44' title="bbox 307 3958 1888 4035">
    <p class='ocr_par' dir='ltr' id='par_1_44' title="bbox 307 3958 1888 4035">
     <span class='ocr_line' id='line_1_44' title="bbox 307 3958 1888 4035; baseline -0.001 -17"><span class='ocrx_word' id='word_1_308' title='bbox 307 3958 723 4035; x_wconf 74' lang='grc' dir='ltr'>ἐξαριθμεῖσθαι</span> <span class='ocrx_word' id='word_1_309' title='bbox 769 3965 897 4035; x_wconf 85' lang='grc' dir='ltr'>παρ’</span> <span class='ocrx_word' id='word_1_310' title='bbox 947 3962 1109 4018; x_wconf 73' lang='grc' dir='ltr'>αὐτοῦ</span> <span class='ocrx_word' id='word_1_311' title='bbox 1139 3963 1284 4033; x_wconf 89' lang='grc' dir='ltr'>λέγει</span> <span class='ocrx_word' id='word_1_312' title='bbox 1308 3962 1401 4017; x_wconf 73' lang='grc' dir='ltr'>τοῦ</span> <span class='ocrx_word' id='word_1_313' title='bbox 1434 3963 1568 4017; x_wconf 88' lang='grc' dir='ltr'>Θεοῦ</span> <span class='ocrx_word' id='word_1_314' title='bbox 1596 3963 1656 4017; x_wconf 81' lang='grc' dir='ltr'>τὸ</span> <span class='ocrx_word' id='word_1_315' title='bbox 1685 3963 1888 4034; x_wconf 81' lang='grc' dir='ltr'>πλῆθος</span> 
     </span>
    </p>
   </div>
   <div class='ocr_carea' id='block_1_45' title="bbox 303 4053 1889 4127">
    <p class='ocr_par' dir='ltr' id='par_1_45' title="bbox 303 4053 1889 4127">
     <span class='ocr_line' id='line_1_45' title="bbox 303 4053 1889 4127; baseline 0.002 -21"><span class='ocrx_word' id='word_1_316' title='bbox 303 4053 420 4107; x_wconf 85' lang='grc' dir='ltr'><strong>τῶν</strong></span> <span class='ocrx_word' id='word_1_317' title='bbox 464 4054 697 4125; x_wconf 75' lang='grc' dir='ltr'>ἄστρων,</span> <span class='ocrx_word' id='word_1_318' title='bbox 741 4054 802 4108; x_wconf 78' lang='grc' dir='ltr'>οὐ</span> <span class='ocrx_word' id='word_1_319' title='bbox 843 4054 932 4108; x_wconf 84' lang='grc' dir='ltr'>τὸν</span> <span class='ocrx_word' id='word_1_320' title='bbox 969 4054 1166 4126; x_wconf 80' lang='grc' dir='ltr'>τρόπον</span> <span class='ocrx_word' id='word_1_321' title='bbox 1214 4053 1400 4109; x_wconf 80' lang='grc' dir='ltr'>τοῦτον</span> <span class='ocrx_word' id='word_1_322' title='bbox 1453 4055 1743 4127; x_wconf 85' lang='grc' dir='ltr'>γινομένης</span> <span class='ocrx_word' id='word_1_323' title='bbox 1788 4054 1889 4126; x_wconf 84' lang='grc' dir='ltr'>τῆς</span> 
     </span>
    </p>
   </div>
   <div class='ocr_carea' id='block_1_46' title="bbox 234 4145 1889 4220">
    <p class='ocr_par' dir='ltr' id='par_1_46' title="bbox 234 4145 1889 4220">
     <span class='ocr_line' id='line_1_46' title="bbox 234 4145 1889 4220; baseline 0.001 -21"><span class='ocrx_word' id='word_1_324' title='bbox 234 4182 245 4191; x_wconf 82' lang='grc'><strong><em>.</em></strong></span> <span class='ocrx_word' id='word_1_325' title='bbox 306 4145 684 4217; x_wconf 76' lang='grc' dir='ltr'>ἀριθμήσεως.</span> <span class='ocrx_word' id='word_1_326' title='bbox 720 4147 815 4209; x_wconf 86' lang='grc' dir='ltr'>Τίς</span> <span class='ocrx_word' id='word_1_327' title='bbox 846 4147 954 4219; x_wconf 83' lang='grc' dir='ltr'><strong>γὰρ</strong></span> <span class='ocrx_word' id='word_1_328' title='bbox 997 4146 1167 4209; x_wconf 49' lang='grc' dir='ltr'>οῶως</span> <span class='ocrx_word' id='word_1_329' title='bbox 1196 4146 1397 4217; x_wconf 75' lang='grc' dir='ltr'>εὐήθης</span> <span class='ocrx_word' id='word_1_330' title='bbox 1423 4146 1498 4211; x_wconf 84' lang='grc' dir='ltr'><strong>ὡς</strong></span> <span class='ocrx_word' id='word_1_331' title='bbox 1543 4147 1622 4219; x_wconf 84' lang='grc' dir='ltr'>τῷ</span> <span class='ocrx_word' id='word_1_332' title='bbox 1650 4148 1889 4220; x_wconf 85' lang='grc' dir='ltr'>περιττῷ</span> 
     </span>
    </p>
   </div>
   <div class='ocr_carea' id='block_1_47' title="bbox 306 4236 1884 4308">
    <p class='ocr_par' dir='ltr' id='par_1_47' title="bbox 306 4236 1884 4308">
     <span class='ocr_line' id='line_1_47' title="bbox 306 4236 1884 4308; baseline 0.001 -18"><span class='ocrx_word' id='word_1_333' title='bbox 306 4238 406 4291; x_wconf 68' lang='grc' dir='ltr'><strong>καῖ⁸</strong></span> <span class='ocrx_word' id='word_1_334' title='bbox 436 4238 608 4308; x_wconf 81' lang='grc' dir='ltr'>ἀρτίῳ</span> <span class='ocrx_word' id='word_1_335' title='bbox 650 4237 742 4291; x_wconf 83' lang='grc' dir='ltr'>τὸν</span> <span class='ocrx_word' id='word_1_336' title='bbox 778 4237 913 4291; x_wconf 79' lang='grc' dir='ltr'>Θεὸν</span> <span class='ocrx_word' id='word_1_337' title='bbox 955 4237 1161 4292; x_wconf 69' lang='grc' dir='ltr'>οἴεσθαι</span> <span class='ocrx_word' id='word_1_338' title='bbox 1208 4236 1595 4308; x_wconf 79' lang='grc' dir='ltr'>διαλαμϐάνειν</span> <span class='ocrx_word' id='word_1_339' title='bbox 1636 4239 1703 4292; x_wconf 78' lang='grc' dir='ltr'><strong>τὰ</strong></span> <span class='ocrx_word' id='word_1_340' title='bbox 1735 4238 1884 4301; x_wconf 74' lang='grc' dir='ltr'>ὄντα,</span> 
     </span>
    </p>
   </div>
   <div class='ocr_carea' id='block_1_48' title="bbox 310 4327 1889 4399">
    <p class='ocr_par' dir='ltr' id='par_1_48' title="bbox 310 4327 1889 4399">
     <span class='ocr_line' id='line_1_48' title="bbox 310 4327 1889 4399; baseline 0 -17"><span class='ocrx_word' id='word_1_341' title='bbox 310 4328 408 4383; x_wconf 74' lang='grc' dir='ltr'>καὶ</span> <span class='ocrx_word' id='word_1_342' title='bbox 433 4327 521 4381; x_wconf 78' lang='grc' dir='ltr'><strong>διὰ</strong></span> <span class='ocrx_word' id='word_1_343' title='bbox 548 4327 648 4397; x_wconf 77' lang='grc' dir='ltr'>τῆς</span> <span class='ocrx_word' id='word_1_344' title='bbox 689 4327 798 4380; x_wconf 84' lang='grc' dir='ltr'><strong>τῶν</strong></span> <span class='ocrx_word' id='word_1_345' title='bbox 840 4328 1080 4399; x_wconf 86' lang='grc' dir='ltr'>μονάδων</span> <span class='ocrx_word' id='word_1_346' title='bbox 1106 4327 1423 4393; x_wconf 83' lang='grc' dir='ltr'>συνθέσεως,</span> <span class='ocrx_word' id='word_1_347' title='bbox 1454 4328 1592 4399; x_wconf 79' lang='grc' dir='ltr'>πρὸς</span> <span class='ocrx_word' id='word_1_348' title='bbox 1627 4328 1689 4381; x_wconf 86' lang='grc' dir='ltr'>τὸ</span> <span class='ocrx_word' id='word_1_349' title='bbox 1720 4328 1889 4397; x_wconf 81' lang='grc' dir='ltr'>κεφά-</span> 
     </span>
    </p>
   </div>
   <div class='ocr_carea' id='block_1_49' title="bbox 306 4417 1889 4492">
    <p class='ocr_par' dir='ltr' id='par_1_49' title="bbox 306 4417 1889 4492">
     <span class='ocr_line' id='line_1_49' title="bbox 306 4417 1889 4492; baseline 0.001 -21"><span class='ocrx_word' id='word_1_350' title='bbox 306 4418 461 4472; x_wconf 80' lang='grc' dir='ltr'>λαιον</span> <span class='ocrx_word' id='word_1_351' title='bbox 493 4420 592 4489; x_wconf 82' lang='grc' dir='ltr'>τῆς</span> <span class='ocrx_word' id='word_1_352' title='bbox 622 4417 1013 4492; x_wconf 77' lang='grc' dir='ltr'>ἁθροιζομένης</span> <span class='ocrx_word' id='word_1_353' title='bbox 1053 4419 1344 4490; x_wconf 72' lang='grc' dir='ltr'>ποσότητος</span> <span class='ocrx_word' id='word_1_354' title='bbox 1369 4419 1459 4472; x_wconf 85' lang='grc' dir='ltr'><strong>τὸν</strong></span> <span class='ocrx_word' id='word_1_355' title='bbox 1489 4419 1720 4490; x_wconf 77' lang='grc' dir='ltr'>ἀριθμὸν</span> <span class='ocrx_word' id='word_1_356' title='bbox 1749 4437 1889 4491; x_wconf 86' lang='grc' dir='ltr'>συμ-</span> 
     </span>
    </p>
   </div>
   <div class='ocr_carea' id='block_1_50' title="bbox 307 4507 1890 4582">
    <p class='ocr_par' dir='ltr' id='par_1_50' title="bbox 307 4507 1890 4582">
     <span class='ocr_line' id='line_1_50' title="bbox 307 4507 1890 4582; baseline 0.003 -22"><span class='ocrx_word' id='word_1_357' title='bbox 307 4507 629 4578; x_wconf 77' lang='grc' dir='ltr'>περαίνεινς</span> <span class='ocrx_word' id='word_1_358' title='bbox 672 4508 812 4561; x_wconf 79' lang='grc' dir='ltr'>Ἀλλ’</span> <span class='ocrx_word' id='word_1_359' title='bbox 857 4507 1043 4579; x_wconf 78' lang='grc' dir='ltr'>ἐπειδὴ</span> <span class='ocrx_word' id='word_1_360' title='bbox 1086 4509 1144 4561; x_wconf 79' lang='grc' dir='ltr'>ὲν</span> <span class='ocrx_word' id='word_1_361' title='bbox 1169 4511 1297 4580; x_wconf 74' lang='grc' dir='ltr'>ἡμῖν</span> <span class='ocrx_word' id='word_1_362' title='bbox 1327 4512 1360 4582; x_wconf 78' lang='grc' dir='ltr'><strong>ἡ</strong></span> <span class='ocrx_word' id='word_1_363' title='bbox 1405 4510 1638 4582; x_wconf 76' lang='grc' dir='ltr'>ἀκριϐὴς</span> <span class='ocrx_word' id='word_1_364' title='bbox 1667 4510 1764 4563; x_wconf 84' lang='grc' dir='ltr'>τοῦ</span> <span class='ocrx_word' id='word_1_365' title='bbox 1792 4529 1890 4565; x_wconf 67' lang='grc' dir='ltr'>που</span> 
     </span>
    </p>
   </div>
   <div class='ocr_carea' id='block_1_51' title="bbox 310 4596 1890 4672">
    <p class='ocr_par' dir='ltr' id='par_1_51' title="bbox 310 4596 1890 4672">
     <span class='ocr_line' id='line_1_51' title="bbox 310 4596 1890 4672; baseline 0.001 -19"><span class='ocrx_word' id='word_1_366' title='bbox 310 4598 411 4653; x_wconf 71' lang='grc' dir='ltr'><strong>σοῦ</strong></span> <span class='ocrx_word' id='word_1_367' title='bbox 453 4598 654 4667; x_wconf 80' lang='grc' dir='ltr'>γνῶσις</span> <span class='ocrx_word' id='word_1_368' title='bbox 684 4601 750 4652; x_wconf 84' lang='grc' dir='ltr'>ὲκ</span> <span class='ocrx_word' id='word_1_369' title='bbox 788 4596 883 4652; x_wconf 84' lang='grc' dir='ltr'>τοῦ</span> <span class='ocrx_word' id='word_1_370' title='bbox 913 4597 1141 4669; x_wconf 82' lang='grc' dir='ltr'>ἀριθμοῦ</span> <span class='ocrx_word' id='word_1_371' title='bbox 1172 4598 1401 4667; x_wconf 62' lang='grc' dir='ltr'>γίνεται,</span> <span class='ocrx_word' id='word_1_372' title='bbox 1433 4600 1508 4664; x_wconf 87' lang='grc' dir='ltr'>ὡς</span> <span class='ocrx_word' id='word_1_373' title='bbox 1534 4600 1600 4654; x_wconf 85' lang='grc' dir='ltr'>ἂν</span> <span class='ocrx_word' id='word_1_374' title='bbox 1640 4602 1733 4654; x_wconf 77' lang='grc' dir='ltr'>καὶ</span> <span class='ocrx_word' id='word_1_375' title='bbox 1762 4601 1890 4672; x_wconf 52' lang='grc' dir='ltr'><strong>περὶ⁵</strong></span> 
     </span>
    </p>
   </div>
   <div class='ocr_carea' id='block_1_52' title="bbox 305 4691 1889 4766">
    <p class='ocr_par' dir='ltr' id='par_1_52' title="bbox 305 4691 1889 4766">
     <span class='ocr_line' id='line_1_52' title="bbox 305 4691 1889 4766; baseline 0.002 -21"><span class='ocrx_word' id='word_1_376' title='bbox 305 4691 404 4746; x_wconf 72' lang='grc' dir='ltr'>τοῦ</span> <span class='ocrx_word' id='word_1_377' title='bbox 445 4692 597 4745; x_wconf 79' lang='grc' dir='ltr'>Θεοῦ·</span> <span class='ocrx_word' id='word_1_378' title='bbox 634 4691 1072 4763; x_wconf 84' lang='grc' dir='ltr'>παιδευθείημεν,</span> <span class='ocrx_word' id='word_1_379' title='bbox 1121 4694 1205 4747; x_wconf 83' lang='grc' dir='ltr'>ὅτι</span> <span class='ocrx_word' id='word_1_380' title='bbox 1246 4694 1423 4747; x_wconf 82' lang='grc' dir='ltr'>πάντα</span> <span class='ocrx_word' id='word_1_381' title='bbox 1464 4696 1528 4766; x_wconf 74' lang='grc' dir='ltr'>τῇ</span> <span class='ocrx_word' id='word_1_382' title='bbox 1562 4694 1758 4763; x_wconf 81' lang='grc' dir='ltr'>γνώσει</span> <span class='ocrx_word' id='word_1_383' title='bbox 1789 4695 1889 4765; x_wconf 79' lang='grc' dir='ltr'>τῆς</span> 
     </span>
    </p>
   </div>
   <div class='ocr_carea' id='block_1_53' title="bbox 308 4784 1891 4858">
    <p class='ocr_par' dir='ltr' id='par_1_53' title="bbox 308 4784 1891 4858">
     <span class='ocr_line' id='line_1_53' title="bbox 308 4784 1891 4858; baseline 0.002 -21"><span class='ocrx_word' id='word_1_384' title='bbox 308 4784 521 4854; x_wconf 62' lang='grc' dir='ltr'>σοφίας,</span> <span class='ocrx_word' id='word_1_385' title='bbox 553 4786 717 4839; x_wconf 73' lang='grc' dir='ltr'>αὑτοῦ</span> <span class='ocrx_word' id='word_1_386' title='bbox 746 4786 1128 4857; x_wconf 85' lang='grc' dir='ltr'>περιείληπται</span> <span class='ocrx_word' id='word_1_387' title='bbox 1177 4789 1269 4843; x_wconf 72' lang='grc' dir='ltr'>καὶ</span> <span class='ocrx_word' id='word_1_388' title='bbox 1313 4788 1461 4842; x_wconf 77' lang='grc' dir='ltr'>οὐδὲν</span> <span class='ocrx_word' id='word_1_389' title='bbox 1490 4787 1746 4858; x_wconf 76' lang='grc' dir='ltr'>ἐκφεύγει</span> <span class='ocrx_word' id='word_1_390' title='bbox 1793 4787 1891 4858; x_wconf 76' lang='grc' dir='ltr'>τὴν</span> 
     </span>
    </p>
   </div>
   <div class='ocr_carea' id='block_1_54' title="bbox 309 4876 1888 4949">
    <p class='ocr_par' dir='ltr' id='par_1_54' title="bbox 309 4876 1888 4949">
     <span class='ocr_line' id='line_1_54' title="bbox 309 4876 1888 4949; baseline 0.001 -18"><span class='ocrx_word' id='word_1_391' title='bbox 309 4876 517 4947; x_wconf 79' lang='grc' dir='ltr'>ἀκριϐῆ</span> <span class='ocrx_word' id='word_1_392' title='bbox 547 4877 893 4949; x_wconf 80' lang='grc' dir='ltr'>κατανόησιν,</span> <span class='ocrx_word' id='word_1_393' title='bbox 935 4876 1123 4931; x_wconf 74' lang='grc' dir='ltr'>τούτου</span> <span class='ocrx_word' id='word_1_394' title='bbox 1151 4879 1309 4948; x_wconf 82' lang='grc' dir='ltr'>χάριν</span> <span class='ocrx_word' id='word_1_395' title='bbox 1334 4879 1586 4949; x_wconf 82' lang='grc' dir='ltr'>ἀριθμεῖν</span> <span class='ocrx_word' id='word_1_396' title='bbox 1619 4879 1688 4931; x_wconf 75' lang='grc' dir='ltr'><strong>τὰ</strong></span> <span class='ocrx_word' id='word_1_397' title='bbox 1713 4879 1888 4949; x_wconf 82' lang='grc' dir='ltr'>ἄστρα</span> 
     </span>
    </p>
   </div>
   <div class='ocr_carea' id='block_1_55' title="bbox 307 4961 1890 5039">
    <p class='ocr_par' dir='ltr' id='par_1_55' title="bbox 307 4961 1890 5039">
     <span class='ocr_line' id='line_1_55' title="bbox 307 4961 1890 5039; baseline 0.001 -19"><span class='ocrx_word' id='word_1_398' title='bbox 307 4967 403 5020; x_wconf 77' lang='grc' dir='ltr'>τὸν</span> <span class='ocrx_word' id='word_1_399' title='bbox 430 4965 565 5018; x_wconf 77' lang='grc' dir='ltr'>Θεὸν</span> <span class='ocrx_word' id='word_1_400' title='bbox 601 4965 913 5038; x_wconf 82' lang='grc' dir='ltr'>διωρίσατο,</span> <span class='ocrx_word' id='word_1_401' title='bbox 973 4967 1150 5031; x_wconf 79' lang='grc' dir='ltr'>τοῦτο,</span> <span class='ocrx_word' id='word_1_402' title='bbox 1173 4967 1239 5020; x_wconf 80' lang='grc' dir='ltr'>δι’</span> <span class='ocrx_word' id='word_1_403' title='bbox 1267 4961 1340 5020; x_wconf 80' lang='grc' dir='ltr'>ὧν</span> <span class='ocrx_word' id='word_1_404' title='bbox 1369 4970 1536 5038; x_wconf 77' lang='grc' dir='ltr'>λέγει.</span> <span class='ocrx_word' id='word_1_405' title='bbox 1576 4972 1717 5025; x_wconf 88' lang='grc' dir='ltr'>νοεῖν</span> <span class='ocrx_word' id='word_1_406' title='bbox 1760 4986 1890 5039; x_wconf 80' lang='grc' dir='ltr'>συμ·</span> 
     </span>
    </p>
   </div>
   <div class='ocr_carea' id='block_1_56' title="bbox 309 5054 1893 5131">
    <p class='ocr_par' dir='ltr' id='par_1_56' title="bbox 309 5054 1893 5131">
     <span class='ocr_line' id='line_1_56' title="bbox 309 5054 1893 5131; baseline 0.002 -20"><span class='ocrx_word' id='word_1_407' title='bbox 309 5054 605 5120; x_wconf 74' lang='grc' dir='ltr'>δουλεύων,</span> <span class='ocrx_word' id='word_1_408' title='bbox 641 5058 715 5129; x_wconf 72' lang='grc' dir='ltr'>μὴ</span> <span class='ocrx_word' id='word_1_409' title='bbox 747 5060 885 5113; x_wconf 82' lang='grc' dir='ltr'>κατὰ</span> <span class='ocrx_word' id='word_1_410' title='bbox 918 5060 977 5112; x_wconf 77' lang='grc' dir='ltr'><strong>τὸ</strong></span> <span class='ocrx_word' id='word_1_411' title='bbox 1001 5059 1198 5131; x_wconf 87' lang='grc' dir='ltr'>μέτρον</span> <span class='ocrx_word' id='word_1_412' title='bbox 1236 5060 1296 5114; x_wconf 82' lang='grc' dir='ltr'>τὸ</span> <span class='ocrx_word' id='word_1_413' title='bbox 1322 5060 1421 5130; x_wconf 82' lang='grc' dir='ltr'>τῆς</span> <span class='ocrx_word' id='word_1_414' title='bbox 1458 5060 1732 5130; x_wconf 77' lang='grc' dir='ltr'>ἡμετέρας</span> <span class='ocrx_word' id='word_1_415' title='bbox 1754 5061 1893 5129; x_wconf 81' lang='grc' dir='ltr'><strong>γνὼ-</strong></span> 
     </span>
    </p>
   </div>
   <div class='ocr_carea' id='block_1_57' title="bbox 310 5146 1889 5217">
    <p class='ocr_par' dir='ltr' id='par_1_57' title="bbox 310 5146 1889 5217">
     <span class='ocr_line' id='line_1_57' title="bbox 310 5146 1889 5217; baseline -0.001 -17"><span class='ocrx_word' id='word_1_416' title='bbox 310 5163 455 5210; x_wconf 87' lang='grc' dir='ltr'>σεως</span> <span class='ocrx_word' id='word_1_417' title='bbox 503 5146 687 5200; x_wconf 75' lang='grc' dir='ltr'>καὶτὸ</span> <span class='ocrx_word' id='word_1_418' title='bbox 718 5148 870 5201; x_wconf 84' lang='grc' dir='ltr'>Θεῖον</span> <span class='ocrx_word' id='word_1_419' title='bbox 916 5148 1121 5201; x_wconf 74' lang='grc' dir='ltr'>οἴεσθαι</span> <span class='ocrx_word' id='word_1_420' title='bbox 1172 5146 1279 5202; x_wconf 82' lang='grc' dir='ltr'><strong>τῶν</strong></span> <span class='ocrx_word' id='word_1_421' title='bbox 1323 5148 1492 5201; x_wconf 81' lang='grc' dir='ltr'>όντων</span> <span class='ocrx_word' id='word_1_422' title='bbox 1533 5150 1889 5217; x_wconf 72' lang='grc' dir='ltr'>ἐφάπτεσθαι,</span> 
     </span>
    </p>
   </div>
   <div class='ocr_carea' id='block_1_58' title="bbox 307 5237 1892 5313">
    <p class='ocr_par' dir='ltr' id='par_1_58' title="bbox 307 5237 1892 5313">
     <span class='ocr_line' id='line_1_58' title="bbox 307 5237 1892 5313; baseline 0.001 -20"><span class='ocrx_word' id='word_1_423' title='bbox 307 5237 452 5293; x_wconf 79' lang='grc' dir='ltr'>ἀλλὰ</span> <span class='ocrx_word' id='word_1_424' title='bbox 484 5238 552 5292; x_wconf 67' lang='grc' dir='ltr'><strong>τὰ</strong></span> <span class='ocrx_word' id='word_1_425' title='bbox 581 5240 715 5311; x_wconf 73' lang='grc' dir='ltr'>ἡμῖν</span> <span class='ocrx_word' id='word_1_426' title='bbox 742 5240 958 5311; x_wconf 81' lang='grc' dir='ltr'>ἇληπτα</span> <span class='ocrx_word' id='word_1_427' title='bbox 986 5242 1079 5294; x_wconf 75' lang='grc' dir='ltr'>καὶ</span> <span class='ocrx_word' id='word_1_428' title='bbox 1111 5242 1433 5312; x_wconf 78' lang='grc' dir='ltr'>ἀνεπινόητα</span> <span class='ocrx_word' id='word_1_429' title='bbox 1458 5241 1633 5294; x_wconf 64' lang='grc' dir='ltr'>πάντα</span> <span class='ocrx_word' id='word_1_430' title='bbox 1661 5244 1727 5313; x_wconf 80' lang='grc' dir='ltr'>τῇ</span> <span class='ocrx_word' id='word_1_431' title='bbox 1752 5241 1892 5310; x_wconf 83' lang='grc' dir='ltr'><strong>γνὼ-</strong></span> 
     </span>
    </p>
   </div>
   <div class='ocr_carea' id='block_1_59' title="bbox 311 5330 1892 5405">
    <p class='ocr_par' dir='ltr' id='par_1_59' title="bbox 311 5330 1892 5405">
     <span class='ocr_line' id='line_1_59' title="bbox 311 5330 1892 5405; baseline 0.004 -22"><span class='ocrx_word' id='word_1_432' title='bbox 311 5346 399 5383; x_wconf 89' lang='grc' dir='ltr'><strong>σει</strong></span> <span class='ocrx_word' id='word_1_433' title='bbox 442 5330 543 5402; x_wconf 83' lang='grc' dir='ltr'>τῆς</span> <span class='ocrx_word' id='word_1_434' title='bbox 591 5331 742 5396; x_wconf 80' lang='grc' dir='ltr'>θείας</span> <span class='ocrx_word' id='word_1_435' title='bbox 801 5332 993 5402; x_wconf 70' lang='grc' dir='ltr'>σοφίας</span> <span class='ocrx_word' id='word_1_436' title='bbox 1040 5333 1543 5405; x_wconf 82' lang='grc' dir='ltr'>ὲμπεριείργεσθαι.</span> <span class='ocrx_word' id='word_1_437' title='bbox 1606 5334 1727 5389; x_wconf 82' lang='grc' dir='ltr'><strong>Τῶν</strong></span> <span class='ocrx_word' id='word_1_438' title='bbox 1783 5334 1892 5405; x_wconf 80' lang='grc' dir='ltr'><strong>γὰρ</strong></span> 
     </span>
    </p>
   </div>
   <div class='ocr_carea' id='block_1_60' title="bbox 312 5422 1888 5499">
    <p class='ocr_par' dir='ltr' id='par_1_60' title="bbox 312 5422 1888 5499">
     <span class='ocr_line' id='line_1_60' title="bbox 312 5422 1888 5499; baseline 0.003 -24"><span class='ocrx_word' id='word_1_439' title='bbox 312 5422 534 5493; x_wconf 75' lang='grc' dir='ltr'>ἄστρων</span> <span class='ocrx_word' id='word_1_440' title='bbox 585 5422 674 5476; x_wconf 71' lang='grc' dir='ltr'><strong>διὰ</strong></span> <span class='ocrx_word' id='word_1_441' title='bbox 722 5426 783 5478; x_wconf 76' lang='grc' dir='ltr'>τὸ</span> <span class='ocrx_word' id='word_1_442' title='bbox 828 5423 1029 5495; x_wconf 75' lang='grc' dir='ltr'>πλῆθος</span> <span class='ocrx_word' id='word_1_443' title='bbox 1070 5425 1445 5494; x_wconf 79' lang='grc' dir='ltr'>ὲκφευγόντων</span> <span class='ocrx_word' id='word_1_444' title='bbox 1494 5427 1584 5480; x_wconf 77' lang='grc' dir='ltr'><strong>τὸν</strong></span> <span class='ocrx_word' id='word_1_445' title='bbox 1637 5426 1888 5499; x_wconf 72' lang='grc' dir='ltr'>ἀριθμὸν,</span> 
     </span>
    </p>
   </div>
   <div class='ocr_carea' id='block_1_61' title="bbox 311 5509 1893 5590">
    <p class='ocr_par' dir='ltr' id='par_1_61' title="bbox 311 5509 1893 5590">
     <span class='ocr_line' id='line_1_61' title="bbox 311 5509 1893 5590; baseline 0.004 -26"><span class='ocrx_word' id='word_1_446' title='bbox 311 5509 392 5577; x_wconf 78' lang='grc' dir='ltr'>ὡς</span> <span class='ocrx_word' id='word_1_447' title='bbox 435 5513 568 5585; x_wconf 78' lang='grc' dir='ltr'>πρὸς</span> <span class='ocrx_word' id='word_1_448' title='bbox 602 5514 957 5587; x_wconf 74' lang='grc' dir='ltr'>ἀνθρωπίνην·</span> <span class='ocrx_word' id='word_1_449' title='bbox 991 5517 1251 5583; x_wconf 80' lang='grc' dir='ltr'>ἐπίνοιαν,</span> <span class='ocrx_word' id='word_1_450' title='bbox 1286 5517 1394 5571; x_wconf 72' lang='grc' dir='ltr'>ἀπὸ</span> <span class='ocrx_word' id='word_1_451' title='bbox 1445 5517 1643 5590; x_wconf 84' lang='grc' dir='ltr'>μέρους</span> <span class='ocrx_word' id='word_1_452' title='bbox 1692 5519 1752 5572; x_wconf 76' lang='grc' dir='ltr'><strong>τὸ</strong></span> <span class='ocrx_word' id='word_1_453' title='bbox 1785 5520 1893 5573; x_wconf 80' lang='grc' dir='ltr'>πᾶν</span> 
     </span>
    </p>
   </div>
   <div class='ocr_carea' id='block_1_62' title="bbox 398 5687 821 5763">
    <p class='ocr_par' dir='ltr' id='par_1_62' title="bbox 398 5687 821 5763">
     <span class='ocr_line' id='line_1_62' title="bbox 398 5687 821 5763; baseline 0 -18"><span class='ocrx_word' id='word_1_454' title='bbox 398 5700 440 5729; x_wconf 69' lang='grc' dir='ltr'>αι</span> <span class='ocrx_word' id='word_1_455' title='bbox 475 5687 611 5747; x_wconf 81' lang='lat' dir='ltr'><strong>Gcn.</strong></span> <span class='ocrx_word' id='word_1_456' title='bbox 647 5706 739 5763; x_wconf 73' lang='lat' dir='ltr'><strong>in,</strong></span> <span class='ocrx_word' id='word_1_457' title='bbox 772 5692 821 5745; x_wconf 88' lang='lat'><strong>8.</strong></span> 
     </span>
    </p>
   </div>
   <div class='ocr_carea' id='block_1_63' title="bbox 1919 4370 1966 4429">
    <p class='ocr_par' dir='ltr' id='par_1_63' title="bbox 1919 4370 1966 4429">
     <span class='ocr_line' id='line_1_63' title="bbox 1919 4370 1966 4429; baseline 0 0"><span class='ocrx_word' id='word_1_458' title='bbox 1919 4370 1966 4429; x_wconf 91' lang='lat' dir='ltr'><strong>D</strong></span> 
     </span>
    </p>
   </div>
   <div class='ocr_carea' id='block_1_64' title="bbox 1988 509 3560 595">
    <p class='ocr_par' dir='ltr' id='par_1_64' title="bbox 1988 509 3560 595">
     <span class='ocr_line' id='line_1_64' title="bbox 1988 509 3560 595; baseline 0.013 -32"><span class='ocrx_word' id='word_1_459' title='bbox 1988 509 2043 564; x_wconf 93' lang='lat' dir='ltr'><strong>in</strong></span> <span class='ocrx_word' id='word_1_460' title='bbox 2097 509 2228 579; x_wconf 78' lang='lat' dir='ltr'><strong>Deo,</strong></span> <span class='ocrx_word' id='word_1_461' title='bbox 2285 513 2352 568; x_wconf 89' lang='lat' dir='ltr'><strong>ad</strong></span> <span class='ocrx_word' id='word_1_462' title='bbox 2388 514 2855 584; x_wconf 77' lang='lat' dir='ltr'><strong>dispensationem</strong></span> <span class='ocrx_word' id='word_1_463' title='bbox 2889 527 3072 575; x_wconf 86' lang='lat' dir='ltr'><strong>autem</strong></span> <span class='ocrx_word' id='word_1_464' title='bbox 3100 537 3289 578; x_wconf 85' lang='lat' dir='ltr'><strong>eorum</strong></span> <span class='ocrx_word' id='word_1_465' title='bbox 3320 531 3411 595; x_wconf 88' lang='lat' dir='ltr'><strong>qui</strong></span> <span class='ocrx_word' id='word_1_466' title='bbox 3441 543 3560 583; x_wconf 75' lang='lat' dir='ltr'><strong>ern-</strong></span> 
     </span>
    </p>
   </div>
   <div class='ocr_carea' id='block_1_65' title="bbox 1984 599 3559 678">
    <p class='ocr_par' dir='ltr' id='par_1_65' title="bbox 1984 599 3559 678">
     <span class='ocr_line' id='line_1_65' title="bbox 1984 599 3559 678; baseline 0.012 -25"><span class='ocrx_word' id='word_1_467' title='bbox 1984 599 2210 656; x_wconf 89' lang='lat' dir='ltr'><strong>diuutur</strong></span> <span class='ocrx_word' id='word_1_468' title='bbox 2253 618 2362 659; x_wconf 89' lang='lat' dir='ltr'><strong>non</strong></span> <span class='ocrx_word' id='word_1_469' title='bbox 2407 613 2537 660; x_wconf 88' lang='lat' dir='ltr'><strong>sunt</strong></span> <span class='ocrx_word' id='word_1_470' title='bbox 2589 606 2825 662; x_wconf 86' lang='lat' dir='ltr'><strong>inutilia.</strong></span> <span class='ocrx_word' id='word_1_471' title='bbox 2878 608 3015 664; x_wconf 89' lang='lat' dir='ltr'><strong>Nam</strong></span> <span class='ocrx_word' id='word_1_472' title='bbox 3049 612 3435 671; x_wconf 54' lang='lat' dir='ltr'><strong>dissolutiores</strong></span> <span class='ocrx_word' id='word_1_473' title='bbox 3465 618 3559 678; x_wconf 71' lang='lat' dir='ltr'><strong>im</strong></span> 
     </span>
    </p>
   </div>
   <div class='ocr_carea' id='block_1_66' title="bbox 1985 691 3559 775">
    <p class='ocr_par' dir='ltr' id='par_1_66' title="bbox 1985 691 3559 775">
     <span class='ocr_line' id='line_1_66' title="bbox 1985 691 3559 775; baseline 0.011 -30"><span class='ocrx_word' id='word_1_474' title='bbox 1985 691 2248 749; x_wconf 89' lang='lat' dir='ltr'><strong>iudicatio</strong></span> <span class='ocrx_word' id='word_1_475' title='bbox 2287 703 2433 767; x_wconf 86' lang='lat' dir='ltr'><strong>metu</strong></span> <span class='ocrx_word' id='word_1_476' title='bbox 2484 698 2780 765; x_wconf 75' lang='lat' dir='ltr'><strong>contrahit,</strong></span> <span class='ocrx_word' id='word_1_477' title='bbox 2810 709 2865 756; x_wconf 92' lang='lat' dir='ltr'><strong>et</strong></span> <span class='ocrx_word' id='word_1_478' title='bbox 2900 702 3238 772; x_wconf 68' lang='lat' dir='ltr'><strong>paenitentia:</strong></span> <span class='ocrx_word' id='word_1_479' title='bbox 3262 705 3559 775; x_wconf 86' lang='lat' dir='ltr'><strong>pharmaco</strong></span> 
     </span>
    </p>
   </div>
   <div class='ocr_carea' id='block_1_67' title="bbox 1987 782 3556 865">
    <p class='ocr_par' dir='ltr' id='par_1_67' title="bbox 1987 782 3556 865">
     <span class='ocr_line' id='line_1_67' title="bbox 1987 782 3556 865; baseline 0.011 -29"><span class='ocrx_word' id='word_1_480' title='bbox 1987 782 2362 853; x_wconf 73' lang='lat' dir='ltr'><strong>indigentibus</strong></span> <span class='ocrx_word' id='word_1_481' title='bbox 2415 788 2550 844; x_wconf 85' lang='lat' dir='ltr'><strong>dicit</strong></span> <span class='ocrx_word' id='word_1_482' title='bbox 2599 789 2888 847; x_wconf 86' lang='lat' dir='ltr'><strong>Dominum</strong></span> <span class='ocrx_word' id='word_1_483' title='bbox 2935 793 3008 849; x_wconf 86' lang='lat' dir='ltr'><strong>oh</strong></span> <span class='ocrx_word' id='word_1_484' title='bbox 3061 803 3347 865; x_wconf 80' lang='lat' dir='ltr'><strong>peccatum</strong></span> <span class='ocrx_word' id='word_1_485' title='bbox 3393 799 3556 854; x_wconf 84' lang='lat' dir='ltr'><strong>etiam</strong></span> 
     </span>
    </p>
   </div>
   <div class='ocr_carea' id='block_1_68' title="bbox 1986 872 3557 952">
    <p class='ocr_par' dir='ltr' id='par_1_68' title="bbox 1986 872 3557 952">
     <span class='ocr_line' id='line_1_68' title="bbox 1986 872 3557 952; baseline 0.01 -23"><span class='ocrx_word' id='word_1_486' title='bbox 1986 872 2149 929; x_wconf 84' lang='lat' dir='ltr'><strong>simul</strong></span> <span class='ocrx_word' id='word_1_487' title='bbox 2176 876 2479 945; x_wconf 66' lang='lat' dir='ltr'><strong>paenitere;</strong></span> <span class='ocrx_word' id='word_1_488' title='bbox 2512 878 2606 947; x_wconf 81' lang='lat' dir='ltr'><strong>qui</strong></span> <span class='ocrx_word' id='word_1_489' title='bbox 2648 890 2829 936; x_wconf 87' lang='lat' dir='ltr'><strong>autem</strong></span> <span class='ocrx_word' id='word_1_490' title='bbox 2853 883 3134 952; x_wconf 80' lang='lat' dir='ltr'><strong>prosperis</strong></span> <span class='ocrx_word' id='word_1_491' title='bbox 3155 884 3319 941; x_wconf 86' lang='lat' dir='ltr'><strong>rebus</strong></span> <span class='ocrx_word' id='word_1_492' title='bbox 3354 886 3557 944; x_wconf 86' lang='lat' dir='ltr'><strong>insole-</strong></span> 
     </span>
    </p>
   </div>
   <div class='ocr_carea' id='block_1_69' title="bbox 1986 967 3558 1045">
    <p class='ocr_par' dir='ltr' id='par_1_69' title="bbox 1986 967 3558 1045">
     <span class='ocr_line' id='line_1_69' title="bbox 1986 967 3558 1045; baseline 0.008 -25"><span class='ocrx_word' id='word_1_493' title='bbox 1986 975 2145 1020; x_wconf 92' lang='lat' dir='ltr'><strong>scunt</strong></span> <span class='ocrx_word' id='word_1_494' title='bbox 2193 974 2247 1021; x_wconf 89' lang='lat' dir='ltr'><strong>et</strong></span> <span class='ocrx_word' id='word_1_495' title='bbox 2281 967 2582 1024; x_wconf 82' lang='lat' dir='ltr'><strong>eﬁ‘eruntur</strong></span> <span class='ocrx_word' id='word_1_496' title='bbox 2601 1009 2617 1035; x_wconf 93' lang='lat'><strong>,</strong></span> <span class='ocrx_word' id='word_1_497' title='bbox 2650 971 3066 1040; x_wconf 83' lang='lat' dir='ltr'><strong>prosperitatem</strong></span> <span class='ocrx_word' id='word_1_498' title='bbox 3096 989 3207 1029; x_wconf 89' lang='lat' dir='ltr'><strong>non</strong></span> <span class='ocrx_word' id='word_1_499' title='bbox 3238 976 3318 1030; x_wconf 87' lang='lat' dir='ltr'><strong>eis</strong></span> <span class='ocrx_word' id='word_1_500' title='bbox 3346 991 3558 1045; x_wconf 87' lang='lat' dir='ltr'><strong>perma-</strong></span> 
     </span>
    </p>
   </div>
   <div class='ocr_carea' id='block_1_70' title="bbox 1985 1059 3557 1137">
    <p class='ocr_par' dir='ltr' id='par_1_70' title="bbox 1985 1059 3557 1137">
     <span class='ocr_line' id='line_1_70' title="bbox 1985 1059 3557 1137; baseline 0.011 -27"><span class='ocrx_word' id='word_1_501' title='bbox 1985 1072 2134 1122; x_wconf 88' lang='lat' dir='ltr'><strong>nere,</strong></span> <span class='ocrx_word' id='word_1_502' title='bbox 2164 1059 2374 1113; x_wconf 83' lang='lat' dir='ltr'><strong>tametsi</strong></span> <span class='ocrx_word' id='word_1_503' title='bbox 2399 1075 2465 1115; x_wconf 76' lang='lat' dir='ltr'><strong>ex</strong></span> <span class='ocrx_word' id='word_1_504' title='bbox 2495 1060 2603 1116; x_wconf 84' lang='lat' dir='ltr'><strong>Deo</strong></span> <span class='ocrx_word' id='word_1_505' title='bbox 2628 1076 2751 1117; x_wconf 86' lang='lat' dir='ltr'><strong>esse</strong></span> <span class='ocrx_word' id='word_1_506' title='bbox 2772 1062 3045 1129; x_wconf 85' lang='lat' dir='ltr'><strong>videatur,</strong></span> <span class='ocrx_word' id='word_1_507' title='bbox 3066 1082 3163 1135; x_wconf 88' lang='lat' dir='ltr'><strong>per</strong></span> <span class='ocrx_word' id='word_1_508' title='bbox 3183 1071 3557 1137; x_wconf 68' lang='lat' dir='ltr'><strong>paenitentiam</strong></span> 
     </span>
    </p>
   </div>
   <div class='ocr_carea' id='block_1_71' title="bbox 1984 1148 3568 1236">
    <p class='ocr_par' dir='ltr' id='par_1_71' title="bbox 1984 1148 3568 1236">
     <span class='ocr_line' id='line_1_71' title="bbox 1984 1148 3568 1236; baseline 0.006 -33"><span class='ocrx_word' id='word_1_509' title='bbox 1984 1163 2151 1217; x_wconf 86' lang='lat' dir='ltr'><strong>super</strong></span> <span class='ocrx_word' id='word_1_510' title='bbox 2187 1148 2349 1203; x_wconf 86' lang='lat' dir='ltr'><strong>Sanle</strong></span> <span class='ocrx_word' id='word_1_511' title='bbox 2384 1150 2647 1208; x_wconf 82' lang='lat' dir='ltr'><strong>ostendit.</strong></span> <span class='ocrx_word' id='word_1_512' title='bbox 2678 1148 2752 1205; x_wconf 77' lang='lat' dir='ltr'><strong>Et</strong></span> <span class='ocrx_word' id='word_1_513' title='bbox 2779 1151 2862 1207; x_wconf 79' lang='lat' dir='ltr'><strong>eis</strong></span> <span class='ocrx_word' id='word_1_514' title='bbox 2898 1153 2991 1223; x_wconf 87' lang='lat' dir='ltr'><strong>qui</strong></span> <span class='ocrx_word' id='word_1_515' title='bbox 3022 1168 3133 1208; x_wconf 88' lang='lat' dir='ltr'><strong>non</strong></span> <span class='ocrx_word' id='word_1_516' title='bbox 3162 1154 3396 1211; x_wconf 84' lang='lat' dir='ltr'><strong>demersi</strong></span> <span class='ocrx_word' id='word_1_517' title='bbox 3431 1168 3568 1236; x_wconf 59' lang='lat' dir='ltr'><strong>sunt</strong></span> 
     </span>
    </p>
   </div>
   <div class='ocr_carea' id='block_1_72' title="bbox 1985 1238 3556 1313">
    <p class='ocr_par' dir='ltr' id='par_1_72' title="bbox 1985 1238 3556 1313">
     <span class='ocr_line' id='line_1_72' title="bbox 1985 1238 3556 1313; baseline 0.006 -22"><span class='ocrx_word' id='word_1_518' title='bbox 1985 1238 2040 1292; x_wconf 92' lang='lat' dir='ltr'><strong>in</strong></span> <span class='ocrx_word' id='word_1_519' title='bbox 2072 1238 2349 1309; x_wconf 72' lang='lat' dir='ltr'><strong>profundo</strong></span> <span class='ocrx_word' id='word_1_520' title='bbox 2380 1240 2534 1311; x_wconf 89' lang='lat' dir='ltr'><strong>lapsu</strong></span> <span class='ocrx_word' id='word_1_521' title='bbox 2565 1244 2797 1312; x_wconf 76' lang='lat' dir='ltr'><strong>peccati,</strong></span> <span class='ocrx_word' id='word_1_522' title='bbox 2850 1242 2947 1298; x_wconf 88' lang='lat' dir='ltr'><strong>sed</strong></span> <span class='ocrx_word' id='word_1_523' title='bbox 2979 1250 3240 1313; x_wconf 85' lang='lat' dir='ltr'><strong>tanquam</strong></span> <span class='ocrx_word' id='word_1_524' title='bbox 3266 1261 3331 1300; x_wconf 78' lang='lat' dir='ltr'><strong>ex</strong></span> <span class='ocrx_word' id='word_1_525' title='bbox 3363 1262 3556 1301; x_wconf 80' lang='lat' dir='ltr'><strong>somno</strong></span> 
     </span>
    </p>
   </div>
   <div class='ocr_carea' id='block_1_73' title="bbox 1983 1332 3555 1403">
    <p class='ocr_par' dir='ltr' id='par_1_73' title="bbox 1983 1332 3555 1403">
     <span class='ocr_line' id='line_1_73' title="bbox 1983 1332 3555 1403; baseline 0.004 -19"><span class='ocrx_word' id='word_1_526' title='bbox 1983 1332 2219 1400; x_wconf 89' lang='lat' dir='ltr'><strong>quodam</strong></span> <span class='ocrx_word' id='word_1_527' title='bbox 2271 1346 2423 1388; x_wconf 65' lang='lat' dir='ltr'><strong>vanae</strong></span> <span class='ocrx_word' id='word_1_528' title='bbox 2473 1335 2598 1388; x_wconf 69' lang='lat' dir='ltr'><strong>vita:</strong></span> <span class='ocrx_word' id='word_1_529' title='bbox 2644 1346 2972 1403; x_wconf 72' lang='lat' dir='ltr'><strong>exsurgunt,</strong></span> <span class='ocrx_word' id='word_1_530' title='bbox 3024 1334 3191 1390; x_wconf 88' lang='lat' dir='ltr'><strong>Deum</strong></span> <span class='ocrx_word' id='word_1_531' title='bbox 3247 1337 3383 1392; x_wconf 82' lang='lat' dir='ltr'><strong>dicit</strong></span> <span class='ocrx_word' id='word_1_532' title='bbox 3424 1351 3555 1391; x_wconf 92' lang='lat' dir='ltr'><strong>con-</strong></span> 
     </span>
    </p>
   </div>
   <div class='ocr_carea' id='block_1_74' title="bbox 1983 1424 3551 1500">
    <p class='ocr_par' dir='ltr' id='par_1_74' title="bbox 1983 1424 3551 1500">
     <span class='ocr_line' id='line_1_74' title="bbox 1983 1424 3551 1500; baseline 0.005 -22"><span class='ocrx_word' id='word_1_533' title='bbox 1983 1438 2211 1494; x_wconf 75' lang='lat' dir='ltr'><strong>surgere</strong></span> <span class='ocrx_word' id='word_1_534' title='bbox 2266 1431 2321 1480; x_wconf 91' lang='lat' dir='ltr'><strong>et</strong></span> <span class='ocrx_word' id='word_1_535' title='bbox 2377 1424 2539 1480; x_wconf 88' lang='lat' dir='ltr'><strong>simul</strong></span> <span class='ocrx_word' id='word_1_536' title='bbox 2589 1426 2941 1496; x_wconf 77' lang='lat' dir='ltr'><strong>expergisci:</strong></span> <span class='ocrx_word' id='word_1_537' title='bbox 2992 1436 3140 1484; x_wconf 86' lang='lat' dir='ltr'><strong>stare</strong></span> <span class='ocrx_word' id='word_1_538' title='bbox 3196 1429 3264 1484; x_wconf 88' lang='lat' dir='ltr'><strong>iis</strong></span> <span class='ocrx_word' id='word_1_539' title='bbox 3327 1429 3420 1500; x_wconf 91' lang='lat' dir='ltr'><strong>qui</strong></span> <span class='ocrx_word' id='word_1_540' title='bbox 3484 1428 3551 1486; x_wconf 87' lang='lat' dir='ltr'><strong>ad</strong></span> 
     </span>
    </p>
   </div>
   <div class='ocr_carea' id='block_1_75' title="bbox 1982 1513 3556 1589">
    <p class='ocr_par' dir='ltr' id='par_1_75' title="bbox 1982 1513 3556 1589">
     <span class='ocr_line' id='line_1_75' title="bbox 1982 1513 3556 1589; baseline 0.002 -20"><span class='ocrx_word' id='word_1_541' title='bbox 1982 1513 2186 1569; x_wconf 80' lang='lat' dir='ltr'><strong>bonum</strong></span> <span class='ocrx_word' id='word_1_542' title='bbox 2228 1516 2504 1571; x_wconf 83' lang='lat' dir='ltr'><strong>stabiliter</strong></span> <span class='ocrx_word' id='word_1_543' title='bbox 2536 1517 2927 1584; x_wconf 85' lang='lat' dir='ltr'><strong>ascenderunt,</strong></span> <span class='ocrx_word' id='word_1_544' title='bbox 2966 1528 3021 1574; x_wconf 88' lang='lat' dir='ltr'><strong>ct</strong></span> <span class='ocrx_word' id='word_1_545' title='bbox 3058 1519 3249 1574; x_wconf 89' lang='lat' dir='ltr'><strong>sedere</strong></span> <span class='ocrx_word' id='word_1_546' title='bbox 3276 1520 3343 1575; x_wconf 90' lang='lat' dir='ltr'><strong>iis</strong></span> <span class='ocrx_word' id='word_1_547' title='bbox 3377 1520 3471 1589; x_wconf 88' lang='lat' dir='ltr'><strong>qui</strong></span> <span class='ocrx_word' id='word_1_548' title='bbox 3502 1520 3556 1580; x_wconf 86' lang='lat' dir='ltr'><strong>in</strong></span> 
     </span>
    </p>
   </div>
   <div class='ocr_carea' id='block_1_76' title="bbox 1984 1604 3558 1673">
    <p class='ocr_par' dir='ltr' id='par_1_76' title="bbox 1984 1604 3558 1673">
     <span class='ocr_line' id='line_1_76' title="bbox 1984 1604 3558 1673; baseline 0.004 -14"><span class='ocrx_word' id='word_1_549' title='bbox 1984 1604 2129 1661; x_wconf 82' lang='lat' dir='ltr'><strong>bono</strong></span> <span class='ocrx_word' id='word_1_550' title='bbox 2185 1607 2437 1662; x_wconf 86' lang='lat' dir='ltr'><strong>collocati</strong></span> <span class='ocrx_word' id='word_1_551' title='bbox 2488 1616 2658 1673; x_wconf 88' lang='lat' dir='ltr'><strong>sunt;</strong></span> <span class='ocrx_word' id='word_1_552' title='bbox 2713 1612 2919 1666; x_wconf 76' lang='lat' dir='ltr'><strong>moveri</strong></span> <span class='ocrx_word' id='word_1_553' title='bbox 2979 1619 3170 1666; x_wconf 86' lang='lat' dir='ltr'><strong>contra</strong></span> <span class='ocrx_word' id='word_1_554' title='bbox 3198 1620 3252 1666; x_wconf 89' lang='lat' dir='ltr'><strong>et</strong></span> <span class='ocrx_word' id='word_1_555' title='bbox 3280 1610 3558 1666; x_wconf 84' lang='lat' dir='ltr'><strong>ambulare</strong></span> 
     </span>
    </p>
   </div>
   <div class='ocr_carea' id='block_1_77' title="bbox 1984 1696 3556 1769">
    <p class='ocr_par' dir='ltr' id='par_1_77' title="bbox 1984 1696 3556 1769">
     <span class='ocr_line' id='line_1_77' title="bbox 1984 1696 3556 1769; baseline 0.005 -20"><span class='ocrx_word' id='word_1_556' title='bbox 1984 1696 2041 1750; x_wconf 92' lang='lat' dir='ltr'><strong>in</strong></span> <span class='ocrx_word' id='word_1_557' title='bbox 2096 1697 2182 1751; x_wconf 82' lang='lat' dir='ltr'><strong>his</strong></span> <span class='ocrx_word' id='word_1_558' title='bbox 2237 1698 2331 1767; x_wconf 89' lang='lat' dir='ltr'><strong>qui</strong></span> <span class='ocrx_word' id='word_1_559' title='bbox 2382 1713 2411 1750; x_wconf 91' lang='lat' dir='ltr'><strong>a</strong></span> <span class='ocrx_word' id='word_1_560' title='bbox 2467 1698 2724 1754; x_wconf 87' lang='lat' dir='ltr'><strong>ﬁrmitate</strong></span> <span class='ocrx_word' id='word_1_561' title='bbox 2774 1715 2899 1769; x_wconf 65' lang='lat' dir='ltr'><strong>qua:</strong></span> <span class='ocrx_word' id='word_1_562' title='bbox 2942 1708 3027 1756; x_wconf 85' lang='lat' dir='ltr'><strong>est</strong></span> <span class='ocrx_word' id='word_1_563' title='bbox 3082 1701 3136 1755; x_wconf 90' lang='lat' dir='ltr'><strong>in</strong></span> <span class='ocrx_word' id='word_1_564' title='bbox 3189 1699 3333 1754; x_wconf 85' lang='lat' dir='ltr'><strong>bono</strong></span> <span class='ocrx_word' id='word_1_565' title='bbox 3365 1698 3556 1757; x_wconf 87' lang='lat' dir='ltr'><strong>dimoti</strong></span> 
     </span>
    </p>
   </div>
   <div class='ocr_carea' id='block_1_78' title="bbox 1987 1785 3557 1844">
    <p class='ocr_par' dir='ltr' id='par_1_78' title="bbox 1987 1785 3557 1844">
     <span class='ocr_line' id='line_1_78' title="bbox 1987 1785 3557 1844; baseline 0.001 -2"><span class='ocrx_word' id='word_1_566' title='bbox 1987 1794 2139 1844; x_wconf 89' lang='lat' dir='ltr'><strong>sunt.</strong></span> <span class='ocrx_word' id='word_1_567' title='bbox 2177 1785 2250 1841; x_wconf 88' lang='lat' dir='ltr'><strong>Ut</strong></span> <span class='ocrx_word' id='word_1_568' title='bbox 2301 1788 2354 1843; x_wconf 88' lang='lat' dir='ltr'><strong>in</strong></span> <span class='ocrx_word' id='word_1_569' title='bbox 2400 1787 2613 1843; x_wconf 80' lang='lat' dir='ltr'><strong>Adamo</strong></span> <span class='ocrx_word' id='word_1_570' title='bbox 2644 1789 2876 1844; x_wconf 88' lang='lat' dir='ltr'><strong>historia</strong></span> <span class='ocrx_word' id='word_1_571' title='bbox 2928 1798 3149 1844; x_wconf 83' lang='lat' dir='ltr'><strong>enarrat</strong></span> <span class='ocrx_word' id='word_1_572' title='bbox 3191 1790 3235 1821; x_wconf 77' lang='grc'><strong>⁸³</strong></span> <span class='ocrx_word' id='word_1_573' title='bbox 3275 1788 3441 1844; x_wconf 91' lang='lat' dir='ltr'><strong>Deum</strong></span> <span class='ocrx_word' id='word_1_574' title='bbox 3464 1789 3557 1844; x_wconf 87' lang='lat' dir='ltr'><strong>de-</strong></span> 
     </span>
    </p>
   </div>
   <div class='ocr_carea' id='block_1_79' title="bbox 1985 1877 3554 1949">
    <p class='ocr_par' dir='ltr' id='par_1_79' title="bbox 1985 1877 3554 1949">
     <span class='ocr_line' id='line_1_79' title="bbox 1985 1877 3554 1949; baseline -0.001 -15"><span class='ocrx_word' id='word_1_575' title='bbox 1985 1878 2233 1934; x_wconf 85' lang='lat' dir='ltr'><strong>scribens</strong></span> <span class='ocrx_word' id='word_1_576' title='bbox 2258 1877 2698 1934; x_wconf 83' lang='lat' dir='ltr'><strong>deambulantcm</strong></span> <span class='ocrx_word' id='word_1_577' title='bbox 2724 1880 2791 1933; x_wconf 89' lang='lat' dir='ltr'><strong>ad</strong></span> <span class='ocrx_word' id='word_1_578' title='bbox 2816 1895 3074 1935; x_wconf 85' lang='lat' dir='ltr'><strong>occasum</strong></span> <span class='ocrx_word' id='word_1_579' title='bbox 3102 1888 3225 1949; x_wconf 89' lang='lat' dir='ltr'><strong>post</strong></span> <span class='ocrx_word' id='word_1_580' title='bbox 3251 1881 3554 1945; x_wconf 89' lang='lat' dir='ltr'><strong>meridiem,</strong></span> 
     </span>
    </p>
   </div>
   <div class='ocr_carea' id='block_1_80' title="bbox 1983 1971 3556 2042">
    <p class='ocr_par' dir='ltr' id='par_1_80' title="bbox 1983 1971 3556 2042">
     <span class='ocr_line' id='line_1_80' title="bbox 1983 1971 3556 2042; baseline 0.003 -18"><span class='ocrx_word' id='word_1_581' title='bbox 1983 1984 2081 2040; x_wconf 87' lang='lat' dir='ltr'><strong>per</strong></span> <span class='ocrx_word' id='word_1_582' title='bbox 2132 1984 2391 2026; x_wconf 84' lang='lat' dir='ltr'><strong>occasum</strong></span> <span class='ocrx_word' id='word_1_583' title='bbox 2458 1971 2526 2025; x_wconf 85' lang='lat' dir='ltr'><strong>ad</strong></span> <span class='ocrx_word' id='word_1_584' title='bbox 2590 1971 2879 2027; x_wconf 81' lang='lat' dir='ltr'><strong>tenebrosa</strong></span> <span class='ocrx_word' id='word_1_585' title='bbox 2934 1973 3257 2042; x_wconf 83' lang='lat' dir='ltr'><strong>protoplasti</strong></span> <span class='ocrx_word' id='word_1_586' title='bbox 3321 1973 3556 2028; x_wconf 82' lang='lat' dir='ltr'><strong>hominis</strong></span> 
     </span>
    </p>
   </div>
   <div class='ocr_carea' id='block_1_81' title="bbox 1984 2059 3555 2134">
    <p class='ocr_par' dir='ltr' id='par_1_81' title="bbox 1984 2059 3555 2134">
     <span class='ocr_line' id='line_1_81' title="bbox 1984 2059 3555 2134; baseline 0.005 -23"><span class='ocrx_word' id='word_1_587' title='bbox 1984 2059 2196 2128; x_wconf 88' lang='lat' dir='ltr'><strong>lapsum</strong></span> <span class='ocrx_word' id='word_1_588' title='bbox 2252 2061 2599 2131; x_wconf 78' lang='lat' dir='ltr'><strong>signiﬁcans,</strong></span> <span class='ocrx_word' id='word_1_589' title='bbox 2651 2078 2749 2134; x_wconf 88' lang='lat' dir='ltr'><strong>per</strong></span> <span class='ocrx_word' id='word_1_590' title='bbox 2795 2072 2999 2118; x_wconf 86' lang='lat' dir='ltr'><strong>motum</strong></span> <span class='ocrx_word' id='word_1_591' title='bbox 3061 2078 3190 2117; x_wconf 81' lang='lat' dir='ltr'><strong>vero</strong></span> <span class='ocrx_word' id='word_1_592' title='bbox 3230 2062 3464 2119; x_wconf 87' lang='lat' dir='ltr'><strong>hominis</strong></span> <span class='ocrx_word' id='word_1_593' title='bbox 3499 2063 3555 2119; x_wconf 92' lang='lat' dir='ltr'><strong>in</strong></span> 
     </span>
    </p>
   </div>
   <div class='ocr_carea' id='block_1_82' title="bbox 1984 2150 3101 2212">
    <p class='ocr_par' dir='ltr' id='par_1_82' title="bbox 1984 2150 3101 2212">
     <span class='ocr_line' id='line_1_82' title="bbox 1984 2150 3101 2212; baseline 0.008 -9"><span class='ocrx_word' id='word_1_594' title='bbox 1984 2150 2128 2205; x_wconf 86' lang='lat' dir='ltr'><strong>hono</strong></span> <span class='ocrx_word' id='word_1_595' title='bbox 2177 2151 2546 2209; x_wconf 88' lang='lat' dir='ltr'><strong>inﬁrmitatem</strong></span> <span class='ocrx_word' id='word_1_596' title='bbox 2580 2163 2634 2211; x_wconf 93' lang='lat' dir='ltr'><strong>et</strong></span> <span class='ocrx_word' id='word_1_597' title='bbox 2668 2156 3101 2212; x_wconf 69' lang='lat' dir='ltr'><strong>insxahilitatctn.</strong></span> 
     </span>
    </p>
   </div>
   <div class='ocr_carea' id='block_1_83' title="bbox 2058 2240 3556 2317">
    <p class='ocr_par' dir='ltr' id='par_1_83' title="bbox 2058 2240 3556 2317">
     <span class='ocr_line' id='line_1_83' title="bbox 2058 2240 3556 2317; baseline 0.008 -20"><span class='ocrx_word' id='word_1_598' title='bbox 2058 2240 2162 2297; x_wconf 81' lang='lat' dir='ltr'><strong>Sed</strong></span> <span class='ocrx_word' id='word_1_599' title='bbox 2190 2243 2304 2299; x_wconf 64' lang='lat' dir='ltr'><strong>haec</strong></span> <span class='ocrx_word' id='word_1_600' title='bbox 2332 2245 2519 2301; x_wconf 87' lang='lat' dir='ltr'><strong>multis</strong></span> <span class='ocrx_word' id='word_1_601' title='bbox 2546 2246 2765 2317; x_wconf 88' lang='lat' dir='ltr'><strong>longius</strong></span> <span class='ocrx_word' id='word_1_602' title='bbox 2810 2247 3043 2304; x_wconf 65' lang='lat' dir='ltr'><strong>fortasse</strong></span> <span class='ocrx_word' id='word_1_603' title='bbox 3077 2250 3411 2307; x_wconf 75' lang='lat' dir='ltr'><strong>videbuntur</strong></span> <span class='ocrx_word' id='word_1_604' title='bbox 3432 2267 3556 2309; x_wconf 84' lang='lat' dir='ltr'><strong>esse</strong></span> 
     </span>
    </p>
   </div>
   <div class='ocr_carea' id='block_1_84' title="bbox 1984 2334 3554 2415">
    <p class='ocr_par' dir='ltr' id='par_1_84' title="bbox 1984 2334 3554 2415">
     <span class='ocr_line' id='line_1_84' title="bbox 1984 2334 3554 2415; baseline 0.008 -28"><span class='ocrx_word' id='word_1_605' title='bbox 1984 2334 2250 2402; x_wconf 84' lang='lat' dir='ltr'><strong>producta</strong></span> <span class='ocrx_word' id='word_1_606' title='bbox 2272 2352 2436 2406; x_wconf 86' lang='lat' dir='ltr'><strong>quam</strong></span> <span class='ocrx_word' id='word_1_607' title='bbox 2463 2340 2743 2408; x_wconf 86' lang='lat' dir='ltr'><strong>proposita</strong></span> <span class='ocrx_word' id='word_1_608' title='bbox 2766 2342 3155 2410; x_wconf 83' lang='lat' dir='ltr'><strong>contemplatio</strong></span> <span class='ocrx_word' id='word_1_609' title='bbox 3186 2343 3386 2415; x_wconf 77' lang='lat' dir='ltr'><strong>exigat.</strong></span> <span class='ocrx_word' id='word_1_610' title='bbox 3419 2342 3554 2405; x_wconf 85' lang='lat' dir='ltr'><strong>Illud</strong></span> 
     </span>
    </p>
   </div>
   <div class='ocr_carea' id='block_1_85' title="bbox 1983 2425 3554 2501">
    <p class='ocr_par' dir='ltr' id='par_1_85' title="bbox 1983 2425 3554 2501">
     <span class='ocr_line' id='line_1_85' title="bbox 1983 2425 3554 2501; baseline 0.008 -24"><span class='ocrx_word' id='word_1_611' title='bbox 1983 2433 2166 2478; x_wconf 88' lang='lat' dir='ltr'><strong>autem</strong></span> <span class='ocrx_word' id='word_1_612' title='bbox 2224 2425 2408 2482; x_wconf 89' lang='lat' dir='ltr'><strong>nullus</strong></span> <span class='ocrx_word' id='word_1_613' title='bbox 2460 2440 2492 2479; x_wconf 90' lang='lat' dir='ltr'><strong>a</strong></span> <span class='ocrx_word' id='word_1_614' title='bbox 2537 2442 2596 2482; x_wconf 89' lang='lat' dir='ltr'><strong>re</strong></span> <span class='ocrx_word' id='word_1_615' title='bbox 2644 2428 2927 2499; x_wconf 82' lang='lat' dir='ltr'><strong>preposita</strong></span> <span class='ocrx_word' id='word_1_616' title='bbox 2974 2430 3287 2501; x_wconf 83' lang='lat' dir='ltr'><strong>discrepare</strong></span> <span class='ocrx_word' id='word_1_617' title='bbox 3335 2433 3554 2499; x_wconf 75' lang='lat' dir='ltr'><strong>dixerit,</strong></span> 
     </span>
    </p>
   </div>
   <div class='ocr_carea' id='block_1_86' title="bbox 1984 2517 3556 2594">
    <p class='ocr_par' dir='ltr' id='par_1_86' title="bbox 1984 2517 3556 2594">
     <span class='ocr_line' id='line_1_86' title="bbox 1984 2517 3556 2594; baseline 0.006 -24"><span class='ocrx_word' id='word_1_618' title='bbox 1984 2517 2132 2588; x_wconf 84' lang='lat' dir='ltr'><strong>quod</strong></span> <span class='ocrx_word' id='word_1_619' title='bbox 2176 2518 2430 2589; x_wconf 83' lang='lat' dir='ltr'><strong>plerique</strong></span> <span class='ocrx_word' id='word_1_620' title='bbox 2465 2518 2782 2575; x_wconf 74' lang='lat' dir='ltr'><strong>existiment</strong></span> <span class='ocrx_word' id='word_1_621' title='bbox 2830 2521 2974 2589; x_wconf 91' lang='lat' dir='ltr'><strong>quod</strong></span> <span class='ocrx_word' id='word_1_622' title='bbox 3010 2523 3113 2576; x_wconf 73' lang='lat' dir='ltr'><strong>sibi</strong></span> <span class='ocrx_word' id='word_1_623' title='bbox 3163 2524 3297 2594; x_wconf 85' lang='lat' dir='ltr'><strong>ipsis</strong></span> <span class='ocrx_word' id='word_1_624' title='bbox 3349 2535 3431 2581; x_wconf 90' lang='lat' dir='ltr'><strong>est</strong></span> <span class='ocrx_word' id='word_1_625' title='bbox 3472 2528 3556 2580; x_wconf 81' lang='lat' dir='ltr'><strong>in-</strong></span> 
     </span>
    </p>
   </div>
   <div class='ocr_carea' id='block_1_87' title="bbox 1980 2608 3555 2685">
    <p class='ocr_par' dir='ltr' id='par_1_87' title="bbox 1980 2608 3555 2685">
     <span class='ocr_line' id='line_1_87' title="bbox 1980 2608 3555 2685; baseline 0.007 -24"><span class='ocrx_word' id='word_1_626' title='bbox 1980 2608 2475 2678; x_wconf 84' lang='lat' dir='ltr'><strong>comprehensibile</strong></span> <span class='ocrx_word' id='word_1_627' title='bbox 2516 2624 2691 2680; x_wconf 91' lang='lat' dir='ltr'><strong>neque</strong></span> <span class='ocrx_word' id='word_1_628' title='bbox 2731 2624 2760 2664; x_wconf 84' lang='lat' dir='ltr'><strong>u</strong></span> <span class='ocrx_word' id='word_1_629' title='bbox 2808 2609 2918 2666; x_wconf 87' lang='lat' dir='ltr'><strong>Deo</strong></span> <span class='ocrx_word' id='word_1_630' title='bbox 2950 2614 3335 2682; x_wconf 84' lang='lat' dir='ltr'><strong>comprehendi</strong></span> <span class='ocrx_word' id='word_1_631' title='bbox 3373 2631 3555 2685; x_wconf 77' lang='lat' dir='ltr'><strong>posse,</strong></span> 
     </span>
    </p>
   </div>
   <div class='ocr_carea' id='block_1_88' title="bbox 1981 2697 3558 2774">
    <p class='ocr_par' dir='ltr' id='par_1_88' title="bbox 1981 2697 3558 2774">
     <span class='ocr_line' id='line_1_88' title="bbox 1981 2697 3558 2774; baseline 0.003 -20"><span class='ocrx_word' id='word_1_632' title='bbox 1981 2707 2035 2754; x_wconf 82' lang='lat' dir='ltr'><strong>et</strong></span> <span class='ocrx_word' id='word_1_633' title='bbox 2085 2697 2234 2769; x_wconf 90' lang='lat' dir='ltr'><strong>quod</strong></span> <span class='ocrx_word' id='word_1_634' title='bbox 2276 2699 2496 2767; x_wconf 84' lang='lat' dir='ltr'><strong>quidem</strong></span> <span class='ocrx_word' id='word_1_635' title='bbox 2527 2698 2776 2770; x_wconf 70' lang='lat' dir='ltr'><strong>ell‘ugerit</strong></span> <span class='ocrx_word' id='word_1_636' title='bbox 2818 2716 2972 2757; x_wconf 89' lang='lat' dir='ltr'><strong>suam</strong></span> <span class='ocrx_word' id='word_1_637' title='bbox 3015 2704 3258 2773; x_wconf 90' lang='lat' dir='ltr'><strong>ipsorum</strong></span> <span class='ocrx_word' id='word_1_638' title='bbox 3291 2705 3558 2774; x_wconf 81' lang='lat' dir='ltr'><strong>cognitio-</strong></span> 
     </span>
    </p>
   </div>
   <div class='ocr_carea' id='block_1_89' title="bbox 1982 2791 3556 2869">
    <p class='ocr_par' dir='ltr' id='par_1_89' title="bbox 1982 2791 3556 2869">
     <span class='ocr_line' id='line_1_89' title="bbox 1982 2791 3556 2869; baseline 0.005 -24"><span class='ocrx_word' id='word_1_639' title='bbox 1982 2807 2132 2855; x_wconf 88' lang='lat' dir='ltr'><strong>nem,</strong></span> <span class='ocrx_word' id='word_1_640' title='bbox 2183 2791 2285 2847; x_wconf 88' lang='lat' dir='ltr'><strong>hoc</strong></span> <span class='ocrx_word' id='word_1_641' title='bbox 2330 2793 2753 2861; x_wconf 77' lang='lat' dir='ltr'><strong>exsuperantius</strong></span> <span class='ocrx_word' id='word_1_642' title='bbox 2789 2792 2973 2847; x_wconf 83' lang='lat' dir='ltr'><strong>divina</strong></span> <span class='ocrx_word' id='word_1_643' title='bbox 3016 2796 3254 2864; x_wconf 83' lang='lat' dir='ltr'><strong>potentia</strong></span> <span class='ocrx_word' id='word_1_644' title='bbox 3300 2812 3423 2852; x_wconf 90' lang='lat' dir='ltr'><strong>esse</strong></span> <span class='ocrx_word' id='word_1_645' title='bbox 3456 2814 3556 2869; x_wconf 84' lang='lat' dir='ltr'><strong>pu-</strong></span> 
     </span>
    </p>
   </div>
   <div class='ocr_carea' id='block_1_90' title="bbox 1985 2878 3559 2953">
    <p class='ocr_par' dir='ltr' id='par_1_90' title="bbox 1985 2878 3559 2953">
     <span class='ocr_line' id='line_1_90' title="bbox 1985 2878 3559 2953; baseline 0.008 -22"><span class='ocrx_word' id='word_1_646' title='bbox 1985 2880 2120 2932; x_wconf 85' lang='lat' dir='ltr'><strong>tent.</strong></span> <span class='ocrx_word' id='word_1_647' title='bbox 2168 2879 2440 2945; x_wconf 85' lang='lat' dir='ltr'><strong>Quoniam</strong></span> <span class='ocrx_word' id='word_1_648' title='bbox 2493 2878 2663 2950; x_wconf 79' lang='lat' dir='ltr'><strong>igitur</strong></span> <span class='ocrx_word' id='word_1_649' title='bbox 2715 2895 2820 2937; x_wconf 87' lang='lat' dir='ltr'><strong>nos</strong></span> <span class='ocrx_word' id='word_1_650' title='bbox 2859 2884 3050 2953; x_wconf 90' lang='lat' dir='ltr'><strong>quanti</strong></span> <span class='ocrx_word' id='word_1_651' title='bbox 3111 2900 3420 2940; x_wconf 87' lang='lat' dir='ltr'><strong>mensuram</strong></span> <span class='ocrx_word' id='word_1_652' title='bbox 3462 2903 3559 2943; x_wconf 85' lang='lat' dir='ltr'><strong>nu-</strong></span> 
     </span>
    </p>
   </div>
   <div class='ocr_carea' id='block_1_91' title="bbox 1984 2964 3554 3044">
    <p class='ocr_par' dir='ltr' id='par_1_91' title="bbox 1984 2964 3554 3044">
     <span class='ocr_line' id='line_1_91' title="bbox 1984 2964 3554 3044; baseline 0.006 -26"><span class='ocrx_word' id='word_1_653' title='bbox 1984 2978 2195 3018; x_wconf 87' lang='lat' dir='ltr'><strong>merum</strong></span> <span class='ocrx_word' id='word_1_654' title='bbox 2236 2964 2504 3035; x_wconf 80' lang='lat' dir='ltr'><strong>fecimus;</strong></span> <span class='ocrx_word' id='word_1_655' title='bbox 2535 2982 2801 3023; x_wconf 89' lang='lat' dir='ltr'><strong>numerus</strong></span> <span class='ocrx_word' id='word_1_656' title='bbox 2830 2979 3010 3025; x_wconf 87' lang='lat' dir='ltr'><strong>autem</strong></span> <span class='ocrx_word' id='word_1_657' title='bbox 3046 2971 3179 3025; x_wconf 86' lang='lat' dir='ltr'><strong>nihil</strong></span> <span class='ocrx_word' id='word_1_658' title='bbox 3210 2973 3355 3027; x_wconf 88' lang='lat' dir='ltr'><strong>aliud</strong></span> <span class='ocrx_word' id='word_1_659' title='bbox 3390 2976 3554 3044; x_wconf 74' lang='lat' dir='ltr'><strong>quam</strong></span> 
     </span>
    </p>
   </div>
   <div class='ocr_carea' id='block_1_92' title="bbox 1985 3058 3556 3128">
    <p class='ocr_par' dir='ltr' id='par_1_92' title="bbox 1985 3058 3556 3128">
     <span class='ocr_line' id='line_1_92' title="bbox 1985 3058 3556 3128; baseline 0.005 -20"><span class='ocrx_word' id='word_1_660' title='bbox 1985 3060 2253 3111; x_wconf 86' lang='lat' dir='ltr'><strong>unitatum</strong></span> <span class='ocrx_word' id='word_1_661' title='bbox 2282 3058 2608 3128; x_wconf 86' lang='lat' dir='ltr'><strong>compositio</strong></span> <span class='ocrx_word' id='word_1_662' title='bbox 2637 3067 2743 3124; x_wconf 89' lang='lat' dir='ltr'><strong>est,</strong></span> <span class='ocrx_word' id='word_1_663' title='bbox 2779 3074 2903 3114; x_wconf 89' lang='lat' dir='ltr'><strong>cum</strong></span> <span class='ocrx_word' id='word_1_664' title='bbox 2934 3063 3081 3117; x_wconf 74' lang='lat' dir='ltr'><strong>varie</strong></span> <span class='ocrx_word' id='word_1_665' title='bbox 3107 3064 3288 3119; x_wconf 87' lang='lat' dir='ltr'><strong>unitas</strong></span> <span class='ocrx_word' id='word_1_666' title='bbox 3323 3065 3376 3119; x_wconf 89' lang='lat' dir='ltr'><strong>in</strong></span> <span class='ocrx_word' id='word_1_667' title='bbox 3416 3066 3556 3119; x_wconf 74' lang='lat' dir='ltr'><strong>nuth</strong></span> 
     </span>
    </p>
   </div>
   <div class='ocr_carea' id='block_1_93' title="bbox 1984 3146 3557 3226">
    <p class='ocr_par' dir='ltr' id='par_1_93' title="bbox 1984 3146 3557 3226">
     <span class='ocr_line' id='line_1_93' title="bbox 1984 3146 3557 3226; baseline 0.006 -27"><span class='ocrx_word' id='word_1_668' title='bbox 1984 3146 2270 3205; x_wconf 87' lang='lat' dir='ltr'><strong>titudinem</strong></span> <span class='ocrx_word' id='word_1_669' title='bbox 2328 3160 2610 3205; x_wconf 79' lang='lat' dir='ltr'><strong>excrescat</strong></span> <span class='ocrx_word' id='word_1_670' title='bbox 2657 3170 2669 3205; x_wconf 91' lang='lat'>:</span> <span class='ocrx_word' id='word_1_671' title='bbox 2721 3152 2901 3207; x_wconf 85' lang='lat' dir='ltr'><strong>unitas</strong></span> <span class='ocrx_word' id='word_1_672' title='bbox 2956 3155 3101 3207; x_wconf 79' lang='lat' dir='ltr'><strong>cnim</strong></span> <span class='ocrx_word' id='word_1_673' title='bbox 3152 3165 3204 3209; x_wconf 88' lang='lat' dir='ltr'><strong>et</strong></span> <span class='ocrx_word' id='word_1_674' title='bbox 3251 3154 3415 3211; x_wconf 85' lang='lat' dir='ltr'><strong>dccas</strong></span> <span class='ocrx_word' id='word_1_675' title='bbox 3462 3170 3557 3226; x_wconf 82' lang='lat' dir='ltr'><strong>per</strong></span> 
     </span>
    </p>
   </div>
   <div class='ocr_carea' id='block_1_94' title="bbox 1982 3240 3542 3316">
    <p class='ocr_par' dir='ltr' id='par_1_94' title="bbox 1982 3240 3542 3316">
     <span class='ocr_line' id='line_1_94' title="bbox 1982 3240 3542 3316; baseline 0.005 -25"><span class='ocrx_word' id='word_1_676' title='bbox 1982 3240 2432 3308; x_wconf 87' lang='lat' dir='ltr'><strong>compositionem</strong></span> <span class='ocrx_word' id='word_1_677' title='bbox 2480 3243 2748 3298; x_wconf 84' lang='lat' dir='ltr'><strong>unitalum</strong></span> <span class='ocrx_word' id='word_1_678' title='bbox 2780 3244 2848 3298; x_wconf 91' lang='lat' dir='ltr'><strong>ad</strong></span> <span class='ocrx_word' id='word_1_679' title='bbox 2884 3245 2985 3298; x_wconf 86' lang='lat' dir='ltr'><strong>hoc</strong></span> <span class='ocrx_word' id='word_1_680' title='bbox 3010 3247 3380 3316; x_wconf 76' lang='lat' dir='ltr'><strong>progrediens,</strong></span> <span class='ocrx_word' id='word_1_681' title='bbox 3415 3249 3542 3300; x_wconf 83' lang='lat' dir='ltr'><strong>uni-</strong></span> 
     </span>
    </p>
   </div>
   <div class='ocr_carea' id='block_1_95' title="bbox 1986 3332 3549 3401">
    <p class='ocr_par' dir='ltr' id='par_1_95' title="bbox 1986 3332 3549 3401">
     <span class='ocr_line' id='line_1_95' title="bbox 1986 3332 3549 3401; baseline 0.005 -20"><span class='ocrx_word' id='word_1_682' title='bbox 1986 3338 2068 3384; x_wconf 86' lang='lat' dir='ltr'><strong>tas</strong></span> <span class='ocrx_word' id='word_1_683' title='bbox 2118 3345 2312 3385; x_wconf 87' lang='lat' dir='ltr'><strong>rursus</strong></span> <span class='ocrx_word' id='word_1_684' title='bbox 2336 3332 2582 3386; x_wconf 87' lang='lat' dir='ltr'><strong>centuria</strong></span> <span class='ocrx_word' id='word_1_685' title='bbox 2610 3348 2729 3401; x_wconf 76' lang='lat' dir='ltr'><strong>qua:</strong></span> <span class='ocrx_word' id='word_1_686' title='bbox 2762 3349 2825 3387; x_wconf 79' lang='lat' dir='ltr'><strong>ex</strong></span> <span class='ocrx_word' id='word_1_687' title='bbox 2859 3333 3098 3389; x_wconf 87' lang='lat' dir='ltr'><strong>denariis</strong></span> <span class='ocrx_word' id='word_1_688' title='bbox 3124 3336 3369 3389; x_wconf 89' lang='lat' dir='ltr'><strong>numeris</strong></span> <span class='ocrx_word' id='word_1_689' title='bbox 3397 3350 3549 3389; x_wconf 89' lang='lat' dir='ltr'><strong>com-</strong></span> 
     </span>
    </p>
   </div>
   <div class='ocr_carea' id='block_1_96' title="bbox 1983 3418 3556 3495">
    <p class='ocr_par' dir='ltr' id='par_1_96' title="bbox 1983 3418 3556 3495">
     <span class='ocr_line' id='line_1_96' title="bbox 1983 3418 3556 3495; baseline 0.006 -24"><span class='ocrx_word' id='word_1_690' title='bbox 1983 3418 2223 3487; x_wconf 87' lang='lat' dir='ltr'><strong>ponitur.</strong></span> <span class='ocrx_word' id='word_1_691' title='bbox 2274 3419 2540 3476; x_wconf 82' lang='lat' dir='ltr'><strong>Similiter</strong></span> <span class='ocrx_word' id='word_1_692' title='bbox 2574 3432 2628 3476; x_wconf 91' lang='lat' dir='ltr'><strong>et</strong></span> <span class='ocrx_word' id='word_1_693' title='bbox 2658 3422 2850 3477; x_wconf 86' lang='lat' dir='ltr'><strong>chilias</strong></span> <span class='ocrx_word' id='word_1_694' title='bbox 2880 3423 2983 3476; x_wconf 86' lang='lat' dir='ltr'><strong>alia</strong></span> <span class='ocrx_word' id='word_1_695' title='bbox 3021 3424 3225 3488; x_wconf 81' lang='lat' dir='ltr'><strong>unitas,</strong></span> <span class='ocrx_word' id='word_1_696' title='bbox 3261 3431 3315 3477; x_wconf 92' lang='lat' dir='ltr'><strong>et</strong></span> <span class='ocrx_word' id='word_1_697' title='bbox 3355 3425 3556 3495; x_wconf 79' lang='lat' dir='ltr'><strong>myrias</strong></span> 
     </span>
    </p>
   </div>
   <div class='ocr_carea' id='block_1_97' title="bbox 1986 3512 3554 3583">
    <p class='ocr_par' dir='ltr' id='par_1_97' title="bbox 1986 3512 3554 3583">
     <span class='ocr_line' id='line_1_97' title="bbox 1986 3512 3554 3583; baseline 0.003 -20"><span class='ocrx_word' id='word_1_698' title='bbox 1986 3512 2209 3580; x_wconf 88' lang='lat' dir='ltr'><strong>pariter,</strong></span> <span class='ocrx_word' id='word_1_699' title='bbox 2250 3512 2603 3581; x_wconf 88' lang='lat' dir='ltr'><strong>proportione</strong></span> <span class='ocrx_word' id='word_1_700' title='bbox 2652 3512 2836 3567; x_wconf 87' lang='lat' dir='ltr'><strong>habita</strong></span> <span class='ocrx_word' id='word_1_701' title='bbox 2864 3528 2931 3567; x_wconf 78' lang='lat' dir='ltr'><strong>ex</strong></span> <span class='ocrx_word' id='word_1_702' title='bbox 2986 3515 3554 3583; x_wconf 87' lang='lat' dir='ltr'><strong>mnltiplicationihus,</strong></span> 
     </span>
    </p>
   </div>
   <div class='ocr_carea' id='block_1_98' title="bbox 1987 3598 3559 3672">
    <p class='ocr_par' dir='ltr' id='par_1_98' title="bbox 1987 3598 3559 3672">
     <span class='ocr_line' id='line_1_98' title="bbox 1987 3598 3559 3672; baseline 0.006 -21"><span class='ocrx_word' id='word_1_703' title='bbox 1987 3598 2076 3652; x_wconf 89' lang='lat' dir='ltr'><strong>illa</strong></span> <span class='ocrx_word' id='word_1_704' title='bbox 2101 3598 2321 3669; x_wconf 88' lang='lat' dir='ltr'><strong>quidem</strong></span> <span class='ocrx_word' id='word_1_705' title='bbox 2354 3615 2420 3657; x_wconf 79' lang='lat' dir='ltr'><strong>ex</strong></span> <span class='ocrx_word' id='word_1_706' title='bbox 2456 3599 2809 3667; x_wconf 86' lang='lat' dir='ltr'><strong>chiliadihus,</strong></span> <span class='ocrx_word' id='word_1_707' title='bbox 2840 3600 2956 3655; x_wconf 65' lang='lat' dir='ltr'><strong>haec</strong></span> <span class='ocrx_word' id='word_1_708' title='bbox 2993 3617 3118 3655; x_wconf 72' lang='lat' dir='ltr'><strong>vero</strong></span> <span class='ocrx_word' id='word_1_709' title='bbox 3152 3619 3272 3672; x_wconf 61' lang='lat' dir='ltr'><strong>qua;</strong></span> <span class='ocrx_word' id='word_1_710' title='bbox 3295 3602 3559 3660; x_wconf 78' lang='lat' dir='ltr'><strong>centuriis</strong></span> 
     </span>
    </p>
   </div>
   <div class='ocr_carea' id='block_1_99' title="bbox 1987 3689 3556 3762">
    <p class='ocr_par' dir='ltr' id='par_1_99' title="bbox 1987 3689 3556 3762">
     <span class='ocr_line' id='line_1_99' title="bbox 1987 3689 3556 3762; baseline 0.004 -19"><span class='ocrx_word' id='word_1_711' title='bbox 1987 3689 2300 3743; x_wconf 88' lang='lat' dir='ltr'><strong>summatim</strong></span> <span class='ocrx_word' id='word_1_712' title='bbox 2360 3691 2651 3757; x_wconf 84' lang='lat' dir='ltr'><strong>colligitur,</strong></span> <span class='ocrx_word' id='word_1_713' title='bbox 2721 3706 2888 3759; x_wconf 90' lang='lat' dir='ltr'><strong>super</strong></span> <span class='ocrx_word' id='word_1_714' title='bbox 2939 3694 3122 3746; x_wconf 85' lang='lat' dir='ltr'><strong>omnia</strong></span> <span class='ocrx_word' id='word_1_715' title='bbox 3175 3694 3242 3747; x_wconf 92' lang='lat' dir='ltr'><strong>de</strong></span> <span class='ocrx_word' id='word_1_716' title='bbox 3291 3694 3556 3762; x_wconf 78' lang='lat' dir='ltr'><strong>subjectis</strong></span> 
     </span>
    </p>
   </div>
   <div class='ocr_carea' id='block_1_100' title="bbox 1988 3779 3555 3851">
    <p class='ocr_par' dir='ltr' id='par_1_100' title="bbox 1988 3779 3555 3851">
     <span class='ocr_line' id='line_1_100' title="bbox 1988 3779 3555 3851; baseline 0.004 -19"><span class='ocrx_word' id='word_1_717' title='bbox 1988 3779 2332 3845; x_wconf 86' lang='lat' dir='ltr'><strong>deﬁnientes,</strong></span> <span class='ocrx_word' id='word_1_718' title='bbox 2389 3780 2542 3850; x_wconf 81' lang='lat' dir='ltr'><strong>signa</strong></span> <span class='ocrx_word' id='word_1_719' title='bbox 2593 3781 2915 3849; x_wconf 79' lang='lat' dir='ltr'><strong>quantitatis</strong></span> <span class='ocrx_word' id='word_1_720' title='bbox 2971 3798 3153 3835; x_wconf 86' lang='lat' dir='ltr'><strong>rerum</strong></span> <span class='ocrx_word' id='word_1_721' title='bbox 3193 3797 3312 3851; x_wconf 69' lang='lat' dir='ltr'><strong>quae</strong></span> <span class='ocrx_word' id='word_1_722' title='bbox 3358 3801 3555 3839; x_wconf 84' lang='lat' dir='ltr'><strong>nume-</strong></span> 
     </span>
    </p>
   </div>
   <div class='ocr_carea' id='block_1_101' title="bbox 1987 3870 3556 3942">
    <p class='ocr_par' dir='ltr' id='par_1_101' title="bbox 1987 3870 3556 3942">
     <span class='ocr_line' id='line_1_101' title="bbox 1987 3870 3556 3942; baseline 0.001 -17"><span class='ocrx_word' id='word_1_723' title='bbox 1987 3880 2181 3925; x_wconf 90' lang='lat' dir='ltr'><strong>rantur</strong></span> <span class='ocrx_word' id='word_1_724' title='bbox 2208 3870 2459 3926; x_wconf 86' lang='lat' dir='ltr'><strong>l&#39;acimus.</strong></span> <span class='ocrx_word' id='word_1_725' title='bbox 2505 3870 2575 3925; x_wconf 87' lang='lat' dir='ltr'><strong>Ut</strong></span> <span class='ocrx_word' id='word_1_726' title='bbox 2607 3873 2770 3940; x_wconf 85' lang='lat' dir='ltr'><strong>igitur</strong></span> <span class='ocrx_word' id='word_1_727' title='bbox 2800 3887 2831 3926; x_wconf 89' lang='lat' dir='ltr'><strong>a</strong></span> <span class='ocrx_word' id='word_1_728' title='bbox 2856 3872 3039 3926; x_wconf 77' lang='lat' dir='ltr'><strong>divina</strong></span> <span class='ocrx_word' id='word_1_729' title='bbox 3083 3872 3364 3942; x_wconf 88' lang='lat' dir='ltr'><strong>Scriptura</strong></span> <span class='ocrx_word' id='word_1_730' title='bbox 3397 3876 3556 3928; x_wconf 79' lang='lat' dir='ltr'><strong>inSti-</strong></span> 
     </span>
    </p>
   </div>
   <div class='ocr_carea' id='block_1_102' title="bbox 1988 3961 3557 4033">
    <p class='ocr_par' dir='ltr' id='par_1_102' title="bbox 1988 3961 3557 4033">
     <span class='ocr_line' id='line_1_102' title="bbox 1988 3961 3557 4033; baseline 0.001 -17"><span class='ocrx_word' id='word_1_731' title='bbox 1988 3962 2088 4019; x_wconf 88' lang='lat' dir='ltr'><strong>tuti</strong></span> <span class='ocrx_word' id='word_1_732' title='bbox 2125 3976 2395 4028; x_wconf 89' lang='lat' dir='ltr'><strong>essemus,</strong></span> <span class='ocrx_word' id='word_1_733' title='bbox 2436 3963 2569 4017; x_wconf 88' lang='lat' dir='ltr'><strong>nihil</strong></span> <span class='ocrx_word' id='word_1_734' title='bbox 2617 3961 2725 4017; x_wconf 87' lang='lat' dir='ltr'><strong>Deo</strong></span> <span class='ocrx_word' id='word_1_735' title='bbox 2757 3963 3091 4032; x_wconf 83' lang='lat' dir='ltr'><strong>incognitum</strong></span> <span class='ocrx_word' id='word_1_736' title='bbox 3131 3977 3275 4026; x_wconf 88' lang='lat' dir='ltr'><strong>esse,</strong></span> <span class='ocrx_word' id='word_1_737' title='bbox 3328 3963 3397 4016; x_wconf 84' lang='lat' dir='ltr'><strong>ab</strong></span> <span class='ocrx_word' id='word_1_738' title='bbox 3438 3964 3557 4033; x_wconf 87' lang='lat' dir='ltr'><strong>ipso</strong></span> 
     </span>
    </p>
   </div>
   <div class='ocr_carea' id='block_1_103' title="bbox 1988 4053 3560 4118">
    <p class='ocr_par' dir='ltr' id='par_1_103' title="bbox 1988 4053 3560 4118">
     <span class='ocr_line' id='line_1_103' title="bbox 1988 4053 3560 4118; baseline 0 -9"><span class='ocrx_word' id='word_1_739' title='bbox 1988 4053 2118 4110; x_wconf 89' lang='lat' dir='ltr'><strong>dicit</strong></span> <span class='ocrx_word' id='word_1_740' title='bbox 2166 4055 2449 4110; x_wconf 90' lang='lat' dir='ltr'><strong>stellarum</strong></span> <span class='ocrx_word' id='word_1_741' title='bbox 2504 4055 2904 4113; x_wconf 83' lang='lat' dir='ltr'><strong>multitudinem</strong></span> <span class='ocrx_word' id='word_1_742' title='bbox 2973 4055 3272 4118; x_wconf 89' lang='lat' dir='ltr'><strong>numerari,</strong></span> <span class='ocrx_word' id='word_1_743' title='bbox 3325 4069 3433 4109; x_wconf 91' lang='lat' dir='ltr'><strong>non</strong></span> <span class='ocrx_word' id='word_1_744' title='bbox 3491 4057 3560 4110; x_wconf 84' lang='lat' dir='ltr'><strong>ad</strong></span> 
     </span>
    </p>
   </div>
   <div class='ocr_carea' id='block_1_104' title="bbox 1988 4145 3561 4214">
    <p class='ocr_par' dir='ltr' id='par_1_104' title="bbox 1988 4145 3561 4214">
     <span class='ocr_line' id='line_1_104' title="bbox 1988 4145 3561 4214; baseline 0.001 -13"><span class='ocrx_word' id='word_1_745' title='bbox 1988 4145 2136 4204; x_wconf 85' lang='lat' dir='ltr'><strong>hunc</strong></span> <span class='ocrx_word' id='word_1_746' title='bbox 2191 4146 2416 4201; x_wconf 86' lang='lat' dir='ltr'><strong>modum</strong></span> <span class='ocrx_word' id='word_1_747' title='bbox 2449 4145 2851 4203; x_wconf 82' lang='lat' dir='ltr'><strong>numerationis</strong></span> <span class='ocrx_word' id='word_1_748' title='bbox 2887 4160 3007 4214; x_wconf 70' lang='lat' dir='ltr'><strong>quae</strong></span> <span class='ocrx_word' id='word_1_749' title='bbox 3038 4145 3094 4198; x_wconf 82' lang='lat' dir='ltr'><strong>ﬁt</strong></span> <span class='ocrx_word' id='word_1_750' title='bbox 3142 4159 3173 4198; x_wconf 91' lang='lat' dir='ltr'><strong>a</strong></span> <span class='ocrx_word' id='word_1_751' title='bbox 3206 4146 3388 4201; x_wconf 86' lang='lat' dir='ltr'><strong>nobis.</strong></span> <span class='ocrx_word' id='word_1_752' title='bbox 3426 4145 3561 4212; x_wconf 82' lang='lat' dir='ltr'><strong>Quis</strong></span> 
     </span>
    </p>
   </div>
   <div class='ocr_carea' id='block_1_105' title="bbox 1984 4234 3561 4306">
    <p class='ocr_par' dir='ltr' id='par_1_105' title="bbox 1984 4234 3561 4306">
     <span class='ocr_line' id='line_1_105' title="bbox 1984 4234 3561 4306; baseline -0.004 -10"><span class='ocrx_word' id='word_1_753' title='bbox 1984 4240 2134 4296; x_wconf 81' lang='lat' dir='ltr'><strong>enim</strong></span> <span class='ocrx_word' id='word_1_754' title='bbox 2187 4239 2260 4292; x_wconf 87' lang='lat' dir='ltr'><strong>ita</strong></span> <span class='ocrx_word' id='word_1_755' title='bbox 2310 4236 2543 4293; x_wconf 88' lang='lat' dir='ltr'><strong>stolidus</strong></span> <span class='ocrx_word' id='word_1_756' title='bbox 2580 4245 2633 4291; x_wconf 88' lang='lat' dir='ltr'><strong>et</strong></span> <span class='ocrx_word' id='word_1_757' title='bbox 2683 4235 2908 4305; x_wconf 78' lang='lat' dir='ltr'><strong>simplex</strong></span> <span class='ocrx_word' id='word_1_758' title='bbox 2959 4236 3052 4306; x_wconf 89' lang='lat' dir='ltr'><strong>qui</strong></span> <span class='ocrx_word' id='word_1_759' title='bbox 3107 4234 3273 4291; x_wconf 89' lang='lat' dir='ltr'><strong>Deum</strong></span> <span class='ocrx_word' id='word_1_760' title='bbox 3329 4252 3561 4291; x_wconf 81' lang='lat' dir='ltr'><strong>numero</strong></span> 
     </span>
    </p>
   </div>
   <div class='ocr_carea' id='block_1_106' title="bbox 1992 4324 3561 4398">
    <p class='ocr_par' dir='ltr' id='par_1_106' title="bbox 1992 4324 3561 4398">
     <span class='ocr_line' id='line_1_106' title="bbox 1992 4324 3561 4398; baseline -0.003 -16"><span class='ocrx_word' id='word_1_761' title='bbox 1992 4326 2186 4398; x_wconf 89' lang='lat' dir='ltr'><strong>impari</strong></span> <span class='ocrx_word' id='word_1_762' title='bbox 2222 4334 2276 4382; x_wconf 91' lang='lat' dir='ltr'><strong>et</strong></span> <span class='ocrx_word' id='word_1_763' title='bbox 2304 4325 2421 4395; x_wconf 87' lang='lat' dir='ltr'><strong>pari</strong></span> <span class='ocrx_word' id='word_1_764' title='bbox 2454 4340 2519 4380; x_wconf 89' lang='lat' dir='ltr'><strong>ea</strong></span> <span class='ocrx_word' id='word_1_765' title='bbox 2548 4340 2671 4395; x_wconf 60' lang='lat' dir='ltr'><strong>quas</strong></span> <span class='ocrx_word' id='word_1_766' title='bbox 2711 4333 2838 4383; x_wconf 89' lang='lat' dir='ltr'><strong>sunt</strong></span> <span class='ocrx_word' id='word_1_767' title='bbox 2870 4324 3333 4396; x_wconf 87' lang='lat' dir='ltr'><strong>comprehendere</strong></span> <span class='ocrx_word' id='word_1_768' title='bbox 3384 4335 3561 4395; x_wconf 80' lang='lat' dir='ltr'><strong>putet,</strong></span> 
     </span>
    </p>
   </div>
   <div class='ocr_carea' id='block_1_107' title="bbox 1990 4418 3557 4489">
    <p class='ocr_par' dir='ltr' id='par_1_107' title="bbox 1990 4418 3557 4489">
     <span class='ocr_line' id='line_1_107' title="bbox 1990 4418 3557 4489; baseline -0.003 -13"><span class='ocrx_word' id='word_1_769' title='bbox 1990 4428 2046 4476; x_wconf 86' lang='lat' dir='ltr'><strong>et</strong></span> <span class='ocrx_word' id='word_1_770' title='bbox 2079 4436 2173 4489; x_wconf 76' lang='lat' dir='ltr'><strong>per</strong></span> <span class='ocrx_word' id='word_1_771' title='bbox 2205 4418 2477 4472; x_wconf 87' lang='lat' dir='ltr'><strong>nnitatum</strong></span> <span class='ocrx_word' id='word_1_772' title='bbox 2506 4418 2954 4488; x_wconf 81' lang='lat' dir='ltr'><strong>compositionem</strong></span> <span class='ocrx_word' id='word_1_773' title='bbox 2990 4418 3055 4471; x_wconf 87' lang='lat' dir='ltr'><strong>ad</strong></span> <span class='ocrx_word' id='word_1_774' title='bbox 3091 4432 3358 4472; x_wconf 84' lang='lat' dir='ltr'><strong>summam</strong></span> <span class='ocrx_word' id='word_1_775' title='bbox 3390 4434 3557 4487; x_wconf 46' lang='lat' dir='ltr'><strong>quan-</strong></span> 
     </span>
    </p>
   </div>
   <div class='ocr_carea' id='block_1_108' title="bbox 1993 4507 3559 4579">
    <p class='ocr_par' dir='ltr' id='par_1_108' title="bbox 1993 4507 3559 4579">
     <span class='ocr_line' id='line_1_108' title="bbox 1993 4507 3559 4579; baseline -0.001 -13"><span class='ocrx_word' id='word_1_776' title='bbox 1993 4511 2168 4566; x_wconf 80' lang='lat' dir='ltr'><strong>titatis</strong></span> <span class='ocrx_word' id='word_1_777' title='bbox 2197 4517 2463 4565; x_wconf 63' lang='lat' dir='ltr'><strong>accrvatar</strong></span> <span class='ocrx_word' id='word_1_778' title='bbox 2492 4523 2781 4564; x_wconf 87' lang='lat' dir='ltr'><strong>numerum</strong></span> <span class='ocrx_word' id='word_1_779' title='bbox 2812 4508 3099 4579; x_wconf 84' lang='lat' dir='ltr'><strong>complecti</strong></span> <span class='ocrx_word' id='word_1_780' title='bbox 3123 4511 3147 4562; x_wconf 74' lang='lat'><strong>1&#39;</strong></span> <span class='ocrx_word' id='word_1_781' title='bbox 3175 4507 3277 4563; x_wconf 88' lang='lat' dir='ltr'><strong>Sed</strong></span> <span class='ocrx_word' id='word_1_782' title='bbox 3302 4511 3559 4576; x_wconf 76' lang='lat' dir='ltr'><strong>qttnniam</strong></span> 
     </span>
    </p>
   </div>
   <div class='ocr_carea' id='block_1_109' title="bbox 1992 4602 3563 4671">
    <p class='ocr_par' dir='ltr' id='par_1_109' title="bbox 1992 4602 3563 4671">
     <span class='ocr_line' id='line_1_109' title="bbox 1992 4602 3563 4671; baseline -0.001 -15"><span class='ocrx_word' id='word_1_783' title='bbox 1992 4603 2046 4656; x_wconf 91' lang='lat' dir='ltr'><strong>in</strong></span> <span class='ocrx_word' id='word_1_784' title='bbox 2089 4602 2250 4658; x_wconf 85' lang='lat' dir='ltr'><strong>nohis</strong></span> <span class='ocrx_word' id='word_1_785' title='bbox 2291 4609 2483 4657; x_wconf 75' lang='lat' dir='ltr'><strong>exacta</strong></span> <span class='ocrx_word' id='word_1_786' title='bbox 2519 4602 2708 4670; x_wconf 90' lang='lat' dir='ltr'><strong>quanti</strong></span> <span class='ocrx_word' id='word_1_787' title='bbox 2741 4602 2980 4671; x_wconf 81' lang='lat' dir='ltr'><strong>cognitio</strong></span> <span class='ocrx_word' id='word_1_788' title='bbox 3016 4615 3082 4655; x_wconf 77' lang='lat' dir='ltr'><strong>ex</strong></span> <span class='ocrx_word' id='word_1_789' title='bbox 3126 4615 3354 4657; x_wconf 86' lang='lat' dir='ltr'><strong>numero</strong></span> <span class='ocrx_word' id='word_1_790' title='bbox 3382 4602 3459 4663; x_wconf 82' lang='lat' dir='ltr'><strong>ﬁt,</strong></span> <span class='ocrx_word' id='word_1_791' title='bbox 3503 4610 3563 4654; x_wconf 90' lang='lat' dir='ltr'><strong>ut</strong></span> 
     </span>
    </p>
   </div>
   <div class='ocr_carea' id='block_1_110' title="bbox 1988 4692 3566 4764">
    <p class='ocr_par' dir='ltr' id='par_1_110' title="bbox 1988 4692 3566 4764">
     <span class='ocr_line' id='line_1_110' title="bbox 1988 4692 3566 4764; baseline -0.002 -13"><span class='ocrx_word' id='word_1_792' title='bbox 1988 4697 2058 4752; x_wconf 91' lang='lat' dir='ltr'><strong>de</strong></span> <span class='ocrx_word' id='word_1_793' title='bbox 2106 4696 2215 4750; x_wconf 90' lang='lat' dir='ltr'><strong>Deo</strong></span> <span class='ocrx_word' id='word_1_794' title='bbox 2248 4696 2501 4750; x_wconf 89' lang='lat' dir='ltr'><strong>instructi</strong></span> <span class='ocrx_word' id='word_1_795' title='bbox 2540 4709 2812 4757; x_wconf 82' lang='lat' dir='ltr'><strong>cssenms,</strong></span> <span class='ocrx_word' id='word_1_796' title='bbox 2863 4692 3007 4764; x_wconf 83' lang='lat' dir='ltr'><strong>quod</strong></span> <span class='ocrx_word' id='word_1_797' title='bbox 3038 4693 3222 4747; x_wconf 87' lang='lat' dir='ltr'><strong>omnia</strong></span> <span class='ocrx_word' id='word_1_798' title='bbox 3255 4695 3566 4763; x_wconf 76' lang='lat' dir='ltr'><strong>cognitio:.e</strong></span> 
     </span>
    </p>
   </div>
   <div class='ocr_carea' id='block_1_111' title="bbox 1992 4785 3565 4860">
    <p class='ocr_par' dir='ltr' id='par_1_111' title="bbox 1992 4785 3565 4860">
     <span class='ocr_line' id='line_1_111' title="bbox 1992 4785 3565 4860; baseline -0.004 -15"><span class='ocrx_word' id='word_1_799' title='bbox 1992 4788 2169 4860; x_wconf 88' lang='lat' dir='ltr'><strong>ipsius</strong></span> <span class='ocrx_word' id='word_1_800' title='bbox 2218 4787 2502 4857; x_wconf 74' lang='lat' dir='ltr'><strong>sapientia:</strong></span> <span class='ocrx_word' id='word_1_801' title='bbox 2549 4785 2944 4855; x_wconf 85' lang='lat' dir='ltr'><strong>comprehensa</strong></span> <span class='ocrx_word' id='word_1_802' title='bbox 2977 4792 3109 4839; x_wconf 86' lang='lat' dir='ltr'><strong>sunt</strong></span> <span class='ocrx_word' id='word_1_803' title='bbox 3159 4785 3408 4854; x_wconf 87' lang='lat' dir='ltr'><strong>nihilque</strong></span> <span class='ocrx_word' id='word_1_804' title='bbox 3446 4786 3565 4853; x_wconf 83' lang='lat' dir='ltr'><strong>ejus</strong></span> 
     </span>
    </p>
   </div>
   <div class='ocr_carea' id='block_1_112' title="bbox 1991 4875 3562 4948">
    <p class='ocr_par' dir='ltr' id='par_1_112' title="bbox 1991 4875 3562 4948">
     <span class='ocr_line' id='line_1_112' title="bbox 1991 4875 3562 4948; baseline -0.004 -14"><span class='ocrx_word' id='word_1_805' title='bbox 1991 4886 2304 4934; x_wconf 87' lang='lat' dir='ltr'><strong>accuratam</strong></span> <span class='ocrx_word' id='word_1_806' title='bbox 2349 4878 2536 4948; x_wconf 82' lang='lat' dir='ltr'><strong>en‘ugit</strong></span> <span class='ocrx_word' id='word_1_807' title='bbox 2570 4876 2954 4946; x_wconf 80' lang='lat' dir='ltr'><strong>cognitionem,</strong></span> <span class='ocrx_word' id='word_1_808' title='bbox 2996 4875 3160 4943; x_wconf 81' lang='lat' dir='ltr'><strong>hujus</strong></span> <span class='ocrx_word' id='word_1_809' title='bbox 3192 4877 3366 4944; x_wconf 82' lang='lat' dir='ltr'><strong>gratia</strong></span> <span class='ocrx_word' id='word_1_810' title='bbox 3397 4876 3562 4929; x_wconf 84' lang='lat' dir='ltr'><strong>Deum</strong></span> 
     </span>
    </p>
   </div>
   <div class='ocr_carea' id='block_1_113' title="bbox 1992 4964 3564 5036">
    <p class='ocr_par' dir='ltr' id='par_1_113' title="bbox 1992 4964 3564 5036">
     <span class='ocr_line' id='line_1_113' title="bbox 1992 4964 3564 5036; baseline -0.005 -12"><span class='ocrx_word' id='word_1_811' title='bbox 1992 4979 2141 5026; x_wconf 83' lang='lat' dir='ltr'><strong>astra</strong></span> <span class='ocrx_word' id='word_1_812' title='bbox 2181 4984 2473 5025; x_wconf 87' lang='lat' dir='ltr'><strong>numerare</strong></span> <span class='ocrx_word' id='word_1_813' title='bbox 2510 4967 2756 5022; x_wconf 80' lang='lat' dir='ltr'><strong>deﬁnivit</strong></span> <span class='ocrx_word' id='word_1_814' title='bbox 2794 4980 2889 5036; x_wconf 91' lang='lat' dir='ltr'><strong>per</strong></span> <span class='ocrx_word' id='word_1_815' title='bbox 2922 4981 2984 5019; x_wconf 88' lang='lat' dir='ltr'><strong>ea</strong></span> <span class='ocrx_word' id='word_1_816' title='bbox 3016 4980 3138 5034; x_wconf 73' lang='lat' dir='ltr'><strong>qua:</strong></span> <span class='ocrx_word' id='word_1_817' title='bbox 3166 4964 3302 5019; x_wconf 88' lang='lat' dir='ltr'><strong>dicit</strong></span> <span class='ocrx_word' id='word_1_818' title='bbox 3348 4964 3450 5017; x_wconf 89' lang='lat' dir='ltr'><strong>hoc</strong></span> <span class='ocrx_word' id='word_1_819' title='bbox 3481 4965 3564 5017; x_wconf 79' lang='lat' dir='ltr'><strong>iu-</strong></span> 
     </span>
    </p>
   </div>
   <div class='ocr_carea' id='block_1_114' title="bbox 1992 5059 3568 5134">
    <p class='ocr_par' dir='ltr' id='par_1_114' title="bbox 1992 5059 3568 5134">
     <span class='ocr_line' id='line_1_114' title="bbox 1992 5059 3568 5134; baseline -0.006 -16"><span class='ocrx_word' id='word_1_820' title='bbox 1992 5064 2238 5134; x_wconf 82' lang='lat' dir='ltr'><strong>telligerc</strong></span> <span class='ocrx_word' id='word_1_821' title='bbox 2279 5061 2601 5123; x_wconf 87' lang='lat' dir='ltr'><strong>consulens,</strong></span> <span class='ocrx_word' id='word_1_822' title='bbox 2631 5076 2741 5114; x_wconf 91' lang='lat' dir='ltr'><strong>non</strong></span> <span class='ocrx_word' id='word_1_823' title='bbox 2781 5059 2848 5114; x_wconf 85' lang='lat' dir='ltr'><strong>ad</strong></span> <span class='ocrx_word' id='word_1_824' title='bbox 2895 5073 3208 5114; x_wconf 73' lang='lat' dir='ltr'><strong>mensuram</strong></span> <span class='ocrx_word' id='word_1_825' title='bbox 3250 5063 3448 5111; x_wconf 73' lang='lat' dir='ltr'><strong>nostra;-</strong></span> <span class='ocrx_word' id='word_1_826' title='bbox 3472 5070 3568 5109; x_wconf 81' lang='lat' dir='ltr'><strong>co-</strong></span> 
     </span>
    </p>
   </div>
   <div class='ocr_carea' id='block_1_115' title="bbox 1993 5146 3566 5225">
    <p class='ocr_par' dir='ltr' id='par_1_115' title="bbox 1993 5146 3566 5225">
     <span class='ocr_line' id='line_1_115' title="bbox 1993 5146 3566 5225; baseline -0.007 -16"><span class='ocrx_word' id='word_1_827' title='bbox 1993 5154 2257 5225; x_wconf 83' lang='lat' dir='ltr'><strong>gnitionis</strong></span> <span class='ocrx_word' id='word_1_828' title='bbox 2290 5154 2458 5207; x_wconf 87' lang='lat' dir='ltr'><strong>Deum</strong></span> <span class='ocrx_word' id='word_1_829' title='bbox 2493 5150 2705 5221; x_wconf 87' lang='lat' dir='ltr'><strong>opinari</strong></span> <span class='ocrx_word' id='word_1_830' title='bbox 2745 5165 2808 5205; x_wconf 85' lang='lat' dir='ltr'><strong>ea</strong></span> <span class='ocrx_word' id='word_1_831' title='bbox 2840 5164 2960 5218; x_wconf 84' lang='lat' dir='ltr'><strong>qua:</strong></span> <span class='ocrx_word' id='word_1_832' title='bbox 2990 5160 3117 5203; x_wconf 88' lang='lat' dir='ltr'><strong>sunt</strong></span> <span class='ocrx_word' id='word_1_833' title='bbox 3159 5148 3445 5217; x_wconf 79' lang='lat' dir='ltr'><strong>attingere.</strong></span> <span class='ocrx_word' id='word_1_834' title='bbox 3471 5146 3566 5201; x_wconf 77' lang='lat' dir='ltr'><strong>sed</strong></span> 
     </span>
    </p>
   </div>
   <div class='ocr_carea' id='block_1_116' title="bbox 1997 5236 3567 5314">
    <p class='ocr_par' dir='ltr' id='par_1_116' title="bbox 1997 5236 3567 5314">
     <span class='ocr_line' id='line_1_116' title="bbox 1997 5236 3567 5314; baseline -0.005 -18"><span class='ocrx_word' id='word_1_835' title='bbox 1997 5260 2121 5314; x_wconf 68' lang='lat' dir='ltr'><strong>qum</strong></span> <span class='ocrx_word' id='word_1_836' title='bbox 2172 5243 2332 5299; x_wconf 84' lang='lat' dir='ltr'><strong>nobis</strong></span> <span class='ocrx_word' id='word_1_837' title='bbox 2382 5241 2857 5313; x_wconf 77' lang='lat' dir='ltr'><strong>incomprehensa,</strong></span> <span class='ocrx_word' id='word_1_838' title='bbox 2904 5255 3003 5293; x_wconf 85' lang='lat' dir='ltr'><strong>nec</strong></span> <span class='ocrx_word' id='word_1_839' title='bbox 3055 5239 3351 5301; x_wconf 88' lang='lat' dir='ltr'><strong>intellecta,</strong></span> <span class='ocrx_word' id='word_1_840' title='bbox 3386 5236 3567 5291; x_wconf 87' lang='lat' dir='ltr'><strong>omnia</strong></span> 
     </span>
    </p>
   </div>
   <div class='ocr_carea' id='block_1_117' title="bbox 1998 5316 3568 5404">
    <p class='ocr_par' dir='ltr' id='par_1_117' title="bbox 1998 5316 3568 5404">
     <span class='ocr_line' id='line_1_117' title="bbox 1998 5316 3568 5404; baseline -0.004 -15"><span class='ocrx_word' id='word_1_841' title='bbox 1998 5336 2198 5390; x_wconf 72' lang='lat' dir='ltr'><strong>divinm</strong></span> <span class='ocrx_word' id='word_1_842' title='bbox 2235 5335 2519 5404; x_wconf 75' lang='lat' dir='ltr'><strong>sapientizc</strong></span> <span class='ocrx_word' id='word_1_843' title='bbox 2571 5333 2879 5402; x_wconf 76' lang='lat' dir='ltr'><strong>cognitione</strong></span> <span class='ocrx_word' id='word_1_844' title='bbox 2930 5316 3201 5386; x_wconf 83' lang='lat' dir='ltr'><strong>concludi.</strong></span> <span class='ocrx_word' id='word_1_845' title='bbox 3240 5330 3377 5384; x_wconf 88' lang='lat' dir='ltr'><strong>Cum</strong></span> <span class='ocrx_word' id='word_1_846' title='bbox 3423 5328 3568 5383; x_wconf 87' lang='lat' dir='ltr'><strong>enim</strong></span> 
     </span>
    </p>
   </div>
   <div class='ocr_carea' id='block_1_118' title="bbox 2000 5422 3569 5496">
    <p class='ocr_par' dir='ltr' id='par_1_118' title="bbox 2000 5422 3569 5496">
     <span class='ocr_line' id='line_1_118' title="bbox 2000 5422 3569 5496; baseline -0.004 -12"><span class='ocrx_word' id='word_1_847' title='bbox 2000 5428 2173 5484; x_wconf 76' lang='lat' dir='ltr'><strong>Stellae</strong></span> <span class='ocrx_word' id='word_1_848' title='bbox 2241 5435 2463 5496; x_wconf 84' lang='lat' dir='ltr'><strong>propter</strong></span> <span class='ocrx_word' id='word_1_849' title='bbox 2513 5424 2915 5478; x_wconf 86' lang='lat' dir='ltr'><strong>multitudinem</strong></span> <span class='ocrx_word' id='word_1_850' title='bbox 2974 5422 3186 5493; x_wconf 80' lang='lat' dir='ltr'><strong>fugiant</strong></span> <span class='ocrx_word' id='word_1_851' title='bbox 3240 5435 3569 5485; x_wconf 83' lang='lat' dir='ltr'><strong>numerum,</strong></span> 
     </span>
    </p>
   </div>
   <div class='ocr_carea' id='block_1_119' title="bbox 2000 5517 3574 5593">
    <p class='ocr_par' dir='ltr' id='par_1_119' title="bbox 2000 5517 3574 5593">
     <span class='ocr_line' id='line_1_119' title="bbox 2000 5517 3574 5593; baseline -0.003 -18"><span class='ocrx_word' id='word_1_852' title='bbox 2000 5529 2261 5593; x_wconf 85' lang='lat' dir='ltr'><strong>quantum</strong></span> <span class='ocrx_word' id='word_1_853' title='bbox 2315 5519 2381 5573; x_wconf 86' lang='lat' dir='ltr'><strong>ad</strong></span> <span class='ocrx_word' id='word_1_854' title='bbox 2426 5518 2718 5573; x_wconf 87' lang='lat' dir='ltr'><strong>humanam</strong></span> <span class='ocrx_word' id='word_1_855' title='bbox 2772 5517 3309 5583; x_wconf 82' lang='lat' dir='ltr'><strong>commentationem,</strong></span> <span class='ocrx_word' id='word_1_856' title='bbox 3355 5529 3383 5569; x_wconf 90' lang='lat' dir='ltr'><strong>a</strong></span> <span class='ocrx_word' id='word_1_857' title='bbox 3419 5522 3574 5587; x_wconf 79' lang='lat' dir='ltr'><strong>parte</strong></span> 
     </span>
    </p>
   </div>
  </div>
