4010 6212
406 245 545 306 ωδε

1590 239 1647 296 S.
1690 237 2015 297 GREGORH
2055 237 2350 294 NiSSENl

3508 242 3652 301 ιοειῑ

404 372 580 423 totum
614 361 773 419 docet
821 372 1027 425 sermo,
1058 374 1125 416 ex
1164 371 1231 415 eo
1269 356 1421 429 quod
1451 356 1599 413 dicat
1647 358 1763 413 inec
1805 373 1835 412 a
1873 358 1982 414 Deo

2099 360 2411 414 εκδιδάσκων
2458 358 2488 411 ό
2534 357 2814 427 λόγος,.ὲκ
2856 357 2950 412 τοῦ
2988 357 3158 412 ταῦτα
3203 355 3664 429 καταριθμεῖσθαι

407 457 704 517 numerari,
747 455 885 508 nihil
928 467 1122 507 eorum
1185 466 1308 522 qua:
1355 465 1387 504 a
1431 450 1592 505 nobis
1640 451 1980 521 ignorantur,

411 548 503 603 Dei
550 545 916 615 cognitionem
970 542 1160 615 iugere
1207 550 1453 598 testatur.
1500 540 1790 612 Propterea
1832 542 1982 611 dicit,

413 638 516 703 Qui
551 644 791 693 numerat
827 634 1219 689 multitudinem
1247 634 1545 695 stellarum,
1577 647 1685 688 non
1726 633 1984 703 ignorans

414 730 671 783 nimirum
710 728 992 783 stellarum
1042 727 1398 798 quantitatem
1442 725 1759 795 priusquam
1790 739 1985 779 nume-

414 825 610 873 rasset.
665 815 951 883 Quomodo
1003 817 1153 871 enim
1206 821 1633 871 consentaneum
1675 822 1763 871 est
1807 814 1984 885 ipsum

415 911 668 981 ignorare
701 910 847 980 quod
883 909 1056 965 fecit?
1085 908 1190 975 Qui
1216 909 1360 963 enim
1384 908 1625 964 universi
1655 923 1853 978 praeses
1882 917 1982 973 est,

417 1017 524 1056 non
558 1001 701 1071 quod
732 1001 854 1070 ejus
884 1000 1123 1071 potentia
1157 1014 1428 1056 summam
1466 1015 1648 1055 rerum
1677 1000 1990 1056 continente

414 1091 865 1161 comprehensum
920 1103 1005 1146 est
1061 1091 1294 1161 ignorat.
1358 1090 1497 1157 Quid
1554 1093 1717 1163 igitur
1771 1094 1989 1149 tandem

416 1182 558 1250 quod
595 1181 698 1236 scit
723 1181 1015 1237 numerat?
1039 1179 1133 1237 Est
1169 1181 1313 1236 enim
1342 1181 1732 1252 ignorantium,
1762 1198 1991 1239 numero

417 1273 773 1342 quantitatem
826 1271 1096 1338 dimetiri;
1145 1271 1239 1343 qui
1294 1279 1475 1327 autem
1524 1281 1812 1344 antequam
1869 1281 1991 1328 orta

417 1372 599 1419 essent
630 1361 810 1416 omnia
839 1361 1019 1428 scivit,
1057 1361 1126 1417 ad
1166 1376 1346 1417 rerum
1370 1364 1737 1435 cognitionem
1766 1378 1992 1420 numero

421 1471 525 1509 non
582 1454 784 1525 indiget
848 1454 1129 1525 magistro.
1190 1452 1390 1510 Verum
1455 1471 1487 1510 a
1536 1454 1739 1511 Davide
1791 1456 1994 1511 dicitur

421 1558 745 1607 mutuerare,
796 1542 925 1612 quia
973 1541 1228 1597 videlicet
1274 1543 1342 1597 ad
1387 1551 1631 1600 nostram
1685 1543 1991 1599 doctrinam

421 1649 518 1701 pro
568 1639 728 1702 captu
803 1641 991 1691 nostro
1040 1632 1105 1687 ad
1169 1633 1510 1704 perspicuam
1555 1634 1989 1705 explanationem

2085 450 2237 522 παρὰ
2262 450 2353 504 τοῦ
2387 448 2521 503 Θεοῦ
2552 450 2751 518 λέγειν,
2784 450 2844 503 τὸ
2886 450 3051 521 μηδὲν
3081 448 3189 502 τῶν
3216 450 3348 519 ἡμῖν
3362 447 3665 517 ἀγνώστων

2084 541 2371 612 ἐκφεύγειν
2400 541 2493 595 τοῦ
2523 540 2659 595 Θεοῦ
2712 542 2811 613 τὴν
2847 541 3045 610 γνῶσιν
3075 537 3530 612 διαμαρτύρεται.
3562 538 3665 590 Διὰ

2083 624 2241 687 τοῦτό
2300 650 2494 703 φησιν,
2557 634 2620 688 '0
2671 632 2929 703 ἀριθμῶν
2978 629 3177 699 πλήθη
3224 630 3499 698 ἀστρων,
3562 629 3667 682 ούκ

2086 723 2294 793 ἀγνοῶν
2337 723 2535 797 δηλαδὴ
2587 724 2715 796 πρὶν
2763 722 3127 793 ἐξαριθμῆσαι
3162 721 3261 792 τὴν
3298 720 3406 774 τῶν
3447 721 3667 791 ἄστρων

2087 816 2375 886 ποσότητα.
2408 816 2532 881 Πῶς
2564 816 2673 887 γὰρ
2705 815 2851 878 είκδς
2871 815 3030 874 αὑτὸν
3060 816 3271 885 ἀγνοεῖν
3302 814 3330 866 δ
3364 813 3663 885 ἐποίησενς

2098 907 2157 960 Ὀ
2188 905 2298 977 γὰρ
2328 906 2422 959 τοῦ
2469 904 2667 970 παντὸς
2710 906 3030 977 ἐπιστάτης,
3063 906 3164 960 ούκ
3215 904 3281 959 ἂν
3330 904 3556 974 ἀγνοοίη
3604 904 3666 956 τὸ

2088 993 2721 1066 ὲμπεριειλημμένονςτῇ
2758 998 3076 1070 περιεκτικῇ
3109 994 3217 1048 τῶν
3246 993 3381 1047 ὅλων
3412 993 3662 1064 δυνάμει.

2088 1083 2153 1137 Τί
2185 1083 2383 1154 δήποτε
2430 1079 2524 1138 οὖν
2573 1084 2797 1155 ἀριθμεῖ
2836 1085 2973 1156 ὅπερ
3021 1084 3337 1149 ὲπίσταταις
3383 1084 3509 1137 Τῶν
3556 1083 3667 1155 γὰρ

2087 1172 2421 1241 ἀγνοούντων
2449 1173 2585 1240 ἐστὶ,
2617 1174 2679 1227 τὸ
2723 1173 2800 1245 τῷ
2831 1174 3048 1246 ἀριθμῷ
3082 1173 3388 1245 διαμετρεῖν
3420 1171 3521 1244 τὴν
3568 1189 3670 1224 πο⁶

2091 1265 2321 1337 σότητα’
2355 1267 2383 1319 6
2405 1265 2463 1319 δὲ
2489 1266 2555 1320 τὰ
2584 1265 2760 1320 πάντα
2788 1265 2944 1329 εἰδὼς
2968 1265 3073 1336 πρὸ
3102 1265 3386 1334 γενέσεως,
3424 1261 3666 1335 ἀριθμοῦ

2088 1354 2407 1410 διδασκάλου
2456 1355 2594 1427 πρὸς
2633 1356 2735 1429 τὴν
2765 1354 2873 1409 τῶν
2918 1353 3289 1424 ὑποκειμένων
3323 1352 3526 1422 γνῶσιν
3562 1353 3668 1405 ούκ

2091 1444 2382 1500 ἐπιδέεται.
2444 1445 2605 1499 ’Δλλά
2658 1446 2765 1518 μὴν
2815 1445 3066 1517 ἀριθμεῖν
3101 1442 3326 1512 λέγεται
3372 1442 3525 1512 παρά
3568 1440 3664 1495 τοῦ

2089 1534 2280 1600 Δαδὶδ,
2341 1535 2580 1606 δηλονότι
2639 1535 2776 1606 πρὸς
2832 1535 2931 1605 τὴν
2988 1532 3263 1605 ἡμετέραν
3314 1529 3667 1594 διδασκαλίαν

2091 1625 2230 1679 κατά
2263 1626 2315 1678 τὸ
2332 1627 2459 1698 ἡμῖν
2487 1626 2731 1699 χωρητδν
2748 1624 2837 1678 τοῦ
2862 1624 3022 1693 λόγου
3042 1624 3177 1694 πρὸς
3204 1622 3504 1693 σαφήνειαν
3532 1637 3669 1673 κατα

420 1738 601 1778 sermo
635 1723 949 1789 descendat,
975 1722 1215 1794 perfecte
1248 1724 1391 1781 seire
1427 1740 1493 1781 ea
1524 1704 1646 1796 quae
1677 1726 1835 1782 nobis
1864 1737 1991 1783 sunt

2099 1718 2283 1781 ιόντος,
2312 1718 2372 1770 τὸ
2402 1717 2641 1790 ἀκριϐῶς
2672 1717 2869 1771 εἰδέναι
2897 1715 2965 1769 τὰ
3005 1717 3135 1786 ἡμῖν
3170 1714 3419 1782 ἄγνωστα
3449 1711 3537 1764 διά
3564 1714 3669 1781 τῆς

421 1814 693 1884 incognita
724 1831 817 1884 per
852 1815 1063 1871 muneri
1092 1815 1543 1887 signiﬁcationem
1567 1816 1737 1873 David
1769 1819 1995 1875 demon-

422 1907 634 1960 stravit.
690 1905 1154 1971 Quemadmodum
1216 1908 1381 1979 igitur
1429 1923 1717 1965 numerare
1773 1909 1991 1977 dicitur,

423 1997 557 2059 nihil
591 1997 930 2052 arithmetica
976 1996 1198 2068 periodo
1239 1999 1307 2053 ad
1354 2014 1534 2053 rerum
1564 2008 1871 2055 creatarum
1901 2016 1996 2057 co-

424 2090 715 2159 gnitionem
747 2088 1017 2159 indigens,
1045 2090 1125 2144 sic
1158 2089 1319 2143 etiam
1346 2090 1597 2146 omnibus
1618 2090 1752 2161 ipsis
1775 2093 1994 2147 nomina

426 2197 621 2241 vocare
676 2180 943 2250 Propheta
978 2179 1133 2247 dicit,
1169 2197 1277 2236 non
1312 2181 1473 2248 hanc,
1513 2182 1728 2253 opinor,
1779 2200 1899 2255 qua:
1940 2186 1997 2241 lit

427 2287 524 2341 per
550 2286 756 2336 vocem,
789 2272 1244 2340 nuncupationem
1270 2273 1705 2343 subsigniticans.
1734 2275 1829 2331 Vel
1850 2277 1995 2331 enim

426 2360 493 2413 ad
529 2359 824 2414 absurdum
877 2359 1132 2429 quiddam
1164 2369 1217 2415 et
1260 2361 1565 2433 indignum,
1595 2363 1740 2434 quod
1783 2364 1851 2421 de
1887 2363 1996 2421 Deo

429 2453 481 2504 iu
502 2451 869 2520 suspicionem
889 2451 1088 2519 veniat,
1117 2451 1467 2522 progrediens
1498 2469 1679 2509 sermo
1704 2454 1995 2524 desineret,

429 2542 696 2612 siquidem
733 2542 848 2598 haac
887 2542 1018 2598 dicit
1052 2543 1273 2600 nomina
1314 2543 1486 2600 stellis
1515 2559 1546 2598 a
1593 2544 1701 2602 Deo
1743 2547 1996 2617 imposita

429 2651 550 2703 qua:
591 2633 644 2687 in
677 2635 1077 2691 consuetudine
1125 2642 1313 2690 nostra
1358 2645 1706 2707 usurpantur.
1758 2637 1815 2692 Si
1852 2640 1997 2694 enim

430 2726 585 2780 daret
627 2726 825 2796 aliquis
858 2726 972 2781 haec
1004 2740 1037 2779 a
1080 2723 1191 2780 Deo
1219 2733 1410 2781 vocata
1439 2742 1581 2791 esse,
1608 2744 1833 2786 necesse
1855 2738 2000 2787 esset

429 2817 652 2870 omnino
695 2816 1005 2871 Graecorum
1046 2815 1462 2870 simulacrorum
1491 2817 1643 2872 illinc
1688 2830 1878 2890 putare
1900 2837 1999 2891 ap~

432 2908 775 2977 peilationem
832 2906 885 2958 in
933 2904 1106 2958 stellis
1157 2904 1534 2974 pervulgatam
1570 2921 1713 2970 esse,
1764 2915 1819 2962 et
1851 2922 1997 2977 qua:-

433 3012 646 3066 cunque
675 2995 931 3049 fabulosae
952 2994 1193 3050 historiae
1214 2994 1267 3048 in
1296 2996 1466 3051 stellis
1487 2996 1736 3052 feruntur
1756 2999 1999 3067 nomina,

433 3104 557 3142 vera
595 3087 932 3146 existimare,
981 3095 1238 3155 tanquam
1271 3085 1380 3141 Deo
1408 3088 1544 3143 tales
1575 3089 1629 3143 in
1679 3089 1811 3159 ipsis
1839 3105 2000 3148 voces

434 3187 581 3234 ratas
622 3177 870 3232 habente.
908 3175 997 3230 Sic
1027 3178 1370 3247 septenarius
1400 3179 1685 3234 stellarum
1713 3196 1997 3249 numerus,

433 3286 554 3340 qua:
598 3270 649 3323 in
696 3271 818 3339 polo
864 3270 1235 3332 continentur,
1288 3270 1429 3325 inter
1487 3269 1800 3327 Graecorum
1858 3272 2003 3328 idola

434 3359 782 3422 distributus,
813 3360 973 3428 culpa
1006 3375 1198 3415 vacare
1219 3375 1313 3415 eos
1342 3362 1435 3431 qui
1474 3362 1529 3416 in
1569 3362 1653 3418 his
1680 3374 2005 3421 erraverunt

436 3452 706 3515 ostendet,
749 3450 1015 3520 siquidem
1052 3450 1155 3506 hoc
1184 3467 1213 3504 a
1244 3451 1351 3508 Deo
1389 3452 1699 3511 ordinatum
1735 3470 1859 3511 esse
1883 3471 2004 3512 cre-

434 3542 611 3598 ditum
666 3556 729 3596 ac
783 3555 1103 3611 persuasum
1144 3540 1328 3597 fuerit.
1371 3542 1557 3614 Itaque
1602 3545 1669 3600 de
1702 3546 1906 3602 Orione
1953 3556 2007 3603 et

436 3629 663 3700 Scorpio
720 3630 900 3684 fabula
949 3630 1016 3683 ad
1073 3629 1230 3685 ﬁdem
1286 3633 1610 3699 adducitur,
1665 3644 1718 3690 et
1765 3651 1888 3706 quae
1940 3637 2009 3693 de

434 3724 579 3793 Argo
632 3729 954 3789 narrantur,
999 3728 1051 3777 et
1084 3722 1299 3793 Cycnus
1341 3733 1394 3778 et
1425 3725 1618 3794 Aquila
1644 3765 1658 3789 ,
1704 3735 1759 3781 et
1807 3726 2005 3791 Canis,

436 3818 490 3864 et
526 3811 593 3864 de
622 3809 834 3865 Corona
869 3810 1133 3866 Ariadnes
1167 3811 1445 3868 fabulatio.
1480 3813 1788 3880 Quinetiam
1825 3819 2006 3889 suspi-

434 3902 667 3956 candum
694 3906 919 3965 astruet,
953 3900 1119 3955 Deum
1152 3902 1487 3958 iuverlorem
1528 3920 1651 3960 esse
1680 3920 1870 3961 eorum
1902 3923 2009 3962 nu-

437 3992 641 4045 minum
674 4008 795 4061 qua:
853 3993 907 4046 in
940 3992 1073 4046 orbe
1102 3992 1364 4062 signifero
1410 3993 1482 4048 ob
1512 3996 1798 4063 quamdam
1825 3995 2015 4067 ﬁgura:

448 4083 862 4140 similitudinem
888 4098 1047 4154 quam
1090 4097 1213 4138 eum
1241 4085 1570 4154 apparentiis
1602 4084 1821 4151 habent,
1849 4102 2012 4142 exeo.

440 4177 611 4245 gitata
636 4184 785 4240 sunt,
814 4176 858 4232 si
889 4175 1105 4246 quidem
1132 4177 1387 4247 praeclare
1416 4175 1710 4233 Eunomius
1729 4185 1879 4248 putat
1907 4177 2011 4233 Da-

440 4252 614 4322 videm
644 4266 828 4322 dicere
861 4267 973 4322 haec
1003 4268 1137 4338 ipsis
1174 4268 1393 4322 nomina
1426 4266 1592 4324 Deum
1635 4270 1982 4339 imposuisse.

511 4358 781 4425 Quoniam
827 4360 999 4429 igitur
1041 4359 1231 4414 talium
1278 4360 1561 4415 nominum
1598 4360 1768 4417 Deum
1816 4372 2084 4442 putare”

2027 3048 2074 3112 C

2090 1808 2185 1865 τοῦ
2217 1809 2449 1881 ἀριθμοῦ
2486 1808 2761 1880 σημασίας
2802 1810 2831 1861 ό
2891 1806 3054 1859 Δαϐιδ
3082 1804 3397 1871 ἐνεδείξατο.
3444 1802 3667 1872 Ὠσπερ

2091 1897 2185 1957 οὖν
2217 1901 2464 1973 ἀριθμεῖν
2505 1902 2741 1970 λέγεται,
2770 1899 2921 1954 οὐδὲν
2949 1899 3049 1973 τῆς
3079 1896 3446 1969 ἀριθμητικῆς
3476 1893 3666 1964 περιδ-

2092 1993 2183 2046 δου
2213 1993 2348 2064 πρὸς
2390 1995 2486 2064 τὴν
2512 1993 2617 2046 τῶν
2648 1992 2816 2045 ὄντων
2858 1990 3056 2059 γνῶσιν
3097 1989 3462 2059 ὲπιδεόμενος,
3492 1987 3668 2048 οὕτως

2094 2084 2188 2136 καὶ
2218 2085 2383 2137 πᾶσιν
2409 2084 2588 2147 αὐτοῖς
2614 2082 2853 2154 ὀνόματα
2879 2081 3061 2135 καλεῖν
3086 2083 3119 2152 ὴ
3161 2077 3667 2151 προφητείαήλέγει,

2094 2176 2154 2230 ού
2200 2175 2423 2246 ταύτην,
2451 2171 2625 2247 οἴμαι,
2658 2175 2755 2247 τὴν
2782 2173 2870 2228 διὰ
2899 2173 2998 2244 τῆς
3032 2173 3226 2242 φωνῆς
3246 2172 3437 2243 κλῆσιν
3464 2171 3669 2240 67:03-11-

2100 2269 2383 2339 μαίνουσα.
2432 2263 2509 2319 Ἦ
2539 2266 2645 2339 γὰρ
2681 2267 2747 2321 ἂν
2775 2266 2854 2329 είς
2885 2263 3083 2346 ἄτοπόν
3113 2281 3163 2317 τι
3194 2264 3287 2318 κιιλ⁵
3330 2263 3552 2330 ἀνάξιον
3572 2263 3672 2339 τῆς

2100 2361 2225 2432 περὶ
2257 2359 2390 2413 Θεοῦ
2417 2358 2736 2429 ὑπολήψεως
2763 2359 2791 2411 6
2816 2356 2969 2425 λόγος
2996 2354 3200 2427 προῖὼν
3240 2355 3564 2425 καταλήγοι,
3596 2354 3669 2406 εἷς

2098 2468 2204 2521 περ
2231 2449 2401 2503 ταῦτα
2422 2449 2567 2519 λέγει
2596 2449 2665 2503 τὰ
2690 2449 2926 2521 ὀνόματα
2953 2448 3099 2517 παρά
3119 2447 3212 2501 τοῦ
3236 2446 3373 2500 Θεοῦ
3398 2444 3673 2509 τεθεῖσθαι

2097 2545 2208 2606 τοῖς
2232 2543 2449 2613 ἄστροις
2478 2541 2547 2595 τὰ
2568 2543 2625 2595 ὲν
2649 2544 2714 2612 τῇ
2738 2540 2993 2611 συνηθείᾳ
3015 2542 3046 2611 ὴ
3056 2541 3169 2610 μῶν
3197 2538 3670 2610 ἀναστρεφόμενα.

2098 2633 2164 2691 Εἰ
2196 2635 2303 2707 γὰρ
2334 2634 2505 2689 ταῦτά
2545 2651 2630 2698 τις
2654 2634 2765 2706 δοίη
2798 2632 2978 2686 θεόθεν
3008 2630 3417 2702 ἐπικεκλῆσθαι,
3460 2631 3672 2699 ἀνάγκη

2100 2727 2247 2782 πᾶσα
2279 2724 2509 2779 καὶτῶν
2563 2723 2886 2799 Ἑλληνικῶν
2934 2721 3162 2777 εἰδώλων
3209 2721 3421 2775 ἐκεῖθεν
3468 2720 3676 2783 οἴεσθαι

2100 2818 2198 2890 τὴν
2226 2817 2415 2888 κλῆσιν
2440 2815 2871 2888 ὲπιπεφημίσθαι
2898 2818 3009 2878 τοῖς
3041 2814 3280 2884 ἄστροις,
3316 2812 3411 2865 καὶ
3448 2813 3550 2865 ὅσα
3578 2811 3675 2889 τῆς

2103 2907 2337 2980 μυθικῆς
2364 2906 2602 2978 ἱστορίας
2632 2906 2935 2976 ὲπιλέγεται
2963 2907 3074 2968 τοῖς
3098 2903 3365 2974 ἀστρῴοις
3391 2902 3675 2973 ὀνόμασιν,

2103 2998 2276 3069 ἀληθῆ
2300 2996 2536 3068 νομίσαι,
2562 2997 2637 3062 ὼς
2662 2997 2756 3051 τοῦ
2781 2996 2915 3051 Θεοῦ
2941 2995 3040 3059 τὰς
3064 2994 3320 3057 τοιαύτας
3343 2994 3527 3056 αὐτοῖς
3555 2994 3680 3044 ἐπι-

2102 3089 2392 3161 κυροῦντος
2429 3088 2631 3159 φωνάς.
2663 3087 2848 3151 Οὕτως
2877 3090 2910 3159 ἡ
2953 3085 3183 3157 ὲὸδομάς
3214 3085 3325 3139 τῶν
3356 3083 3681 3156 περιεχομέ-

2102 3200 2207 3235 νων
2235 3181 2312 3252 τῷ
2344 3180 2507 3234 παντὶ
2552 3179 2719 3251 πόλῳ,
2762 3181 2875 3242 τοῖς
2930 3176 3254 3248 Ἑλληνικοῖς
3290 3175 3532 3238 εἰδώλοις
3562 3177 3681 3228 ἑπι-

2106 3272 2445 3345 μερισθεῖσα,
2479 3272 2584 3338 ἔξω
2621 3270 2880 3342 μέμψεως
2908 3270 3031 3333 τοὺς
3078 3269 3214 3342 πρὸς
3253 3267 3428 3323 ταῦτα
3468 3267 3679 3323 πεπλα-

2101 3364 2368 3436 νημένους
2411 3364 2648 3435 ποιήσει,
2694 3362 2852 3434 εἰπερ
2881 3363 2945 3415 ὲκ
2984 3361 3118 3415 Θεοῦ
3165 3358 3479 3429 πιστευθείη
3520 3358 3683 3412 τοῦτο

2103 3455 2469 3527 διατετάχθαι.
2498 3453 2724 3518 Οὕτωςό
2748 3453 2887 3508 κατά
2908 3455 2999 3506 τὸν
3034 3452 3260 3523 Ὠρίωνα
3284 3452 3376 3505 καὶ
3409 3450 3682 3520 Σκορπίον

2108 3549 2273 3619 μῦθος
2311 3550 2391 3611 εἰς
2432 3545 2613 3601 πίστιν
2642 3546 2854 3614 ἄγεται,
2888 3545 2984 3598 καὶ
3010 3543 3078 3597 τά
3116 3543 3246 3615 περὶ
3282 3543 3382 3613 τῆς
3444 3541 3680 3613 Ἀργοῦς

2104 3635 2434 3706 διηγήματα,
2466 3634 2560 3687 καὶ
2583 3635 2611 3687 6
2641 3632 2870 3696 Κύκνος,
2896 3632 2992 3687 καὶ
3019 3634 3048 3686 6
3081 3632 3282 3697 Ἀετὸς,
3305 3632 3401 3685 καὶ
3431 3634 3462 3685 6
3489 3631 3677 3696 Κύων,

2105 3726 2139 3796 ἦ
2171 3743 2231 3778 τε
2270 3725 2409 3779 κατά
2436 3724 2525 3778 τὸν
2546 3724 2816 3794 Στέφανον
2865 3724 2967 3795 τῆς
3026 3723 3308 3795 Ἀριάδνης
3360 3722 3677 3793 μυθοποιία.

2105 3818 2216 3872 Καὶ
2257 3816 2351 3871 τοῦ
2398 3816 2680 3890 ζωηφόρου
2728 3815 2928 3871 κύκλου
2955 3816 3063 3870 τῶν
3087 3815 3230 3870 κατά
3257 3832 3380 3868 τινα
3410 3832 3675 3886 σχηματιο

2107 3909 2242 3979 σμὺν
2270 3907 2662 3979 ἐπινοηθέντων
2687 3909 2800 3971 τοῖς
2835 3906 3179 3977 φαινομένοις
3208 3905 3508 3975 ὀνομάτων,
3544 3904 3680 3958 Θεὸν

2106 4000 2333 4072 εὑρετὴν
2382 4000 2722 4055 ὑπονοεῖσθαι
2759 3999 3183 4072 παρασκευάσει,
3226 3999 3385 4069 εἴπερ
3427 3997 3613 4062 καλῶς
3650 4001 3681 4053 6

2106 4091 2370 4162 Εύνόμιος
2396 4091 2564 4146 οἴεται
2596 4091 2687 4145 τὸν
2725 4091 2890 4145 Δαόὶδ
2915 4089 3123 4161 λέγειν,
3163 4091 3244 4145 δτι
3280 4090 3456 4146 ταῦτα
3497 4091 3680 4157 αὐτοῖς

2107 4180 2176 4235 τά
2203 4182 2441 4252 ὀνόματα
2461 4183 2490 4236 6
2519 4182 2650 4248 Θεὸς
2673 4182 2996 4253 ἐπιτίθησιν.

2193 4359 2343 4412 Ἐπεὶ
2367 4353 2458 4413 οὖν
2484 4359 2681 4414 ἄτοπον
2715 4358 2822 4413 τῶν
2851 4344 3112 4413 τοιούτων
3126 4359 3406 4430 ὀνομάτων
3428 4360 3521 4412 τὸν
3544 4360 3685 4413 Θεὸν

438 4448 778 4504 inventorem
824 4465 950 4505 esse
992 4450 1292 4505 absurdum
1332 4458 1452 4516 est,
1485 4467 1553 4505 ne
1585 4452 2000 4507 simulacrorum

2107 4449 2332 4522 εὑρετὴν
2366 4451 2591 4517 οἴεσθαι,
2623 4451 2698 4516 ὡς
2741 4452 2806 4506 ἂν
2853 4451 2925 4523 μὴ
2954 4453 3045 4505 καὶ
3072 4452 3140 4505 τά
3164 4451 3275 4506 τῶν
3302 4450 3536 4505 εἰδώλων
3559 4453 3682 4513 δνό-

438 4539 658 4595 nomiua
687 4540 814 4596 inde
837 4540 1168 4610 principium
1197 4539 1508 4596 obtinuisse
1534 4540 1843 4608 videantur,
1873 4543 2010 4613 opti-

436 4646 586 4687 tuum
616 4634 720 4688 erit
752 4632 899 4703 quod
928 4632 1133 4687 dictum
1162 4640 1244 4687 est
1293 4647 1402 4685 non
1454 4632 1576 4687 sine
1629 4632 1817 4687 habita
1854 4649 2009 4703 quae-

437 4723 616 4780 stione
641 4725 964 4796 approbare,
997 4722 1092 4779 sed
1117 4723 1293 4777 instar
1319 4737 1509 4778 eorum
1535 4737 1655 4792 qua:
1683 4723 1751 4779 de
1775 4739 2007 4780 numero

434 4830 465 4869 a
492 4813 653 4869 nobis
673 4814 947 4870 intelleeta
973 4822 1125 4878 sunt,
1148 4814 1313 4883 hujus
1334 4813 1499 4868 etiam
1522 4812 1652 4867 dicti
1677 4815 2006 4870 sententiam

437 4908 759 4976 percipere:
785 4906 1055 4976 siquidem
1091 4907 1232 4963 inter
1261 4922 1361 4962 nos
1392 4906 1769 4962 testimoniqu
1800 4917 2007 4964 exactae

434 5008 520 5052 est
546 4996 908 5071 cognitionis,
938 4996 1084 5066 quod
1111 5010 1141 5049 a
1175 4996 1331 5051 nobis
1365 4996 1646 5066 cognitum
1673 5001 1758 5050 est
1784 4996 2006 5067 preprio

436 5088 657 5142 nomine
679 5087 900 5150 vocari,
928 5102 1022 5158 per
1047 5087 1160 5142 haec
1186 5103 1286 5143 nos
1312 5086 1473 5141 docet
1497 5086 1642 5157 quod
1670 5102 1858 5142 eorum
1887 5103 2008 5158 qua:

436 5194 466 5231 a
495 5179 654 5234 nobis
679 5178 1069 5249 comprehendi
1120 5196 1227 5233 non
1274 5187 1541 5250 possunt,
1590 5196 1702 5234 non
1742 5181 1917 5236 solum
1951 5181 2004 5237 in

436 5285 648 5324 summa
677 5284 941 5328 acervatm
972 5272 1299 5343 quantitatis
1325 5272 1722 5342 plenitudinem
1755 5287 2007 5346 compre-

436 5360 627 5417 hendit
655 5365 745 5432 qui
790 5368 1105 5421 universum
1153 5367 1434 5427 continet,
1469 5367 1564 5422 sed
1599 5367 1761 5421 etiam
1793 5367 2004 5438 singula

435 5452 541 5504 scit
568 5462 757 5509 exacte
791 5463 844 5511 et
878 5457 1136 5527 perfecte.
1168 5456 1345 5527 llujus
1376 5459 1453 5513 rei
1489 5471 1657 5512 causa
1687 5473 1794 5512 non
1828 5458 2003 5513 solum

435 5546 742 5598 enumerari
774 5549 1051 5603 stellarum
1085 5549 1461 5605 multitudines
1492 5565 1674 5606 sermo
1705 5550 1833 5604 dicit
1862 5590 1875 5614 ,
1910 5550 2007 5605 sed

437 5636 598 5693 etiam
652 5639 971 5693 nominatim
1023 5641 1267 5712 singulas
1322 5643 1539 5709 vocari,
1588 5643 1733 5713 quod
1793 5642 2003 5714 quidem

2110 4559 2258 4613 ματα
2281 4542 2486 4597 ἐκεῖθεν
2518 4542 2616 4615 τὴν
2644 4545 2816 4615 ἀρχὴν
2854 4543 3144 4614 ἐσχηκέναι
3168 4543 3370 4614 δοκοίη,
3403 4544 3586 4609 καλῶς
3614 4544 3682 4607 ἂν

2107 4632 2218 4703 ἔχοι
2249 4632 2325 4704 μὴ
2364 4633 2734 4700 ἀνεξετάστως
2774 4633 2834 4687 τὸ
2864 4634 3026 4705 ῥηθὲν
3071 4632 3495 4705 παραδέξασθαι,
3542 4633 3684 4696 ἀλλὰ

2107 4728 2228 4783 καθ’
2252 4730 2541 4799 ὁμοιότητα
2570 4728 2679 4783 τῶν
2717 4728 2857 4783 κατά
2884 4728 2977 4782 τὸν
3007 4728 3237 4800 ἀριθμὸν
3263 4729 3393 4798 ἡμῖν
3428 4728 3686 4797 νενοημέ-

2106 4832 2247 4888 νων,“
2284 4822 2378 4874 καὶ
2415 4820 2508 4873 τὸν
2548 4821 2606 4874 ὲν
2644 4819 2817 4894 τούτῳ
2861 4820 2984 4874 νοῦν
3031 4820 3381 4891 κατανοῆσαι.
3461 4819 3685 4891 Ἐπειδὴ

2106 4911 2216 4982 γάρ
2246 4913 2305 4965 ὲν
2336 4913 2466 4983 ἡμῖν
2502 4910 2797 4983 μαρτύριον
2823 4911 2921 4982 τῆς
2960 4910 3219 4982 ἀκριϐοῦς
3248 4912 3363 4964 ἐστι
3404 4910 3684 4979 γνώσεως,

2105 5002 2166 5056 τὸ
2195 5001 2254 5067 ἐξ
2279 5002 2537 5072 ὀνόματος
2568 5001 2696 5081 παρ’
2727 5000 2885 5072 ἡμῶν
2915 5000 3340 5072 προσκαλεῖσθαι
3369 4999 3459 5053 τὸν
3485 5000 3689 5071 γνώρι-

2111 5112 2229 5165 μον,
2258 5094 2496 5147 διδάσκει
2539 5093 2626 5147 διὰ
2673 5092 2875 5146 τούτων
2918 5092 3067 5163 ἡμᾶς
3109 5093 3192 5144 ὅτι
3234 5090 3344 5145 τῶν
3388 5093 3523 5162 ἡμῖν
3550 5092 3678 5163 ἀλήο

2107 5200 2276 5248 πτων,
2310 5186 2371 5238 ού
2402 5184 2559 5256 μόνον
2600 5183 2661 5237 τὸ
2684 5183 2953 5255 πλήρωμα
2976 5183 3077 5253 τῆς
3105 5183 3161 5236 ὲν
3189 5182 3471 5253 κεφαλαίῳ
3503 5181 3690 5254 ἀθροι-

2108 5276 2338 5347 ζομένης
2361 5276 2655 5346 ποσότητος
2701 5274 3056 5347 διαλαμϐάνει
3083 5277 3148 5346 τῇ
3193 5274 3393 5343 γνώσει
3418 5278 3447 5330 6
3469 5275 3533 5329 τὺ
3572 5277 3687 5333 πᾶν

2107 5367 2395 5438 περιέχων,
2443 5366 2580 5420 ἀλλὰ
2621 5367 2714 5419 καὶ
2757 5366 2826 5419 τὰ
2867 5365 2987 5419 καθ’
3024 5367 3251 5456 ξκαστον
3284 5366 3352 5419 δι’
3396 5366 3686 5437 ἀκριϐείας

2106 5458 2414 5514 ἐπίσταται.
2450 5459 2654 5512 Τούτου
2687 5460 2845 5530 χάριν
2876 5461 2938 5512 ού
2984 5458 3141 5529 μόνον
3175 5457 3582 5529 ἐξαριθμεῖσθαι
3613 5459 3687 5513 τὰ

2110 5550 2285 5621 πλήθη
2326 5551 2434 5603 τῶν
2462 5551 2675 5621 ἄστρων
2709 5550 2870 5604 αὐτοῦ
2912 5554 2941 5605 ό
2977 5550 3134 5620 λόγος
3174 5554 3360 5626 φησιν,
3404 5551 3539 5605 ἀλλὰ
3585 5555 3690 5606 καὶ

2109 5641 2167 5708 ἐξ
2200 5642 2457 5712 ὀνόματος
2502 5642 2726 5695 ἕκαστον
2770 5643 3179 5707 ἀποκαλεῖσθαι,
3222 5644 3356 5715 ὅπερ
3406 5641 3684 5714 σημαίνει,
