4010 6212
275 321 418 391 τυδῆ

1405 314 1679 379 CONTRA
1724 310 2105 385 cmonium,
2149 315 2275 373 LIB.
2318 317 2430 373 xu.
2498 265 2508 279 ’

3402 316 3540 374 1058

278 453 343 506 τὸ
394 449 555 521 μέχρι
586 446 695 501 τῶν
732 442 1245 514 λεπτομερεστέρων
1292 439 1504 513 διήκειν
1548 438 1713 492 αὐτοῦ
1763 438 1863 508 τὴν

1968 435 2236 504 signiﬁcat
2267 436 2438 505 ipsius
2466 442 2779 488 accuratam
2812 432 3149 504 diligentiam
3174 473 3189 495 ,
3216 432 3380 488 etiam
3410 434 3540 488 suh.

278 541 589 613 ἀκρίϐειαν,
634 538 728 591 καὶ
754 536 925 599 οὓτως
962 533 1204 605 ἀκριϐῶς
1237 532 1617 600 ἐπιγινώσκειν
1642 530 1711 582 τά
1743 530 1865 583 καθ’

278 635 535 693 ἕκαστον,
569 629 701 693 ags
730 629 1013 699 ἄνθρωπος
1046 626 1135 678 τὸν
1168 624 1235 678 δι’
1268 618 1530 694 ὀνόματος
1560 621 1707 693 αὑτῷ
1736 639 1869 689 γνωο

283 719 588 790 ριζόμενον.
626 717 687 769 Ei
725 715 783 769 δέ
808 733 891 779 τις
922 715 1067 783 λέγοι
1095 714 1257 776 ἄλλας
1295 708 1433 766 εἶναι
1470 712 1568 773 τὰς
1596 712 1747 782 παρὰ
1773 711 1865 764 τοῦ

279 812 418 866 Θεοῦ
465 813 582 873 τοῖς
630 810 851 880 ἄστροις
902 806 1253 876 ἐπικειμένας
1298 803 1498 873 φωνὰς,
1545 803 1611 866 ἃς
1654 805 1866 873 ἀγνοεῖν

280 905 451 959 οἴεται
481 905 579 973 τὴν
628 901 977 972 ἀνθρωπίνην
1024 899 1205 969 φύσιν,
1235 900 1359 970 περὶ
1390 894 1464 952 ὧν
1497 897 1865 967 ὑπολαμϐάνει

280 996 373 1051 τὸν
406 994 569 1047 Δαϐ¹ιδ
603 993 903 1064 εἰρηκέναι,
939 993 1128 1063 πόρρω
1157 991 1253 1060 τῆς
1281 991 1537 1053 ἀληθείας
1569 994 1597 1045 ὁ
1630 990 1867 1053 τοιοῦτος

281 1085 684 1140 ἀποπλανᾶται.
728 1084 791 1135 Εἰ
831 1084 939 1153 γὰρ
970 1079 1039 1152 ἦν
1067 1081 1229 1152 ἕτερα
1256 1081 1348 1134 ἐπὶ
1373 1082 1481 1134 τῶν
1511 1081 1723 1152 ἄστρων
1752 1079 1866 1132 ὀνό-

283 1191 452 1247 ματα,
477 1174 577 1227 οὑκ
608 1172 675 1227 ἂν
698 1174 731 1241 ἡ
775 1170 894 1224 θεία
921 1169 1111 1245 Γραφὴ
1148 1169 1351 1223 τούτων
1373 1171 1606 1224 ἐποιεῖτο
1647 1169 1866 1239 μνήμην

280 1267 392 1319 τῶν
428 1267 729 1336 ὀνομάτων,
761 1263 798 1317 ἅ
841 1264 899 1315 ἐν
924 1260 992 1333 τῇ
1036 1264 1373 1335 καταχρήσει
1415 1262 1514 1332 τῆς
1553 1261 1866 1331 Ἑλληνικῆς

284 1352 571 1427 συνηθείας
614 1349 780 1416 ἐστίν,
841 1350 1061 1405 Ἡσαΐου
1109 1350 1208 1421 μὲν
1251 1351 1518 1420 λέγοντος,
1582 1349 1645 1401 '0
1681 1349 1867 1402 ποιῶν

283 1444 600 1510 Πλειάδας,
651 1444 748 1499 καί
801 1443 1120 1511 Ἕσπερον,
1174 1441 1274 1495 καί
1338 1441 1709 1510 Ἀρκτοῦρον,
1768 1438 1866 1492 καί

282 1536 493 1607 ταμιεῖα
534 1537 761 1590 Νότουο
814 1533 908 1587 τοῦ
954 1534 1009 1588 δὲ
1062 1532 1184 1587 Ἰὼϐ
1222 1533 1313 1586 τὸν
1354 1532 1601 1603 Ὠρίωνα,
1632 1531 1724 1583 καὶ
1767 1530 1866 1600 τὴν

295 1626 547 1698 Ἀσηρὼο
585 1625 965 1697 ὀνομάζοντοςο
1011 1632 1086 1690 ὡς
1108 1626 1174 1678 ἐκ
1203 1624 1391 1678 τούτου
1424 1622 1579 1693 δῆλον
1602 1617 1760 1687 εἶναι,
1783 1621 1866 1674 ὅτι

1970 527 2150 580 tiliora
2176 534 2231 579 et
2257 527 2493 595 partium
2524 526 2839 580 tenuiorum
2872 534 3158 595 penetrare
3178 565 3193 590 ,
3227 534 3281 579 et
3307 526 3387 580 sic
3410 539 3541 580 exa-

1966 627 2052 673 cte
2084 619 2386 688 singularia
2418 633 2752 688 cognoscere
2771 659 2786 678 .
2818 628 2877 671 ut
2904 617 3068 671 homo
3097 632 3192 686 per
3220 631 3417 671 nomen
3444 633 3540 672 vo-

1966 717 2057 763 cat
2089 724 2214 763 eum
2255 708 2349 779 qui
2387 709 2491 764 sibi
2529 716 2696 763 notus
2734 716 2819 763 est
2855 716 2910 763 et
2949 707 3258 761 familiaris.
3294 708 3449 774 Quod
3490 708 3538 763 si

1966 801 2093 871 quis
2142 801 2290 855 dicat
2337 801 2476 856 alias
2519 816 2642 856 esse
2682 815 2712 854 a
2764 799 2875 854 Deo
2918 800 3093 854 stellis
3142 799 3540 869 appellationes

1968 891 2289 961 impositas,
2327 908 2464 962 quas
2512 899 2667 962 putat
2724 892 3015 970 humanam
3070 900 3322 945 naturam
3378 892 3539 963 igno-

1965 996 2125 1045 rare,
2161 983 2227 1037 de
2267 983 2466 1053 quibus
2496 983 2775 1038 existimat
2811 980 3066 1035 Davidem
3103 981 3346 1046 dixisse,
3380 980 3541 1049 longe

1967 1088 1996 1125 a
2032 1075 2261 1129 veritate
2294 1075 2419 1129 talis
2450 1070 2688 1128 aberrat.
2728 1072 2784 1125 Si
2821 1073 2965 1128 enim
3004 1072 3110 1127 alia
3141 1079 3330 1127 essent
3364 1071 3541 1127 stellis

1966 1164 2138 1218 indita
2199 1166 2454 1231 nomina,
2512 1164 2695 1218 divina
2758 1161 3043 1233 Scriptura
3104 1163 3299 1216 horum
3351 1162 3541 1232 utique

1966 1258 2299 1312 mentionem
2336 1257 2618 1311 nominum
2664 1270 2773 1309 non
2813 1253 3062 1320 fecisset,
3112 1271 3234 1324 qua:
3268 1255 3322 1309 in
3360 1256 3537 1310 abusu

1967 1350 2166 1406 Graecas
2199 1363 2328 1407 sunt
2358 1348 2779 1406 consuetudinis
2800 1389 2813 1411 .
2851 1348 2989 1402 Isaia
3024 1350 3239 1403 dicente
3271 1367 3283 1403 :
3319 1348 3423 1414 Qui
3451 1347 3539 1417 [a-

1966 1444 2037 1495 cit
2073 1442 2325 1496 Pleiadas
2349 1483 2361 1503 ,
2397 1452 2445 1496 et
2488 1442 2774 1510 Vesperum
2802 1480 2815 1502 ,
2846 1449 2895 1493 et
2926 1440 3214 1492 Arcturum
3239 1477 3252 1502 ,
3286 1448 3332 1491 et
3367 1454 3541 1503 prom-

1965 1538 2180 1603 ptuaria
2211 1536 2339 1589 Noti
2358 1536 2426 1600 δ’,
2458 1533 2562 1589 Job
2590 1550 2787 1604 nempe
2812 1531 3069 1587 Orionem
3102 1539 3156 1586 et
3186 1531 3417 1585 AserOth
3448 1544 3545 1584 ηοδ

1968 1628 2212 1682 minante
2240 1645 2255 1693 ;
2284 1628 2356 1680 ita
2404 1634 2461 1681 ut
2514 1643 2577 1683 ex
2626 1628 2727 1680 hoc
2771 1626 2839 1680 sit
2876 1624 3258 1695 perspicuum,
3300 1622 3445 1692 quod
3485 1622 3541 1677 in

282 1722 393 1783 τοῖς
427 1721 489 1771 ἐν
522 1718 601 1789 τῷ
634 1718 733 1789 βίῳ
772 1717 1154 1789 τετριμμένοις
1182 1717 1409 1787 ὀνόμασι
1442 1715 1577 1786 πρὸς
1612 1714 1865 1767 διδασκα-

1969 1720 2077 1773 vita
2110 1720 2255 1773 tritis
2283 1719 2597 1773 nominibus
2624 1718 2690 1771 ad
2722 1725 2966 1771 nostram
2999 1716 3302 1770 doctrinam
3332 1730 3430 1769 usa
3458 1721 3543 1769 est

280 1811 406 1863 λίαν
450 1783 1088 1881 ήμῶν-σύγκέχρηταιή
1140 1783 1533 1878 θεία-Γραφή·
1574 1805 1715 1859 οὑτω
1772 1806 1865 1858 καὶ

1968 1809 2149 1865 divina
2190 1809 2472 1879 Scriptura
2501 1826 2514 1864 :
2551 1811 2632 1864 sic
2666 1819 2719 1863 et
2754 1809 3055 1862 Amalthea:
3094 1822 3264 1860 cornu
3350 1807 3404 1859 in
3438 1804 3544 1861 Job

295 1902 619 1972 ’Λμαλθείας
646 1902 816 1973 κέρας
844 1902 902 1953 ἐν
930 1900 1007 1970 τῷ
1044 1899 1163 1953 Ἰὼϐ
1192 1900 1528 1969 ἀκηκόαμεν,
1574 1898 1667 1951 καὶ
1714 1896 1865 1968 παρὰ

278 1991 362 2061 τῷ
424 1992 624 2061 Ἡσαΐᾳ.
668 1985 961 2061 Σειρῆνας·
1019 1990 1113 2043 τοῦ
1168 1990 1266 2060 μὲν
1312 1989 1374 2041 τὸ
1422 1988 1711 2059 πάμφορον
1755 1988 1864 2041 τῶν

279 2082 504 2152 ἀγαθῶν
539 2083 603 2135 ἐκ
630 2084 731 2153 τῆς
777 2082 1096 2154 Ἑλληνικῆς
1123 2081 1378 2145 ὑπονοίας
1404 2080 1545 2134 οὑτω
1573 2081 1865 2151 κατονομά·

280 2175 502 2237 ζοντος’
564 2174 786 2228 Ἡσαΐου
834 2174 891 2226 δὲ
933 2173 1032 2243 τὴν
1077 2172 1137 2237 ἐξ
1177 2174 1344 2242 ἀκοῆς
1397 2172 1587 2244 ήδονὴν
1631 2172 1708 2243 τῷ
1757 2172 1866 2225 τῶν

280 2266 559 2336 Σειρήνων
611 2265 1047 2337 παραδηλοῦντος
1097 2266 1340 2335 ὀνόματι.
1392 2265 1604 2334 Ὥσπερ
1646 2261 1738 2318 οὖν
1783 2268 1867 2318 ἐν-

280 2354 457 2407 ταῦθα
481 2357 592 2417 τοῖς
623 2356 687 2408 ἐκ
726 2355 834 2408 τῶν
870 2353 1115 2425 μυθικῶν
1158 2354 1509 2425 διηγημάτων
1546 2355 1801 2424 ὀνόμασιν
1838 2356 1868 2407 ὁ

284 2447 642 2511 θεόπνευστος
665 2448 1034 2517 συνεχρήσατο
1060 2447 1236 2514 λόγος,
1267 2447 1400 2517 πρὸς
1422 2445 1481 2499 τὸ
1506 2445 1614 2499 τῶν
1643 2447 1867 2501 ἀκουόν-

280 2556 391 2591 των
433 2540 701 2609 χρήσιμον
761 2537 1009 2608 βλέπων
1072 2536 1214 2591 οὑτω
1276 2539 1437 2591 κάκεῖ
1493 2537 1593 2601 τὰς
1642 2539 1707 2590 ἐκ
1767 2538 1868 2610 τῆς

282 2630 632 2703 ἀνθρωπίνης
660 2630 901 2692 ἐπινοίας
935 2634 1050 2694 τοῖς
1079 2630 1298 2702 ἄστροις
1341 2629 1723 2701 ἐπικληθείσας
1752 2648 1865 2699 φω-

283 2723 383 2783 νὰς
433 2716 584 2776 εἶπεν
636 2721 1074 2788 ἀνεπαισχύντως
1137 2724 1165 2774 ὁ
1226 2721 1413 2789 λόγος,
1467 2721 1731 2775 διδάσκων
1784 2723 1866 2775 ὅτι

292 2815 404 2867 πᾶν
446 2815 678 2884 πρᾶγμα
726 2812 883 2885 παρά
917 2816 1030 2876 τοῖς
1083 2810 1387 2883 ἀνθρώποις
1447 2813 1864 2882 ὀνομαζόμενον,

282 2904 352 2957 ἐκ
407 2902 543 2956 Θεοῦ
582 2905 681 2975 τὴν
728 2902 959 2973 ὓπαρξιν
1009 2901 1154 2974 ἔχει,
1214 2902 1276 2957 τὸ
1331 2904 1562 2973 πρᾶγμα
1623 2904 1744 2973 οὐχὶ
1805 2903 1865 2956 τὸ

279 2992 477 3062 ὄνομα.
524 2994 598 3045 Οὐ
650 2993 759 3064 γὰρ
796 2996 826 3046 ὁ
865 2992 1164 3064 ὀνομάζων,
1215 2992 1328 3047 ἀλλ’
1387 2993 1440 3044 '0
1479 2991 1681 3057 ποιῶν,
1710 2995 1863 3061 φησι,

1968 1903 2314 1969 audivimus;
2350 1910 2404 1956 et
2437 1901 2579 1971 apud
2617 1900 2809 1956 Isaiam
2844 1899 3105 1953 Sirenes:
3152 1900 3245 1952 illo
3275 1898 3496 1969 quidem
3521 1938 3540 1964 ,

1968 2010 2161 2063 nempe
2189 1992 2327 2056 Job,
2363 1993 2628 2047 bonorum
2666 2000 2881 2046 Omnem
2933 1989 3261 2044 afﬂuentiam
3292 2005 3357 2044 ex
3392 1988 3543 2042 Grae-

1967 2087 2157 2139 canica
2187 2086 2445 2156 opinione
2476 2085 2557 2139 sic
2583 2083 2971 2139 denominante
2998 2100 3013 2151 ;
3045 2083 3186 2137 lsaia
3219 2097 3350 2137 vero
3380 2082 3540 2135 volu-

1967 2184 2170 2246 ptatem
2213 2192 2280 2230 ex
2326 2176 2514 2230 auditu
2561 2182 2872 2245 perceptam
2908 2173 3162 2228 Sirenum
3198 2174 3418 2227 nomine
3448 2171 3540 2226 de-

1967 2269 2230 2322 clarante.
2262 2267 2730 2335 Quemadmodum
2759 2266 2925 2337 igitur
2951 2265 3263 2320 nominibus
3288 2281 3352 2320 ex
3382 2264 3539 2320 labu-

1965 2359 2098 2415 losis
2140 2359 2546 2413 narrationibus
2580 2374 2761 2414 sermo
2792 2358 3052 2412 divinitus
3084 2358 3389 2427 inspiratus
3424 2358 3539 2411 illic

1969 2466 2106 2504 usus
2134 2457 2246 2516 est,
2280 2450 2343 2504 ad
2381 2449 2720 2504 audientium
2769 2450 3060 2503 utilitatem
3111 2457 3407 2518 spectans:
3456 2449 3539 2504 sic

1966 2545 2127 2598 etiam
2161 2544 2249 2597 hic
2277 2559 2340 2598 ex
2373 2543 2609 2596 humana
2639 2541 3099 2595 commentatione
3143 2541 3317 2595 stellis
3364 2541 3539 2610 impo-

1967 2635 2100 2689 sitas
2133 2635 2529 2705 appellationes
2580 2634 2717 2687 dixit
2775 2631 3145 2686 int'erecnnde
3193 2630 3537 2696 sermo,do-s

1966 2740 2096 2781 cens
2126 2742 2237 2780 rem
2266 2738 2481 2781 omnem
2505 2766 2519 2791 ,
2556 2738 2676 2795 qua:
2708 2725 2777 2779 ab
2825 2723 3142 2778 hominibus
3192 2723 3534 2785 nominatur.

1966 2835 1995 2872 a
2029 2818 2137 2873 Deo
2183 2818 2558 2871 exsisten‘tiaui
2607 2817 2809 2870 habere
2831 2857 2843 2879 ,
2876 2830 3070 2885 nempe
3101 2830 3214 2868 rem
3239 2855 3253 2875 ,
3290 2830 3401 2868 non
3431 2829 3531 2879 no;-

1966 2924 2111 2964 men.
2143 2909 2258 2963 Non
2292 2909 2435 2962 enim
2468 2907 2619 2971 dicit,
2654 2907 2746 2977 qui
2781 2902 3064 2967 nominat,
3114 2906 3233 2969 scil,
3266 2906 3371 2972 Qui
3404 2906 3537 2974 facit

1969 3001 2225 3066 Pleiada,
2258 3010 2306 3054 et
2342 2999 2626 3068 Vesperum
2655 3040 2670 3065 ,
2724 3007 2772 3051 ct
2825 2995 3123 3049 Areinrnm.
3170 2995 3534 3061 Quamobrem

282 3081 566 3148 Πλειάδα,
605 3084 709 3137 καί
740 3085 1065 3153 Ἕσπερον,
1108 3084 1205 3138 καὶ
1246 3086 1621 3170 Ἀρκτοῦρον.
1660 3085 1865 3137 Οὐκοῦν

1971 3092 2185 3147 abunde
2216 3108 2312 3162 per
2338 3092 2481 3145 dicta
2519 3099 2573 3146 et
2617 3089 2873 3144 Davidem
2917 3096 3120 3143 nostrre
3162 3087 3407 3157 Opinioni
3454 3086 3537 3141 fa-

285 3175 491 3239 ίκανῶς
520 3171 675 3247 οἶμαι
698 3175 788 3230 διὰ
816 3176 926 3230 τῶν
971 3176 1272 3248 εἰρημένων
1300 3164 1393 3229 καὶ
1436 3175 1526 3228 τὸν
1569 3176 1733 3229 Δαϐὶδ
1764 3175 1863 3245 τῆς

283 3267 559 3339 ὑμετέρας
589 3268 908 3339 ὑπολήψεως
950 3267 1238 3339 σύμμαχον
1268 3267 1661 3337 ἀποδεδεῖχθαι,
1712 3269 1773 3321 ού
1803 3269 1864 3322 τὸ

283 3359 680 3429 κατονομάζειν
706 3359 798 3413 τὸν
822 3359 954 3413 Θεὸν
978 3359 1049 3412 τὰ
1090 3360 1265 3429 ἄστρα
1289 3359 1378 3412 sua
1402 3359 1503 3429 τῆς
1531 3359 1863 3430 προφητείας

280 3450 628 3514 διδάσκοντα,
655 3451 792 3506 ἀλλὰ
812 3451 872 3505 τὸ
898 3452 1138 3522 ἀκριϐῶς
1159 3450 1446 3520 γινώσκειν
1470 3452 1612 3504 κατά
1638 3451 1735 3523 τὴν
1757 3451 1865 3505 τῶν

279 3542 595 3613 ἀνθρώπων
625 3543 912 3615 συνήθειαν
938 3544 1046 3597 τῶν
1076 3545 1315 3608 ἐκείνους
1346 3543 1576 3612 μάλιστα
1610 3542 1677 3596 δι’
1706 3544 1865 3612 ἀκρι-

282 3633 442 3698 ϐείας
475 3635 875 3706 ἐπισταμένων,
901 3633 995 3698 οὒς
1018 3635 1113 3688 καὶ
1142 3634 1415 3713 ὀνομαστὶ.
1440 3632 1865 3702 προσκαλεῖσθαι

280 3727 373 3782 διὰ
403 3727 604 3799 πολλὴν
646 3727 933 3798 συνήθειαν
958 3726 1230 3780 δύνανται.

356 3819 424 3872 Ei
456 3819 511 3872 δὲ
535 3819 641 3890 χρὴ
674 3820 767 3873 καὶ
801 3818 899 3890 τὴν
930 3816 1082 3888 παρά
1122 3816 1231 3870 τῶν
1268 3814 1475 3868 πολλῶν
1501 3814 1595 3869 ἐπὶ
1630 3817 1742 3879 τοῖς
1776 3816 1865 3888 ῥη-

280 3910 401 3974 τοῖς
425 3910 636 3977 τούτοις
660 3912 758 3981 τῆς
798 3909 1115 3983 ψαλμῳδίας
1148 3908 1401 3962 ἐκθέσθαι
1439 3908 1696 3972 διάνοιαν,
1729 3907 1865 3961 πολὺ

287 4001 494 4072 μᾶλλον
512 4002 975 4073 ἀπελεγχθήσεται
1002 4002 1064 4055 τὸ
1089 4000 1313 4072 μάταιον
1330 4003 1428 4072 τῆς
1449 4000 1710 4071 Εὑνομίου
1739 4001 1867 4072 περὶ
1914 3995 1917 3999 ’

282 4089 495 4145 τούτων
523 4094 768 4164 οἰήσεως.
803 4092 1036 4161 Λέγουσι
1076 4092 1185 4164 γὰρ
1211 4093 1259 4144 οί
1316 4091 1731 4163 ἐπιμελέστερον
1780 4088 1866 4155 ἐξ·

286 4182 556 4247 ζτακότες
600 4183 691 4236 τὸν
723 4182 847 4236 νοῦν
890 4184 991 4252 τῆς
1027 4180 1382 4236 θεοπνεύστου
1412 4181 1632 4255 Γραφῆς
1676 4182 1755 4235 ὅτι
1805 4183 1865 4234 οὑ

284 4272 472 4325 πάντα
501 4272 570 4325 τὰ
604 4273 733 4326 ὄντα
763 4274 862 4345 τῆς
902 4273 1051 4336 θείας
1084 4274 1230 4345 ἐστὶν
1268 4271 1677 4343 ἐξαριθμήσεως
1704 4270 1829 4335 ἄξια
1849 4286 1865 4302 ·

286 4363 348 4415 ἐν
391 4379 452 4416 τε
496 4365 607 4435 γὰρ
652 4366 765 4427 τοῖς
811 4363 1183 4433 εὑαγγελικοῖς
1228 4363 1419 4427 σιτίοις
1464 4365 1576 4425 τοῖς
1620 4362 1866 4432 γεγονόσι

1967 3200 2092 3239 τοτε
2122 3185 2316 3254 opinor
2358 3198 2481 3237 esse
2529 3182 2964 3236 demonstratum
2997 3181 3279 3233 docentem
3314 3193 3410 3247 per
3440 3191 3535 3232 va-

1965 3276 2214 3332 ticinium
2253 3274 2421 3330 Deum
2456 3289 2566 3328 non
2618 3273 2804 3327 stellas
2836 3271 3152 3333 nominare,
3200 3268 3295 3324 sed
3344 3277 3539 3324 exacte

1966 3383 2299 3439 cognoscere
2352 3365 2657 3421 secundum
2713 3363 2996 3417 hominum
3044 3360 3536 3424 consuetudinem,

1967 3461 2057 3531 qui
2091 3460 2190 3515 hos
2215 3457 2451 3513 maxime
2478 3465 2532 3511 et
2557 3454 2792 3526 perfecte
2826 3463 3046 3517 norunt,
3074 3468 3212 3522 quos
3243 3452 3407 3508 etiam
3437 3466 3538 3505 nos

1967 3554 2216 3609 minutim
2264 3558 2486 3623 propter
2512 3551 2738 3605 multam
2777 3548 3229 3604 consuetudinem
3262 3545 3541 3617 appellare

1970 3652 2220 3711 possunt.

2039 3820 2194 3888 Quod
2226 3820 2271 3875 si
2304 3826 2517 3890 oportet
2547 3819 2709 3872 etiam
2745 3817 2798 3870 in
2834 3817 2921 3871 his
2949 3815 3111 3870 dictis
3138 3813 3301 3882 hujus
3337 3810 3538 3866 cantici

1969 3928 1999 3968 a
2056 3913 2241 3967 multis
2293 3911 2545 3966 traditam
2604 3909 2929 3964 sententiam
2982 3908 3311 3976 explanare,
3366 3904 3540 3958 multo

1969 4006 2144 4077 magis
2175 4004 2387 4060 vanitas
2418 4002 2694 4072 opinionis
2718 4042 2732 4064 ,
2788 4015 2950 4071 quam
2998 3998 3064 4052 de
3111 3998 3196 4051 bis
3232 3996 3393 4049 habet
3429 3994 3539 4050 Eu-

1970 4098 2188 4149 nomius
2209 4135 2223 4158 ,
2259 4093 2562 4149 refelletur.
2599 4091 2732 4146 Nam
2763 4091 2854 4160 qui
2886 4090 3205 4158 diligentius
3240 4089 3540 4159 Scriptum

1970 4186 2235 4241 divinltus
2282 4185 2564 4254 inspirata:
2608 4190 2844 4236 mentem
2886 4181 3301 4251 quuisivcrunt
3348 4180 3541 4233 dicunt

1970 4280 2115 4351 quod
2150 4296 2257 4334 non
2289 4278 2472 4332 omnia
2500 4291 2621 4346 qua:
2650 4283 2777 4331 sunt
2799 4275 2979 4329 divina
3008 4275 3386 4328 numcrationc
3413 4279 3541 4328 sunt

1971 4372 2136 4443 digna
2162 4370 2175 4424 Ξ
2205 4371 2253 4426 si
2281 4368 2500 4440 quidem
2527 4368 2580 4422 in
2609 4367 2940 4437 evangelicis
2963 4367 3330 4421 eihationibus
3361 4365 3414 4419 iu
3443 4365 3542 4420 de—
3591 4440 3597 4447 ‘
3662 4413 3670 4421 .

283 4453 434 4507 κατά
461 4453 561 4525 τὴν
602 4454 826 4526 ἔρημον,
862 4453 983 4507 οὗτε
1033 4455 1097 4508 τὸ
1134 4454 1422 4526 νηπιῶδες,
1450 4452 1573 4507 οὔτε
1600 4453 1662 4507 τὸ
1686 4471 1867 4522 γυναι-

1974 4470 2120 4519 serto
2152 4460 2311 4517 iactis
2332 4503 2346 4528 ,
2382 4476 2560 4531 neque
2591 4460 2817 4530 puerilis
2849 4468 3017 4522 aetas,
3051 4474 3227 4529 neque
3262 4454 3542 4513 muliebris

286 4547 439 4598 κεῖον
471 4545 705 4618 ἀριθμοῦ
738 4547 885 4613 ἄξιον
918 4547 1176 4618 ἐνομίσθη
1201 4563 1216 4578 °
1253 4547 1348 4600 καὶ
1381 4546 1440 4599 ἐν
1470 4549 1536 4618 τῇ
1578 4544 1741 4616 ἐξόδῳ
1776 4545 1868 4598 τοῦ

301 4637 636 4708 Ἰσραηλίτου
687 4638 817 4692 λαοῦ
862 4640 1010 4709 μόνοι
1050 4638 1127 4709 τῷ
1169 4638 1387 4710 ἀριθμῷ
1421 4639 1791 4712 κατελέγησαν
1822 4641 1871 4693 οἱ

290 4725 391 4796 ἤδη
428 4726 568 4779 κατά
599 4726 707 4779 τῶν
757 4728 963 4799 ἐχθρῶν
1012 4728 1152 4783 ὅπλα
1203 4731 1386 4802 φέρειν
1432 4732 1527 4784 καί
1568 4729 1873 4801 ἀριστεύειν

285 4814 603 4885 δυνάμενοι.
648 4815 784 4870 Οὔτε
827 4816 936 4887 γὰρ
989 4818 1205 4871 πάντων
1253 4819 1322 4872 τὰ
1370 4818 1605 4889 ὀνόματα
1651 4818 1875 4872 τοιαῦτά

287 4907 463 4969 ἐστιν,
498 4907 573 4970 ὡς
594 4907 683 4960 διὰ
707 4905 799 4961 τοῦ
830 4907 974 4961 θείου
1015 4908 1278 4979 στόματος
1307 4909 1585 4980 φέρεσθαι,
1609 4911 1725 4964 ἀλλ’
1751 4912 1873 4981 ἀρι-

287 4998 514 5067 θμεῖται
550 5001 649 5071 μὲν
692 5001 747 5055 εί
780 5019 834 5055 τι
872 5002 1035 5056 καλόν
1073 5019 1132 5055 τε
1175 5001 1269 5056 καὶ
1307 5002 1585 5074 οὐράνιον*
1626 5003 1655 5056 ὃ
1692 5002 1781 5057 διὰ
1814 5003 1875 5057 τὸ

290 5091 429 5161 ὕψος
457 5092 558 5161 τῆς
584 5093 854 5157 πολιτείας
893 5094 1088 5164 ἀμιγὲς
1122 5093 1278 5165 μένον
1306 5093 1405 5164 τῆς
1434 5094 1570 5167 πρὸς
1594 5095 1686 5148 τὸν
1714 5094 1874 5165 ζόφον

288 5181 597 5253 ἐπιμιξίας,
634 5186 832 5258 ἄστρον
860 5186 1072 5254 λέγεται
1101 5200 1115 5214 ·
1158 5185 1479 5256 ὀνομάζεται
1512 5187 1569 5240 δὲ
1602 5187 1655 5240 εί
1674 5204 1727 5240 τι
1755 5189 1874 5241 κατ’

286 5275 459 5328 αὑτὸν
503 5276 593 5329 τὸν
636 5276 790 5346 λόγον
822 5277 911 5330 τοῦ
941 5277 1279 5349 ἐγγραφῆναι
1307 5281 1424 5342 ταῖς
1462 5277 1630 5343 θείαις
1668 5278 1872 5344 δέλτοις

284 5364 446 5429 ἄξιον
486 5366 712 5435 γίνεται.
765 5369 897 5441 Περὶ
929 5368 1036 5438 γὰρ
1065 5368 1174 5422 τῶν
1203 5369 1531 5442 ὑπεναντίων
1572 5373 1757 5442 φησὶν,
1789 5372 1869 5427 ὅτι

292 5455 384 5508 Οὐ
406 5455 492 5525 μὴ
518 5457 771 5525 μνησθῶ
801 5457 917 5512 τῶν
936 5458 1241 5528 ὀνομάτων
1274 5457 1470 5513 αὐτῶν
1496 5457 1592 5514 διὰ
1625 5461 1873 5530 χειλέων

278 5562 434 5618 μου.
469 5547 733 5618 Ὀνόματα
752 5548 829 5613 δὲ,
851 5546 937 5603 οἶα
955 5550 1064 5612 τοῖς
1082 5546 1340 5611 τοιούτοις
1359 5549 1632 5606 ἐπιϐάλλει
1654 5552 1871 5625 ἄστροις

370 5722 417 5755 "
440 5721 543 5778 lsa.
573 5740 691 5794 xm,
724 5725 811 5781 62.
922 5728 966 5761 ⁸³
1004 5726 1149 5786 Psal.
1185 5745 1273 5799 xv,
1301 5728 1355 5786 4.

1966 4568 2130 4608 sexus
2160 4566 2390 4606 numero
2415 4550 2578 4622 digna
2604 4553 2915 4605 existimata
2943 4558 3111 4605 sunt:
3144 4557 3197 4603 et
3227 4549 3280 4602 in
3312 4564 3541 4619 egressu

1969 4640 2151 4712 populi
2180 4638 2463 4696 lsraelitici
2499 4640 2600 4695 soli
2632 4655 2860 4695 numero
2894 4641 3107 4695 collecti
3141 4651 3266 4693 sunt
3302 4639 3394 4708 qui
3428 4637 3542 4707 jam

1969 4740 2158 4787 contra
2188 4731 2373 4788 hostes
2400 4747 2551 4786 arma
2577 4729 2719 4785 ferre
2749 4742 2802 4786 et
2838 4730 3133 4786 fortissime
3163 4744 3405 4800 pugnare
3438 4745 3542 4799 pn-

1972 4831 2171 4878 teraut.
2208 4818 2396 4893 Neque
2428 4823 2573 4877 enim
2608 4822 2853 4876 omnium
2893 4821 3112 4874 nomina
3145 4820 3273 4873 talia
3307 4829 3436 4875 sunt
3484 4826 3543 4874 ut
3598 4842 3604 4847 ·

1971 4930 2067 4970 ore
2096 4913 2283 4968 divino
2315 4911 2629 4974 elTerantur,
2663 4910 2757 4965 sed
2807 4916 3129 4964 numeratur
3171 4908 3216 4963 si
3252 4908 3385 4981 quid
3423 4909 3545 4979 pul-

1973 5007 2165 5061 chrum
2194 5013 2249 5060 et
2273 5004 2498 5061 caaleste
2524 5020 2538 5058 :
2573 5003 2715 5072 quod
2751 5010 2970 5071 propter
2993 5000 3335 5054 altitudinem
3364 5008 3543 5054 status

1974 5096 2089 5153 sive
2137 5095 2552 5168 gubernationis
2596 5094 2664 5148 ab
2707 5094 2854 5148 omni
2899 5092 3180 5147 consortio
3212 5092 3462 5162 caliginis
3491 5100 3546 5147 et

1975 5188 2340 5245 obscuritatis
2371 5189 2648 5244 sincerum
2682 5187 3097 5256 immistumque
3128 5194 3310 5241 manet
3336 5226 3350 5249 ,
3385 5186 3542 5241 stella

1975 5282 2216 5345 dicitur;
2253 5280 2567 5334 nominatur
2608 5286 2787 5333 autem
2832 5279 2876 5331 si
2923 5276 3052 5347 quid
3095 5276 3286 5332 eadem
3332 5276 3544 5330 ratione

1976 5377 2032 5430 in
2065 5372 2266 5428 divinis
2294 5368 2475 5425 Libris
2500 5369 2706 5440 scriptu
2737 5368 2956 5438 dignum
2988 5369 3281 5424 invenitur.
3309 5367 3442 5421 Nam
3474 5367 3543 5422 de

1978 5462 2309 5520 adversariis
2331 5462 2405 5516 ait
2434 5460 2576 5532 quod
2596 5503 2610 5525 ,
2641 5459 2763 5514 Non
2796 5462 3076 5516 mentituro
3103 5463 3369 5515 nominum
3404 5461 3538 5528 ipso-

1984 5572 2099 5611 rum
2131 5570 2224 5625 per
2250 5552 2394 5609 labia
2423 5568 2539 5608 utea
2566 5552 2633 5607 ⁶⁸.
2660 5549 2889 5609 Nomina
2920 5559 3099 5609 autem
3131 5551 3314 5623 qualia
3342 5551 3539 5607 talibus
