4010 6212
452 313 591 371 1059

1685 306 1742 361 S.
1767 306 2099 363 GREGORII
2130 306 2422 365 NYSSENI

3560 300 3704 369 wsb

450 422 685 495 imponit
714 420 890 477 stellis
927 416 1188 472 Dominus
1211 455 1226 480 ,
1263 412 1560 469 manifeste
1594 430 1657 469 ex
1689 414 1844 471 lsaia:
1876 416 2011 470 vati-

2126 420 2144 471 5
2169 418 2390 491 Κύριος,
2420 419 2605 488 sagati);
2645 418 2795 491 παρὰ
2821 419 2917 490 τῆς
2952 417 3169 473 Ἡσαΐου
3203 421 3538 490 προφητείας
3560 426 3704 495 ἐ.μὰ-

451 518 600 573 cinio
657 514 987 575 didicimus,
1039 507 1185 578 quod
1230 506 1364 562 dicit
1408 523 1424 561 :
1478 505 1668 561 Voconi
1708 517 1755 562 te
1815 508 2022 563 nomine

451 620 541 663 tuo
570 648 584 672 ,
621 622 764 659 meus
794 621 847 659 es
880 611 936 656 tu
970 600 1036 655 “.
1073 599 1255 667 Quare
1287 599 1333 655 si
1366 600 1492 670 quis
1526 601 1768 669 seipsum
1804 615 2023 670 posses-

450 701 659 754 sionem
692 696 786 751 llei
832 694 999 758 facit,
1031 692 1160 746 huic
1192 706 1392 747 nomen
1437 707 1576 761 opus
1624 690 1879 747 edicitur.
1913 690 2022 746 Sed

450 791 567 845 hazc
597 787 817 859 quidem
856 787 1127 848 habeant,
1169 782 1445 854 quomodo
1494 783 1694 838 habere
1735 783 2023 839 videantur

450 880 778 952 legentibus.
836 875 991 944 Quod
1047 883 1230 929 autem
1293 873 1481 943 adjicit
1536 874 1736 940 dictis,
1793 873 2021 928 exordia

451 973 637 1027 mundi
667 969 962 1025 creationis
999 965 1195 1022 testari
1230 981 1259 1020 a
1297 964 1408 1021 Deo
1449 964 1613 1020 rebus
1640 980 1802 1021 voces
1847 965 2022 1034 impo-

448 1064 584 1118 sitas
642 1060 855 1123 fuisse,
914 1072 1150 1128 quorum
1206 1056 1425 1127 quidem
1485 1057 1542 1111 in
1594 1056 2026 1127 praecedentibus

449 1154 666 1210 abunde
700 1152 834 1207 satis
873 1150 1306 1205 examinatorum
1340 1163 1800 1218 supervacaneam
1838 1148 2026 1218 judico

449 1245 832 1316 repetitionem
853 1285 869 1309 ,
897 1250 951 1297 et
982 1240 1177 1294 Adami
1205 1256 1392 1295 vocem
1421 1255 1584 1311 quam
1623 1240 1937 1311 prophetice
1970 1240 2027 1296 in

447 1336 725 1392 Christum
758 1341 811 1390 et
838 1332 1132 1388 Ecclesium
1161 1330 1358 1385 factam
1381 1330 1511 1386 dicit
1531 1329 1829 1400 Apostolus
1845 1330 1913 1395 ⁸⁵,
1945 1331 2027 1386 in-

448 1435 781 1498 terpretetur
810 1440 910 1495 pro
937 1424 1166 1478 arbitrio
1200 1423 1289 1477 hic
1314 1423 1462 1479 sicut
1492 1424 1625 1477 vult.
1657 1422 1850 1478 Nullus
1881 1422 2026 1478 enim

447 1522 523 1575 ita
557 1520 791 1576 stolidus
823 1527 878 1572 et
904 1516 1087 1571 fatuus
1112 1555 1128 1578 ,
1162 1522 1221 1568 ut
1250 1529 1374 1568 cum
1403 1510 1608 1569 Paulus
1638 1513 2026 1586 mysteriorum

445 1612 665 1666 occulta
698 1611 750 1664 in
781 1608 982 1662 virtute
1016 1606 1257 1675 Spiritus
1298 1605 1459 1660 nobis
1506 1604 1863 1671 revelaverit,
1909 1602 2022 1657 Eu-

445 1703 690 1758 nomium
727 1698 1038 1754 divinorum
1075 1696 1425 1766 interpretem
1463 1693 1569 1751 ﬁde
1602 1694 1906 1765 digniorem
1944 1692 2024 1748 fa-

2121 508 2305 579 θομεν,
2346 510 2381 579 ἦ
2425 527 2607 580 φησιν·
2645 508 2943 564 Ἐκὰλεσά
2978 524 3052 564 σε
3096 509 3163 562 τὸ
3191 509 3375 579 ὄνομα
3397 527 3539 576 σου,
3563 514 3703 585 ἐμὸς

2120 596 2177 653 εἷ
2201 601 2305 655 σύ.
2355 600 2519 653 Ὥστε
2553 599 2607 652 εἴ
2650 616 2734 663 τις
2766 599 2957 653 ἑαυτὸν
3000 599 3189 671 κτῆμα
3229 602 3377 654 ποιεῖ
3404 601 3501 655 τοῦ
3544 602 3711 673 Θεοῦ,

2121 694 2289 765 ὄνομα
2307 692 2478 761 τούτῳ
2504 690 2565 745 τὸ
2593 690 2753 762 ἔργον
2779 691 3003 759 γίνεται.
3044 689 3202 745 Ἀλλὰ
3220 691 3393 746 ταῦτα
3413 692 3515 764 μὲν
3535 694 3713 764 ἐχέτω

2121 787 2268 849 ὅπως
2289 785 2352 839 ἂν
2382 784 2523 855 ἐχειν
2541 783 2668 855 δόξῃ
2700 786 2812 846 τοῖς
2842 782 3275 854 ἐντυγχάνουσιν.
3310 784 3377 837 '0
3400 783 3459 838 δὲ
3483 786 3711 856 προστί-

2124 875 2248 946 θησι
2279 877 2388 937 τοῖς
2417 872 2744 945 εἰρημένοις,
2774 871 2843 926 τὰ
2870 870 3062 943 πρῶτα
3087 870 3187 942 τῆς
3209 874 3601 944 κοσμογενείας
3625 876 3709 940 εἰς

2127 967 2431 1038 μαρτυρίαν
2470 965 2564 1020 τοῦ
2609 965 2760 1037 παρὰ
2787 966 2881 1020 τοῦ
2922 966 3058 1020 Θεοῦ
3104 970 3217 1030 τοῖς
3247 963 3367 1022 οὖσι
3396 969 3498 1032 τὰς
3522 969 3711 1038 φωνὰς

2123 1057 2335 1113 κεῖσθαι
2357 1075 2370 1091 ·
2409 1050 2592 1129 ὧνπερ
2620 1059 2681 1112 ὲν
2705 1060 2815 1121 τοῖς
2847 1057 3072 1112 κατόπιν
3097 1058 3479 1129 ὲξητασμένων
3506 1062 3710 1126 ἱκανῶς

2124 1149 2382 1221 περιττὴν
2411 1146 2581 1219 κρίνω
2606 1146 2702 1219 τὴν
2743 1144 3104 1218 ὲπανὰληψιν,
3133 1147 3229 1200 καὶ
3258 1147 3358 1219 τὴν
3393 1147 3490 1202 τοῦ
3531 1147 3712 1220 Ἀδὰμ

2127 1238 2332 1310 φωνὴν,
2378 1240 2444 1309 ἢν
2505 1237 2856 1310 προφητικῶς
2898 1239 2977 1303 εἰς
3021 1238 3253 1309 Χριστὸν
3293 1239 3388 1293 καί⁸
3424 1239 3524 1312 τὴν
3576 1242 3708 1295 Ἕκ-

2126 1330 2354 1403 κλησίαν
2380 1329 2703 1401 γεγενῆσθαί
2728 1346 2891 1401 φησιν
2918 1332 2946 1384 ὁ
2985 1330 3322 1395 Ἀπόστολος,
3348 1331 3712 1404 ἑρμηνευέτω

2128 1424 2248 1477 κατ’
2281 1422 2528 1487 ἐξουσίαν
2571 1416 2725 1486 οὗτος
2756 1422 2831 1487 ὡς
2863 1421 3131 1492 βούλεται.
3168 1421 3353 1486 Οὐδεὶς
3394 1422 3505 1495 γὰρ
3530 1423 3712 1490 οὕτως

2126 1514 2354 1583 ἠλίθιος,
2399 1514 2475 1580 ὡς
2522 1515 2733 1568 Παύλου
2776 1514 2851 1586 τᾷ
2871 1515 3227 1588 κεκρυμμένα
3253 1517 3361 1571 τῶν
3389 1518 3712 1589 μυστηρίων

2127 1607 2184 1660 ὲν
2215 1609 2283 1678 τῇ
2313 1606 2538 1678 δυνάμει
2575 1606 2671 1660 τοῦ
2708 1606 3019 1678 Πνεύματος
3069 1609 3199 1680 ἡμῖν
3246 1610 3709 1674 ἑκκαλύπτοντος,

2126 1694 2562 1768 ἀξιοπιστότερον
2601 1696 2844 1769 ἑρμηνέα
2875 1696 2984 1750 τῶν
3029 1697 3190 1752 θείων
3236 1700 3564 1771 ποιήσασθαι
3612 1700 3713 1753 τὸν

446 1794 558 1848 ciat
584 1832 598 1856 ,
632 1798 820 1861 aperte
849 1804 879 1842 a
915 1788 1024 1843 Deo
1053 1788 1305 1859 inspirati
1339 1787 1639 1858 testimonii
1676 1787 1904 1841 vocibus
1934 1799 2021 1841 re-

2126 1790 2413 1859 Εὐνόμιον,
2457 1788 2550 1841 τὸν
2576 1788 2822 1860 φανερῶς
2844 1790 2961 1852 ταῖς
2989 1791 3192 1858 φωναῖς
3215 1790 3314 1861 τῆς
3342 1791 3709 1845 θεοπνεύστου

447 1897 776 1958 pugnantem
800 1923 816 1948 ,
849 1891 902 1938 et
934 1896 1043 1937 non
1087 1882 1158 1938 ab
1195 1880 1407 1935 Adamo
1454 1878 1761 1934 belluarum
1808 1874 2025 1946 species

445 1979 754 2033 nominatas
802 1988 960 2040 esse,
1019 1988 1116 2043 per
1170 1970 1337 2040 hujus
1391 1970 1524 2024 dicti
1582 1967 2020 2038 explanationem

445 2077 692 2126 astruere
744 2072 1176 2136 extorquentem.
1233 2061 1412 2132 Ipsius
1463 2075 1682 2130 quoque
1730 2067 2020 2113 contume-

446 2163 581 2218 liosa
621 2159 784 2214 verba
833 2164 1246 2227 praetereantur,
1304 2160 1471 2223 atque
1523 2151 1613 2205 illa
1670 2150 1882 2220 ingrata
1935 2149 2021 2203 in-

446 2253 637 2315 scitia,
686 2258 740 2304 et
782 2247 949 2303 veluti
1002 2245 1127 2298 timo
1172 2252 1227 2299 et
1279 2251 1523 2299 stercore
1582 2251 1855 2296 macerata
1917 2254 2021 2294 vox

445 2359 569 2397 cum
599 2347 861 2395 consueta
894 2337 1008 2392 oris
1041 2335 1371 2401 festivitate,
1406 2334 1521 2389 haec
1552 2341 1742 2387 contra
1772 2339 2020 2387 nostrum

443 2431 725 2489 doctorem
759 2428 1044 2485 disserens
1067 2469 1082 2493 ,
1111 2427 1368 2482 loliorum
1418 2432 1657 2482 satorem
1700 2424 1980 2494 appellans
2003 2462 2019 2487 ,

444 2532 499 2578 et
530 2522 743 2577 fructus
777 2521 1122 2592 putredinem
1145 2560 1160 2585 ,
1193 2527 1248 2577 et
1281 2518 1556 2574 Valentini
1591 2517 1891 2588 perniciem
1922 2556 1936 2581 ,
1968 2525 2023 2571 et

445 2615 515 2669 ab
549 2614 642 2669 illo
678 2611 914 2667 fructum
946 2625 1107 2679 quem
1139 2608 1195 2664 in
1224 2609 1408 2663 animo
1438 2606 1681 2662 auctoris
1708 2610 2021 2660 acervatum

445 2721 569 2763 esse
600 2711 882 2769 autumat;
917 2711 973 2758 et
1015 2702 1225 2773 reliqua
1270 2701 1546 2756 dictorum
1593 2699 1899 2759 insuavitas
1942 2696 2022 2753 si-

448 2799 616 2854 lentio
695 2796 1025 2859 involvatur,
1084 2794 1535 2865 quemadmodum
1594 2805 1824 2862 corpora
1878 2789 2021 2861 putri

446 2890 576 2946 tabo
609 2890 873 2960 liquentia
902 2897 1049 2943 terra
1087 2887 1282 2942 obruta
1308 2925 1321 2945 .
1355 2901 1425 2941 ne
1457 2884 1647 2940 multis
1676 2898 1775 2955 per
1806 2881 2019 2938 turbam

446 2986 652 3039 tetrum
684 2983 905 3037 odorem
936 2980 1204 3036 emittant.

519 3162 625 3220 Sed
654 3163 718 3218 ad
749 3179 812 3219 ea
842 3177 962 3235 quae
994 3161 1061 3216 ab
1092 3176 1157 3216 eo
1182 3159 1440 3231 deinceps
1468 3160 1613 3215 dictu
1648 3167 1798 3225 sunt,
1835 3166 2017 3215 trans-

449 3252 673 3309 ferenda
697 3260 782 3307 est
807 3253 1007 3307 oratio.
1033 3249 1248 3306 Rursus
1279 3251 1424 3305 enim
1460 3251 1751 3320 quamdam
1776 3250 2017 3320 doctoris

449 3345 744 3399 dictionem
777 3350 999 3407 tractat,
1027 3358 1147 3413 qua:
1180 3342 1252 3395 ita
1280 3340 1443 3396 habet
1471 3359 1483 3395 :
1511 3341 1586 3410 (a)
1626 3340 2019 3410 Incorruptibi-

449 3436 551 3490 tem
581 3434 719 3487 enim
742 3443 790 3487 et
840 3433 1127 3501 ingenitum
1158 3431 1327 3484 Deum
1379 3431 1741 3485 universorum
1771 3430 2017 3495 dicimus,

449 3527 734 3581 secundum
778 3523 1011 3577 diversos
1056 3522 1246 3576 mentis
1281 3531 1557 3591 conceptus
1602 3520 1682 3575 his
1721 3520 2019 3575 nominibus

450 3627 675 3671 utentes.
705 3614 837 3670 Cum
861 3615 999 3668 enim
1026 3613 1095 3666 ad
1129 3622 1270 3666 retro
1301 3611 1450 3681 lapsa
1500 3615 1696 3666 sa'cula
1734 3613 2017 3676 intuemur,

450 3707 550 3760 Dei
571 3708 729 3760 vitam
777 3722 980 3759 onmem
1010 3704 1569 3771 circumscriptionem,
1607 3703 1685 3757 vel
1713 3718 1864 3757 omne
1883 3703 2022 3770 prin-

450 3797 645 3867 cipium
676 3803 1009 3863 superantem
1039 3794 1376 3852 invenientes.
1401 3778 1571 3859 ipsum
1615 3792 1903 3861 ingenitum
1941 3790 2023 3843 di-

450 3890 658 3952 cimus;
693 3903 811 3941 cum
858 3894 976 3940 vero
1008 3886 1060 3938 in
1105 3886 1302 3939 saecula
1344 3884 1760 3953 supervenientia
1802 3893 2020 3938 mentem

450 3977 790 4044 intendimus,
836 3976 1073 4044 eumqui
1131 3975 1197 4028 sit
1247 3974 1489 4043 inﬁnitus
1533 3983 1581 4028 et
1619 3974 2016 4039 interminatus,

457 4069 708 4139 nulloque
737 4068 839 4138 ﬁne
875 4062 1375 4132 comprehensibilis,
1422 4062 1872 4132 incorruptibilem
1926 4078 2023 4133 ap-

454 4160 793 4229 pellavimus.
833 4155 901 4210 Ut
938 4156 1103 4227 igitur
1146 4153 1283 4224 quod
1324 4155 1443 4209 vitae
1484 4153 1688 4207 nullum
1726 4153 1880 4208 habet
1915 4163 2022 4208 ter-

452 4252 653 4304 minum
687 4246 1108 4315 incorruptibile,
1150 4245 1227 4298 sic
1256 4244 1393 4314 quod
1422 4243 1536 4313 ejus
1562 4244 1820 4313 principio
1855 4253 2018 4308 caret,

452 4340 736 4411 ingenitum
758 4335 1149 4389 denominatum
1176 4343 1275 4398 est,
1298 4331 1423 4385 dum
1449 4332 1559 4387 haec
1595 4348 1686 4402 per
1705 4342 2024 4386 commenta-

2128 1881 2430 1954 μαρτυρίας
2472 1880 2920 1953 ἀντιμαχόμενον,
2947 1882 3042 1935 καὶ
3071 1881 3132 1935 τὸ
3172 1883 3251 1955 μὴ
3283 1884 3710 1954 κατωνομὰσθαι

2126 1975 2275 2047 παρὰ
2302 1973 2396 2027 τοῦ
2440 1972 2610 2045 Ἀδὰμ
2639 1973 2745 2027 τῶν
2776 1973 2987 2042 ἀλόγων
3026 1973 3095 2029 τὰ
3141 1975 3275 2047 εἴδη,
3320 1976 3405 2030 διὰ
3430 1977 3529 2047 τῆς
3552 1993 3712 2048 παρ-ι

2124 2067 2435 2137 εξηγήσεως
2463 2064 2557 2120 τοῦ
2589 2065 2749 2136 ῥητοῦ
2774 2066 2964 2119 τούτου
2997 2069 3424 2132 κατασκευάζειν
3455 2068 3717 2132 ἐκϐιαζό-

2127 2174 2307 2229 μενον.
2343 2157 2629 2230 Παρείσθω
2672 2158 2767 2211 καὶ
2796 2157 2863 2211 τὰ
2892 2159 2991 2230 τῆς
3024 2157 3232 2230 ὕϐρεως
3258 2158 3419 2214 αὺτοῦ
3454 2161 3708 2231 ῥήματα,

2124 2249 2218 2303 καὶ
2246 2250 2279 2320 ἡ
2306 2249 2501 2320 ἄχαρις
2532 2249 2768 2318 ἀμουσία
2800 2237 3006 2320 ἐκείνη,
3033 2250 3126 2303 καὶ
3156 2252 3188 2321 η
3222 2249 3506 2323 κοπρὼὂης
3532 2251 3710 2305 αὑτοῦ

2124 2341 2219 2395 καὶ
2245 2339 2679 2412 βεδολὸιτωμένη
2703 2342 2856 2412 φωνὴ
2873 2339 3143 2405 διεξιοῦσα
3165 2341 3301 2411 μετὰ
3321 2341 3421 2411 τῆς
3440 2339 3711 2411 συνήθους

2123 2434 2416 2505 εὐστομίας
2465 2433 2638 2488 ταῦτα
2688 2433 2829 2488 κατὰ
2877 2434 2970 2488 τοῦ
3013 2434 3329 2489 διδασκάλου
3376 2434 3562 2505 ἡμῶν,
3612 2434 3716 2488 τὸν

2125 2524 2330 2595 σπορέα
2357 2524 2463 2578 τῶν
2488 2524 2759 2589 ζιζανίων,
2778 2526 2871 2579 καὶ
2896 2524 2992 2594 τὴν
3009 2524 3101 2578 τοῦ
3135 2524 3348 2596 καρποῦ
3370 2524 3711 2595 πρόσσηψιν,

2122 2617 2216 2671 καὶ
2248 2616 2598 2670 Οὐαλεντίνου
2644 2616 3015 2688 παραφθορὰν,
3065 2617 3156 2670 καὶ
3198 2617 3290 2670 τὸν
3333 2618 3461 2688 παρ’
3489 2616 3719 2669 ἐκείνου

2121 2709 2357 2780 καρπὸν,
2382 2708 2440 2762 ὃν
2469 2709 2529 2762 ὲν
2556 2710 2624 2780 τῇ
2655 2707 2800 2780 ψυχῇ
2831 2708 2979 2778 λέγει
3009 2708 3377 2779 σεσωρεῦσθαι
3416 2707 3507 2761 τοῦ
3549 2707 3714 2761 διδα-

2125 2800 2347 2865 σκάλου,
2381 2800 2476 2855 καὶ
2506 2800 2540 2869 ἡ
2583 2797 2744 2869 λοιπὴ
2773 2799 2881 2852 τῶν
2907 2799 3208 2870 εἰρημένων
3238 2798 3398 2869 ἀηδία
3428 2796 3723 2865 συγκαλυ-

2124 2891 2310 2962 φθήτω
2353 2894 2420 2962 τῇ
2456 2891 2660 2962 σιωπῇ,
2700 2889 2951 2961 καθάπερ
2985 2892 3077 2945 καὶ
3105 2891 3174 2944 τὰ
3208 2889 3556 2961 μεμυδηκότα
3586 2889 3721 2941 τῶν

2124 2977 2390 3047 σωμάτων
2420 2979 2487 3047 τῇ
2520 2978 2591 3046 γῇ
2623 2978 3135 3049 κατακρυπτόμενοι,
3163 2977 3238 3042 ὡς
3278 2977 3353 3049 μὴ
3388 2977 3596 3041 πολλοῖς
3626 2977 3716 3031 δι’

2049 3105 2093 3163 C
2125 3062 2285 3137 ὄχλου
2311 3065 2411 3136 τὴν
2443 3065 2705 3119 δυσωδίαν
2733 3065 2997 3134 γίνεσθαι.

2195 3159 2341 3231 Πρὸς
2382 3158 2441 3213 δὲ
2488 3157 2586 3229 τὴν
2631 3158 2948 3215 ἀκολουθίαν
2982 3159 3089 3213 τῶν
3133 3161 3435 3231 εἰρημένων
3477 3176 3720 3231 μετενεδ

2120 3252 2275 3305 κτέον
2303 3251 2391 3305 τὸν
2414 3251 2591 3321 λόγον.
2621 3252 2790 3307 Πάλιν
2823 3252 2932 3323 γὰρ
2952 3250 3227 3305 ἐκτίθεται
3263 3268 3384 3305 τινα
3413 3250 3573 3322 ῥῆσιν
3592 3251 3704 3305 τοῦ

2119 3341 2438 3397 διδασκάλου
2492 3343 2718 3413 ἔχουσαν
2775 3341 2947 3405 οὕτως
2985 3357 2997 3370 ·
3056 3344 3394 3412 ’Λφθαρτον
3441 3340 3554 3411 γὰρ
3599 3343 3717 3395 καὶ

2119 3434 2449 3504 ἀγέννητον
2494 3434 2601 3488 τὸν
2650 3434 2797 3489 Θεὸν
2840 3433 2957 3487 τῶν
2993 3424 3151 3488 ὅλων
3204 3432 3483 3503 λέγομεν,
3549 3434 3719 3488 κατὰ

2120 3523 2443 3594 διαφόρους
2489 3525 2772 3592 ἐπιϐολὰς
2814 3524 2929 3591 τοῖς
2985 3524 3239 3595 ὀνόμασι
3274 3525 3506 3590 τούτοις
3545 3523 3717 3593 χρώ-

2120 3632 2311 3684 μενοι.
2362 3615 2549 3668 ’Ὅταν
2579 3613 2695 3684 μὲν
2732 3616 2841 3684 γὰρ
2878 3617 2966 3682 εἰς
3015 3613 3156 3680 τοὺς
3189 3614 3438 3667 κατόπιν
3479 3611 3716 3681 αἰῶνας

2123 3704 2573 3774 ἀποϐλέψαιμι-ν,
2597 3705 3160 3774 ὑπερεκπίπτουσαν
3189 3705 3392 3771 πάσης
3431 3718 3719 3774 περιτρέπει

2125 3794 2245 3866 φῆς
2258 3797 2642 3864 εὑρίσκοντες
2659 3794 2772 3864 τὴν
2789 3794 2942 3863 ζωὴν
2957 3794 3062 3849 τοῦ
3077 3794 3244 3859 Θεοῦ,
3256 3792 3585 3864 ἀγέννητον
3598 3795 3711 3849 αὖά

2123 3888 2231 3942 τὸν
2271 3885 2525 3957 λέγομεν
2551 3902 2564 3916 ·
2614 3884 2764 3939 ὅταν
2797 3884 2866 3938 δὲ
2905 3883 3027 3951 τοῖς
3072 3882 3491 3953 ἐπερχομένοις
3528 3883 3714 3938 aliter

2125 3974 2232 4029 τὸν
2257 3972 2408 4029 νοῦν
2438 3972 2868 4042 ἐπιϐάλλωμεν,
2905 3971 2973 4026 τὸ
3022 3971 3306 4040 ἀόριστον
3329 3970 3432 4026 καὶ
3457 3970 3712 4040 ἄπειρον

2129 4067 2228 4120 καὶ
2270 4065 2471 4120 οὐδενί
2506 4064 2663 4119 τέλει
2712 4065 3096 4132 καταληπτὸν
3129 4064 3712 4133 προσηγορεύσαμεν

2123 4158 2444 4226 ἄφθαρτον.
2516 4156 2614 4222 Ὠς
2654 4151 2768 4212 οὖν
2823 4155 2889 4209 τὸ
2956 4157 3354 4223 ἀτελεύτητον
3396 4153 3504 4223 τῆς
3551 4152 3712 4224 {hvic

2123 4247 2462 4317 ἄφθαρτον,
2512 4247 2665 4301 οὕτω
2714 4247 2779 4301 τὸ
2831 4247 3099 4319 ἄναρχον
3147 4248 3330 4316 αὐτῆς
3375 4247 3707 4318 ὠνομάσθη

2125 4339 2486 4410 ἀγέννητον,
2549 4338 2624 4407 τῇ
2693 4339 2927 4407 ἐπινοίᾳ
2990 4338 3156 4409 ήμῶν
3223 4340 3710 4409 inﬂammet».

455 4432 649 4483 tionem
700 4428 777 4481 ita
824 4424 1257 4493 contemptamur.
1304 4422 1608 4477 Convititnn
1672 4424 1835 4494 igitur
1880 4424 2021 4494 quod

2129 4430 2332 4484 ταῦτα.
2370 4430 2480 4501 Τὴν
2510 4430 2606 4500 μὲν
2633 4426 2726 4485 οὖν
2752 4430 3018 4501 λοιδορίαν
3048 4431 3117 4503 ἢν
3143 4431 3426 4503 προοίμιον
3451 4430 3549 4502 τῆς
3586 4430 3708 4484 τῶν

451 4520 775 4591 proemium
832 4515 1110 4571 dictorum
1164 4514 1646 4584 contemplationis
1693 4514 1841 4577 fecit,
1892 4514 2019 4569 item

455 4609 756 4683 praeteribo,
792 4606 1016 4662 seminis
1052 4604 1288 4672 alicujus
1323 4603 1778 4668 immutationem,
1823 4616 1879 4661 et
1933 4619 2022 4659 sa-

455 4702 626 4756 tionis
676 4700 1020 4770 magistrum,
1075 4702 1129 4750 et
1177 4693 1314 4749 illud
1371 4693 1817 4762 reprehensionis
1873 4694 2018 4765 quod

452 4793 597 4846 nulla
646 4789 1059 4843 ratiocinatione
1110 4786 1433 4841 conclusum
1464 4794 1568 4852 est,
1629 4793 1685 4841 et
1735 4786 1840 4841 alia
1873 4803 2021 4858 quac-

454 4896 673 4952 cunque
726 4880 1019 4935 insatiabili
1054 4879 1237 4949 lingua
1276 4892 1373 4948 per
1405 4877 1588 4931 inania
1631 4886 1686 4932 et
1725 4892 1894 4933 vacua
1927 4894 2025 4932 va-

452 4951 996 5040 denspcrsequitur:
1054 4974 1274 5038 propter
1321 4965 1467 5035 quod
1513 4975 1694 5019 autem
1740 4967 2020 5021 criminari

453 5063 769 5135 aggreditur
827 5075 1136 5115 sermonem
1183 5057 1599 5120 calumniando,
1648 5056 1714 5112 ad
1768 5057 1872 5113 hoc
1923 5074 2026 5116 nos

454 5166 854 5211 convertemus.
892 5150 1000 5205 Nos
1035 5165 1266 5221 arguere
1311 5150 1633 5220 pollicetur,
1677 5156 1738 5203 ut
1776 5147 2024 5207 dicentes

454 5236 622 5300 Den’m
653 5261 761 5300 non
792 5242 1269 5312 incorruptibilem
1304 5256 1428 5296 esse
1464 5249 1697 5296 natura:
1730 5241 1824 5297 sed
1851 5254 1953 5298 nos
1993 5257 2023 5296 a

455 5348 647 5392 natura
684 5337 773 5392 illa
806 5339 919 5391 sola
951 5342 1203 5406 putamus
1249 5333 1424 5388 aliena
1448 5374 1462 5399 ,
1515 5347 1855 5404 quaecunque
1896 5335 2019 5406 qui-

454 5426 683 5483 husdam
713 5428 1008 5484 adventitia
1044 5427 1253 5487 insunt,
1281 5434 1335 5478 et
1369 5439 1491 5495 qua:
1525 5424 1698 5479 amitti
1746 5432 2016 5507 possnpt:

524 5565 573 5599 “
627 5566 731 5622 lsa.
786 5584 939 5632 mn,
973 5566 1023 5620 ί.
1099 5566 1144 5599 ⁸⁸
1202 5564 1398 5635 Ephes.
1434 5581 1485 5630 ν,
1520 5568 1607 5632 51,
1636 5568 1723 5622 5i.

528 5696 608 5769 (ι)
651 5695 821 5752 Verba
845 5697 905 5752 D.
942 5698 1125 5752 Basilii
1160 5710 1341 5750 contra
1372 5697 1689 5754 Eunomium
1731 5701 1823 5755 lib.
1857 5717 1896 5757 l.

2127 4519 2429 4592 εἰρημένων
2484 4518 2716 4591 θεωρίας
2762 4521 3092 4593 πεποίηται,
3139 4522 3301 4577 πάλιν
3355 4523 3706 4594 παρήσομεν,

2129 4612 2440 4683 σπέρματός
2481 4628 2625 4676 τινος
2659 4613 2973 4685 ὑπαλλαγὴν
2998 4615 3093 4669 καὶ
3125 4616 3334 4687 σπορᾶς
3355 4613 3706 4685 καθηγητὴν,

2127 4702 2223 4756 καὶ
2248 4702 2306 4756 τὸ
2339 4702 2438 4773 τῆς
2482 4704 2741 4775 μέμψεως
2767 4705 3173 4775 ἀσυλλόγιστον,
3206 4708 3299 4761 καὶ
3330 4708 3429 4761 ὅσα
3454 4705 3592 4760 ἄλλα
3630 4707 3707 4777 τῇ

2127 4794 2381 4866 ἀκορήτω
2407 4794 2627 4868 γλώσσῃ
2657 4797 3006 4868 κενεμϐατῶν
3034 4799 3364 4871 διεξέρχεται
3385 4817 3401 4830 °
3448 4800 3534 4868 ἐφ’
3565 4791 3613 4868 ᾧ
3642 4799 3709 4851 δὲ

2127 4885 2429 4940 διαϐάλλειν
2470 4889 2757 4959 ἐπιχειρεῖ,
2804 4889 3155 4957 συκοφαντῶν
3193 4890 3285 4944 τὸν
3321 4889 3474 4957 λόγον
3494 4928 3510 4951 ,
3560 4888 3711 4960 πρὸς

2125 4978 2283 5032 τοῦτο
2311 4980 2405 5033 καὶ
2427 4981 2587 5050 ἡμεῖς
2612 4980 3025 5053 τραπησόμεθα.
3058 4980 3332 5052 Ἐλέγχειν
3358 4982 3508 5053 ἡμᾶς
3530 4981 3712 5047 ἐπαγ⁸

2127 5069 2376 5137 γέλλεται
2408 5070 2484 5136 ὡς
2532 5070 2605 5143 μὴ
2651 5072 2808 5141 φύσει
2850 5071 3107 5141 λέγοντας
3140 5072 3412 5142 ἄφθαρτον
3454 5067 3591 5125 εἶναι
3642 5070 3710 5122 τὺ

2128 5161 2279 5216 Θεῖον
2304 5179 2317 5193 ο
2350 5164 2509 5234 ἡμεῖς
2528 5162 2585 5216 δὲ
2612 5163 2745 5235 μόνα
2772 5166 2871 5235 τῆς
2894 5163 3107 5233 φύσεως
3134 5164 3522 5235 ἀλλοτριοῦμεν
3552 5164 3707 5215 tne?-

2128 5269 2215 5317 να,
2242 5254 2342 5307 ὅσα
2371 5254 2638 5327 ἐπίκτητα
2665 5254 2875 5324 γίνεταί
2900 5272 3008 5309 τισι
3040 5256 3134 5310 καὶ
3176 5254 3478 5325 ἁπόκτητα.
3512 5247 3609 5306 Ὧν
3644 5254 3707 5306 δὲ

2130 5340 2256 5394 ἄνευ
2290 5340 2351 5395 τὺ
2380 5340 2734 5412 ὑποκείμενον
2780 5343 3038 5415 νοηθῆναι
3079 5343 3241 5414 φύσιν
3280 5344 3382 5397 οὐκ
3420 5343 3553 5413 ἔχει,
3584 5341 3709 5403 πῶς

2131 5435 2194 5488 ἀν
2220 5450 2303 5497 τις
2329 5434 2385 5487 ἐν
2412 5433 2557 5506 αἰτίᾳ
2589 5434 2818 5505 γένοιτο,
2842 5435 2917 5501 ὡς
2946 5434 3111 5507 αὐτὴν
3136 5435 3339 5506 ἑαυτῆς
3367 5417 3707 5504 διαχωρίῖων
