4010 6212
230 252 363 321 ιοιι

1363 244 1639 302 CONTRA
1680 242 2078 308 EliNOMiL’M,
2122 242 2247 299 LIB.
2290 233 2400 300 XII.

3340 248 3485 309 ἰθύ-Ξ

226 370 329 443 τὴν
353 367 550 441 φύσινς
599 367 662 420 Εἰ
696 365 792 436 μὲν
825 356 917 416 οὖν
939 361 1429 432 ἐπιγεννηματικὴν
1461 359 1537 429 τῷ
1566 356 1684 427 Θεῷ
1708 357 1804 428 τὴν

1908 356 2025 411 sine
2063 358 2260 426 quibus
2296 372 2424 412 vero
2466 355 2771 426 subjectum
2803 364 2984 414 mente
3023 359 3233 432 percipi
3280 371 3478 420 natura

227 459 539 535 ἀφθαρσίαν
570 459 600 512 ὁ
644 455 912 527 ἡμέτερος
964 452 1117 520 λόγος
1159 450 1508 523 ἐπρέσϐευεν,
1559 449 1634 512 ὣς
1675 464 1804 501 ποτε

227 555 358 627 περὶ
385 550 546 608 αὑτὸν
577 547 651 622 μὴ
678 544 865 609 οὖσαν,
906 545 939 617 ἢ
970 543 1046 608 ὡς
1075 545 1176 597 οὐκ
1207 543 1472 614 ἐσομένην
1508 543 1656 605 ποτὲ,
1686 559 1807 595 x2:-

228 649 320 719 μὸν
343 646 410 700 ἂν
442 639 555 713 εἶχε
587 639 758 695 ταῦτα
785 638 878 692 ὲπί
901 636 1119 706 διαϐολῇ
1156 636 1275 690 καθ’
1313 637 1345 705 ἡ
1355 634 1469 705 μῶν
1513 633 1710 702 λέγειν.
1743 632 1806 685 Εἰ

225 741 281 794 δὲ
308 739 397 792 ἀεὶ
424 733 686 795 ὡσαύτως
709 732 844 802 ἔχει,
875 730 971 782 καὶ
998 729 1027 782 δ
1061 728 1152 781 νῦν
1182 731 1297 781 ἐστι
1332 728 1556 781 πάντοτε
1586 723 1807 779 εἶναιτὸ

223 828 381 884 Θετον
428 830 457 880 6
508 826 778 897 ἡμέτερος
820 820 1107 893 διορίζεται
1158 819 1338 888 λόγος,
1396 820 1492 872 καὶ
1544 817 1694 872 οὐδὲν
1742 818 1807 870 ἐκ

225 919 624 992 παραυξήσεως
672 913 820 984 αὐτῷ
867 929 1011 974 τινος
1056 911 1149 965 καὶ
1199 909 1516 981 προσθήκης
1567 908 1676 962 τῶν
1729 907 1805 978 μὴ

224 1011 538 1083 προσόντων
586 1003 995 1079 προσγίνεσθαι,
1027 1002 1142 1055 ἀλλ’
1173 1003 1232 1054 ὲν
1272 1002 1434 1055 παντὶ
1468 999 1548 1070 τῷ
1574 999 1717 1053 κατά
1746 997 1807 1051 τὸ

222 1102 429 1173 ἀγαθὸν
459 1096 732 1169 νοουμένῳ
773 1095 869 1150 καὶ
896 1093 1174 1165 λεγομένῳ
1205 1093 1433 1147 πάντοτε
1482 1088 1643 1156 εἶναι,
1687 1089 1806 1153 πῶς

226 1194 302 1266 μὴ
333 1191 477 1247 κατά
510 1184 673 1260 φύσιν
706 1184 856 1256 αὐτῷ
883 1186 1327 1256 προσμαρτυρεῖν
1370 1183 1469 1256 τὴν
1495 1181 1805 1254 ἀφθαρσίαν

222 1279 623 1352 διαϐαλλόμεθα
645 1296 660 1345 ;
705 1276 844 1331 Ἀλλ’
871 1278 936 1329 ἐκ
959 1275 1059 1345 τῆς
1080 1274 1600 1345 ύπαναγνωσθείσης
1622 1272 1700 1344 τῷ
1724 1271 1806 1325 δι-

218 1370 477 1441 δασκάλῳ
523 1368 731 1441 ρήσεως
779 1368 879 1437 τῆς
920 1366 1174 1436 τοιαύτης
1205 1366 1301 1419 τοῦ
1349 1366 1507 1436 λόγου
1552 1366 1806 1436 διαϐολῆς

224 1462 504 1532 εἰληφέναι
547 1459 644 1523 τὰς
697 1456 952 1530 ἀφορμὰς
1000 1456 1425 1529 σχηματίζεται,
1473 1458 1549 1521 ὡς
1595 1459 1658 1512 ὲκ
1706 1459 1806 1529 τῆς

222 1553 583 1624 παραθέσεως
630 1550 740 1604 τῶν
792 1549 1025 1611 αἰώνων,
1069 1549 1147 1620 τῷ
1195 1548 1313 1620 Θεῷ
1356 1551 1455 1621 τὴν
1495 1550 1804 1620 ἀφθαρσίαν

222 1641 381 1719 ἡμῶν
405 1644 757 1717 ποριζόντων.
791 1641 856 1695 Ei
881 1642 979 1713 μὲν
999 1638 1093 1696 οὖν
1117 1642 1246 1713 παρ’
1271 1639 1427 1714 ἡμῶν
1456 1638 1520 1696 τὸ
1539 1642 1804 1714 ἡμέτερον

224 1738 388 1810 ῥητὸν
416 1735 771 1808 προεφέρετο,
804 1733 1045 1798 ὕποπτος
1076 1733 1144 1788 ἀν
1166 1728 1233 1805 ἦν
1255 1733 1383 1798 ἴσως
1406 1736 1485 1797 είς
1509 1734 1804 1803 ἀπολογίαν

222 1832 253 1884 6
282 1830 462 1898 λόγος,
490 1828 567 1892 ὡς
591 1826 686 1882 νῦν
715 1826 873 1897 ἡμῶν
906 1825 1418 1896 ἑπιδιορθουμένων,
1453 1824 1546 1878 καί
1582 1824 1717 1894 πρὸς
1744 1823 1805 1877 τὸ

221 1921 515 1977 ἀνεύθυνον
542 1918 934 1991 μετατιθέντων
954 1917 1055 1981 τὰς
1080 1915 1361 1980 ὑπαιτίους
1393 1915 1595 1985 φωνάς.
1650 1914 1805 1969 Ἐπεὶ

220 2014 278 2067 δὲ
326 2012 480 2082 παρά
517 2008 612 2064 τού
663 2008 862 2082 ἐχθροῦ
907 2009 978 2064 τά
1019 2008 1263 2081 ἡμέτερα
1311 2006 1526 2077 λέγεται
1553 2047 1567 2071 ,
1614 2008 1696 2072 τίς
1738 2006 1805 2061 ἂν

225 2103 548 2176 ἰσχυροτέρα
567 2103 776 2171 γένοιτο
796 2102 896 2171 τῆς
921 2101 1174 2173 ἀληθείας
1205 2100 1497 2167 ἀπόδειξις,
1520 2100 1687 2170 αὐτῆς
1707 2099 1806 2170 τῆς

220 2195 332 2249 τῶν
382 2193 794 2249 ἀντιδικούντων
831 2194 961 2264 ἡμῖν
1014 2192 1357 2264 μαρτυρίας;
1410 2192 1534 2256 Πῶς
1574 2192 1751 2245 τοίνυν
1777 2193 1806 2245 ὀ

221 2286 355 2363 παρ’
384 2284 545 2355 ἡμῶν
573 2284 684 2355 ἔχει
723 2284 880 2352 λόγος
910 2284 969 2337 ὃν
998 2284 1090 2337 ἐπὶ
1139 2283 1363 2355 διαϐολῇ
1397 2284 1803 2355 προχειρίζεται

220 2375 523 2446 καθ’ὴμῶν
564 2376 592 2427 6
617 2375 917 2446 Εὐνόμιος;
968 2375 1172 2437 Ὅταν,
1217 2375 1370 2445 φησι,
1407 2374 1529 2439 τοῖς
1559 2374 1805 2443 ἐπερχο-

217 2467 425 2535 μένοις
453 2462 627 2518 αὶῶσι
658 2463 765 2517 τὸν
792 2462 948 2516 νοῦν
966 2462 1399 2531 ἐπιϐἀλλωμεν,
1436 2461 1501 2515 τὸ
1525 2462 1807 2529 ἀόριστον

218 2559 319 2612 νέαι
339 2557 587 2625 ἄπειρον
597 2556 694 2609 καί
707 2554 908 2609 οὐδενί
922 2553 1080 2607 τέλει
1095 2552 1501 2620 καταληπτὸν,
1518 2567 1807 2621 προσηγοο

213 2649 525 2719 getiam”
541 2640 1011 2716 ἇςρθαρτονῘΔρα
1024 2646 1102 2715 τῷ
1119 2646 1337 2716 πορίσαι
1357 2645 1417 2698 τὸ
1442 2643 1808 2715 προσαγορεῦ-

224 2757 320 2793 σαι
346 2739 541 2793 ταύτδν
565 2741 594 2792 6
628 2738 890 2808 Εύνόμιος
910 2738 1108 2803 οἶεταις
1140 2737 1251 2791 Καὶ
1272 2737 1356 2800 τίς
1382 2737 1553 2800 οὕτως
1576 2736 1805 2801 {introii

213 2831 623 2902 καθεστηκότος
651 2828 886 2891 ὲστὶνὼς
903 2827 1000 2891 τὰς
1021 2828 1322 2892 ἰδιαζούσας
1335 2828 1539 2882 τούτων
1570 2828 1681 2881 τῶν
1707 2831 1804 2898 ρη·

224 2922 419 2992 μάτων
447 2922 660 2990 ἀγνοεῖν
692 2919 954 2989 ἐμφάσεις
980 2936 997 2985 ;
1051 2919 1268 2990 Πορίζει
1317 2918 1415 2990 μὲν
1439 2921 1547 2983 γὰρ
1576 2921 1603 2972 ὁ
1635 2920 1696 2972 τὸ
1731 2919 1805 2990 μὴ

1910 464 2018 503 non
2050 456 2248 518 potest,
2283 447 2557 519 quomodo
2588 448 2712 518 quis
2746 449 2954 519 culpari
2986 451 3180 521 possit,
3209 462 3269 507 ut
3299 454 3475 525 ipsum

1909 554 1937 592 a
1969 541 2145 609 seipsa
2179 550 2425 593 naturam
2471 542 2772 610 separatis?
2803 539 2861 595 Si
2894 541 3060 613 igitur
3096 543 3206 601 Deo
3234 546 3480 602 incorru-

1909 633 2251 702 ptibilitatem
2283 641 2535 703 agnatam
2568 644 2622 688 et
2650 634 2942 689 ascititiam
2976 644 3162 691 noster
3209 649 3480 696 assereret

1909 740 2111 789 sermo,
2147 734 2203 777 ut
2226 741 2347 794 quae
2376 726 2427 778 in
2464 726 2582 794 ipso
2604 741 2712 780 non
2739 728 3033 797 aliquando
3069 727 3284 795 fuisset,
3311 732 3393 786 vel
3421 742 3480 786 ut

1910 832 2016 871 non
2053 816 2348 885 aliquando
2392 815 2574 871 futura
2628 826 2797 881 esset,
2843 819 2958 873 haec
2999 829 3189 874 contra
3236 836 3338 877 nos
3383 838 3480 893 per

1908 908 2239 963 calumniam
2282 907 2497 963 dicendi
2533 909 2878 963 occasionem
2930 908 3171 965 haberet.
3223 911 3379 977 Quod
3430 913 3479 966 si

1908 999 2097 1054 eodem
2139 1000 2300 1054 modo
2334 1015 2548 1070 semper
2579 1016 2637 1056 se
2678 1000 2862 1063 habet,
2890 1008 2946 1056 et
3005 1001 3135 1071 quid
3186 1017 3333 1056 nunc
3395 1011 3481 1059 est

1910 1101 2124 1157 semper
2153 1103 2273 1143 esse
2308 1087 2496 1152 Deum,
2538 1099 2724 1145 noster
2753 1089 2942 1144 dctinit
2988 1106 3190 1158 sermo,
3235 1092 3481 1163 nihilque

1907 1191 1970 1232 cx
2013 1178 2353 1233 incremento
2381 1180 2565 1248 aliquo
2595 1188 2648 1235 ct
2674 1180 2983 1249 adjectione
3011 1198 3199 1237 eorum
3224 1199 3344 1253 quae
3368 1198 3479 1238 non

1906 1270 2097 1326 insunt
2120 1271 2167 1324 ei
2193 1272 2467 1336 advenire,
2489 1272 2582 1328 sed
2612 1274 2667 1326 in
2697 1273 2848 1327 omni
2879 1274 3024 1344 quod
3051 1276 3346 1330 secundum
3384 1278 3481 1333 bo-

1908 1378 2037 1416 num
2068 1362 2393 1433 intelligitur
2421 1378 2473 1419 et
2501 1364 2702 1419 dicitur
2749 1380 2965 1437 semper
3014 1384 3156 1433 esse,
3201 1372 3479 1441 quomodo

1907 1469 2018 1509 non
2074 1456 2374 1511 secundum
2433 1464 2688 1510 naturam
2740 1457 2843 1528 ipsi
2905 1459 3473 1530 incorruptibilitatem

1907 1544 2203 1599 attribuere
2233 1560 2325 1614 per
2352 1546 2682 1601 calumniam
2704 1549 3078 1603 accusamur?
3115 1550 3211 1605 sed
3236 1567 3301 1605 ex
3326 1552 3477 1621 prius

1907 1638 2136 1692 recitata
2168 1636 2406 1693 dictione
2452 1639 2698 1694 doctoris
2726 1655 3036 1698 sermonem
3084 1645 3158 1698 ita
3206 1645 3481 1701 calumni-

1907 1729 2034 1782 andi
2072 1731 2390 1785 occasiones
2415 1731 2627 1799 cepisse
2654 1732 2828 1801 ﬁngit,
2853 1734 3011 1802 quasi
3042 1749 3107 1789 ex
3139 1737 3484 1807 appositione

1906 1820 2253 1883 saeculorum,
2300 1835 2402 1875 nos
2442 1821 2556 1875 Deo
2592 1822 3165 1899 incorruptibilitatem
3207 1830 3480 1887 tribuere-

1907 1927 2049 1965 mus.
2090 1911 2144 1964 Si
2180 1910 2344 1981 igitur
2373 1927 2402 1965 a
2449 1913 2605 1969 nobis
2654 1924 2903 1970 nostrum
2940 1917 3145 1973 dictum
3201 1921 3482 1990 proferre—

1907 2009 2014 2067 tur,
2049 2001 2283 2057 fortasse
2312 2001 2379 2055 ad
2402 2003 2772 2061 defensionem
2801 2016 3089 2077 suspectus
3117 2019 3477 2076 essetsermo,

1906 2100 1965 2146 ut
1994 2092 2085 2162 qui
2112 2093 2422 2149 videremur
2445 2096 2756 2159 emendare,
2782 2099 2929 2168 quod
2967 2114 3073 2154 non
3098 2110 3247 2156 recte
3266 2102 3477 2158 dictum

1908 2182 2120 2246 fuisset,
2149 2192 2204 2239 et
2232 2199 2394 2239 voces
2420 2186 2637 2240 crimini
2684 2188 2955 2245 obnoxias
3002 2190 3344 2247 immutando
3397 2195 3480 2248 in—

1906 2274 2206 2343 culpabiles
2263 2274 2494 2330 ellicere.
2557 2276 2662 2332 Sed
2717 2281 2975 2349 quoniam
3039 2282 3109 2337 ab
3163 2284 3480 2339 adversario

1908 2376 2093 2422 nostra
2165 2366 2535 2436 proferuntur,
2588 2384 2837 2439 quaenam
2894 2372 3100 2427 ﬁrmior
3144 2391 3268 2431 esse
3313 2386 3482 2447 queat

1907 2458 2153 2512 veritatis
2195 2458 2612 2523 demonstratio,
2648 2475 2811 2529 quam
2843 2462 3281 2519 adversariorum
3324 2468 3481 2521 testi-

1908 2550 2151 2605 monium
2176 2550 2500 2617 ?Quomodo
2529 2550 2892 2621 igiturnoster
2911 2556 3071 2611 habet
3096 2573 3300 2620 sermo,
3316 2575 3479 2629 quem

1906 2653 2097 2699 contra
2136 2661 2239 2700 nos
2289 2646 2342 2700 in
2396 2646 2722 2701 calumniam
2781 2656 3079 2717 pertractat
3129 2651 3481 2710 Eunomius?

1906 2736 2060 2802 Cum,
2115 2738 2324 2807 inquit,
2373 2739 2444 2792 ad
2496 2741 2935 2807 supereminentia
3000 2744 3197 2798 stecula
3254 2757 3479 2802 mentem

1907 2828 2249 2890 intendimus,
2291 2828 2429 2900 quod
2469 2840 2545 2884 est
2583 2832 3045 2887 imleterminatum
3091 2844 3141 2889 et
3184 2837 3475 2906 inﬁnitum,

1907 2931 1955 2974 et
2003 2921 2151 2975 nulla
2197 2922 2301 2991 ﬁne
2354 2923 2802 2991 campie/tensum,
2870 2926 3248 2994 appellavimus
3302 2930 3480 2984 incor-

219 3013 428 3084 προσὸν
473 3012 620 3083 αὐτῷ
668 3011 1028 3080 κτησάμενος,
1083 3010 1474 3082 προσαγορεύει
1518 3012 1574 3065 δὲ
1608 3010 1716 3072 ﬁt":
1746 3010 1803 3066 ἓν

1908 3012 2171 3081 γιιριιὸὶιε.
2203 3012 2285 3067 Αιι
2313 3014 2556 3068 tribuere
2592 3023 2645 3069 et
2683 3016 2957 3086 appellare
2990 3018 3128 3073 idem
3172 3030 3325 3089 putat
3363 3020 3477 3075 Eu-

219 3105 579 3177 σημαντικῶς
625 3103 926 3175 ὀνομάζων.
974 3103 1099 3167 Πῶς
1131 3098 1224 3156 οὖν
1269 3104 1361 3157 ἐπὶ
1412 3106 1619 3165 τούτοις
1647 3105 1677 3156 6
1702 3102 1817 3173 τῆς.

216 3196 483 3267 ἀληθείας
531 3196 803 3265 φωτιστὴς
847 3195 945 3248 οὐκ
979 3194 1308 3264 αἰσχύνεται,
1356 3195 1413 3248 ὲν
1457 3193 1705 3265 προδήλῳ
1732 3192 1798 3264 τῇ

217 3287 558 3357 συκοφαντίᾳ
580 3286 678 3358 τὴν
696 3286 945 3358 διαϐολὴν
969 3286 1385 3356 συμπεραίνωνς
1416 3286 1526 3338 Καὶ
1551 3285 1801 3358 καθάπερ

212 3382 267 3433 οἰ
302 3378 372 3432 ἐκ
401 3395 545 3441 τινος
578 3375 783 3442 πάθους
827 3377 900 3448 μὴ
937 3377 1243 3448 βλέποντες,
1273 3379 1331 3432 ὲν
1361 3378 1516 3447 ὄψεσι
1542 3378 1651 3433 τῶν
1682 3379 1802 3450 βλε-

214 3472 439 3524 πόντων
469 3468 854 3539 ἀσχημονοῦσι,
888 3469 949 3522 τὸ
994 3471 1122 3540 παρ’
1170 3469 1350 3523 αὐτῶν
1399 3471 1474 3542 μὴ
1502 3470 1798 3543 ὁρώμενον,

215 3562 320 3615 καὶ
366 3561 518 3631 παρά
566 3559 672 3612 τῶν
706 3559 1059 3627 ὑγιαινόντων
1108 3561 1415 3629 ἀγνοεῖσθαι
1450 3562 1759 3632 νομίζοντες
1783 3579 1799 3595 ·

213 3651 465 3711 τοιοῦτόν
486 3674 538 3710 τι
568 3656 831 3711 πέπονθεν
853 3659 882 3711 6
907 3656 1198 3729 ὀξυδερκὴς
1223 3652 1376 3723 οὗτος
1402 3661 1495 3714 καὶ
1517 3663 1685 3732 ταχὺς
1700 3664 1801 3732 τὴν

212 3747 482 3804 διάνοιαν.
513 3746 612 3816 τὴν
644 3745 780 3800 ἰδίαν
823 3746 958 3815 πρὸς
998 3748 1096 3812 τέ,ν
1127 3746 1382 3817 ἀλήθειαν
1410 3748 1673 3820 πήρωσιν,
1706 3752 1801 3805 καὶ

212 3835 278 3887 ἔν
313 3836 432 3896 τοῖς
460 3834 746 3890 ἀκούουσιν
793 3836 981 3889 οἴεται.
1020 3836 1128 3889 Καὶ
1158 3833 1240 3900 τίς
1262 3835 1436 3901 οὕτως
1466 3839 1690 3907 ἠλίθιος,
1725 3839 1801 3906 ὡς

216 3922 300 3995 μὴ
350 3924 679 3994 παραθεῖναι
722 3927 789 3996 τῇ
832 3925 1049 3997 διαϐολῇ
1081 3926 1149 3979 τά
1193 3929 1671 4000 συκοφαντούμενα
1704 3933 1802 4003 ei].

212 4032 395 4088 ματα,
424 4016 522 4071 καὶ
550 4017 615 4070 ἐκ
640 4016 740 4086 τῆς
772 4018 1047 4089 ἑκατέρων
1072 4019 1531 4088 ἀνταναγνὼσεως
1570 4021 1668 4093 τὴν
1696 4039 1798 4076 καο

208 4105 489 4174 κωργίαν
535 4104 630 4159 τού
681 4105 1022 4178 λογογράφου
1062 4108 1379 4179 (propitiast;
1433 4106 1493 4163 ὐ
1535 4108 1800 4184 ἡμέτερος

205 4195 382 4264 λόγος
410 4196 801 4267 προσαγορεύει
834 4197 894 4251 τὺ
925 4197 1229 4270 ἄφθαρτον,
1270 4200 1478 4263 ἐκεῖνος
1507 4200 1801 4274 κατηγορεῖ

204 4286 316 4340 τοῦ
352 4285 455 4356 τὴν
494 4285 804 4357 ἀφθαρσίαν
849 4286 1182 4359 πορίζοντος.
1233 4289 1298 4343 Τί
1333 4291 1511 4345 κοινὸν
1541 4290 1705 4363 ἔχειν
1722 4293 1799 4365 τῷ

1909 3104 2171 3158 nomius?
2198 3103 2263 3157 Et
2288 3105 2412 3174 quis
2444 3105 2518 3158 ita
2557 3108 2755 3161 mentis
2787 3108 2963 3177 ii‘npos
3011 3118 3096 3165 est
3131 3119 3186 3166 et
3218 3120 3372 3167 extra
3419 3128 3482 3170 se

1908 3194 2188 3263 depulsus,
2241 3202 2302 3249 ut
2358 3195 2535 3251 claras
2592 3198 2901 3266 peculiares
2938 3200 3131 3255 borum
3185 3203 3480 3261 verborum

1908 3286 2338 3357 signiﬁcationes
2368 3288 2611 3357 ignoret?
2629 3287 2843 3344 Tribuit
2872 3292 3016 3346 enim
3036 3293 3137 3371 ‘qui
3174 3295 3321 3363 quod
3366 3311 3476 3352 nou

1909 3379 2063 3434 adest
2095 3380 2195 3449 ipsi
2247 3380 2570 3449 acquisiﬁt;
2601 3382 2838 3449 appellat
2886 3391 3065 3439 autem
3093 3386 3186 3454 qui
3233 3386 3286 3440 id
3332 3387 3481 3457 quod
3516 3434 3535 3449 ,

1906 3478 1990 3525 est
2028 3458 2400 3540 signiﬁcanter
2442 3472 2711 3525 nominat.
2752 3471 3039 3538 Quomodo
3087 3478 3258 3547 igitur
3287 3479 3340 3532 in
3394 3480 3479 3536 his

1905 3562 2154 3617 veritatis
2184 3562 2521 3617 illuminator
2564 3578 2673 3617 non
2702 3565 3001 3629 erubescit,
3037 3568 3090 3621 in
3144 3579 3332 3639 aperta
3380 3572 3481 3625 ob-

1908 3652 2235 3706 trectatione
2281 3652 2607 3705 calumniam
2655 3655 3022 3710 concludere?
3069 3658 3148 3712 Ac
3195 3660 3342 3712 velut
3381 3661 3479 3729 qui

1906 3757 1971 3797 ex
2006 3742 2192 3812 aliquo
2213 3743 2402 3795 morbo
2435 3756 2544 3796 non
2607 3743 2813 3807 vident,
2854 3744 2908 3799 in
2959 3748 3138 3802 oculis
3176 3747 3476 3804 videntium

1907 3832 2163 3887 indecore
2219 3846 2280 3887 se
2329 3839 2563 3901 gerunt,
2609 3834 2756 3903 quod
2807 3835 2878 3889 ab
2925 3835 3061 3905 ipsis
3110 3852 3219 3891 non
3267 3837 3478 3893 videtur

1905 3922 2068 3978 etiam
2096 3938 2126 3976 a
2143 3922 2280 3978 bene
2308 3922 2618 3978 valentibus
2644 3925 2883 3994 ignorari
2908 3933 3195 3994 putantes:
3216 3928 3323 3983 tale
3345 3928 3480 3999 quid

1907 4029 2010 4071 usu
2034 4015 2179 4070 venit
2223 4015 2349 4069 huic
2378 4023 2535 4071 acute
2585 4018 2852 4082 cernenti,
2906 4017 3183 4088 celerique
3245 4020 3471 4092 ingenio

1908 4106 2159 4177 praedito,
2212 4108 2306 4176 qui
2341 4106 2407 4161 ad
2439 4108 2722 4161 veritatem
2777 4112 3091 4173 excutiens,
3146 4109 3277 4165 illud
3311 4112 3476 4166 etiam

1905 4198 2097 4252 vitium
2158 4197 2508 4253 audientibus
2538 4198 2721 4253 inesse
2776 4198 3072 4254 existimat.
3108 4202 3177 4254 At
3227 4202 3351 4272 quis
3400 4203 3478 4257 ita‘

1905 4286 2075 4342 hebes
2102 4294 2156 4342 et
2189 4286 2442 4350 stolidus,
2471 4294 2531 4340 ut
2557 4300 2669 4340 non
2698 4287 2988 4344 calumniae
3008 4300 3242 4359 apponat
3287 4292 3478 4355 verba,

201 4378 449 4452 .léretr;
489 4378 622 4432 Ἀπὸ
646 4378 755 4432 τῶν
801 4379 944 4432 ἰδίων
971 4380 1198 4435 ἕκαστον
1229 4378 1546 4436 εὐθύνεσθαι
1572 4382 1796 4450 δίκαιον,

1907 4394 2025 4449 qua:
2048 4393 2144 4448 per
2178 4377 2435 4433 invidiam
2466 4387 2520 4433 et
2536 4378 2987 4435 obtrectationem
3007 4382 3478 4451 proleruntur.ata
3507 4456 3513 4461 Ι

202 4471 322 4523 οὐκ
350 4471 417 4522 ἐκ
457 4469 566 4522 τῶν
592 4469 887 4539 ἀλλοτρίων
918 4471 1139 4540 ὑπέχειν
1161 4472 1259 4537 τὰς
1286 4474 1538 4544 μέμψεις.
1578 4473 1712 4530 Νυνὶ
1748 4476 1806 4530 δὲ

200 4562 526 4631 κατηγορεῖ
556 4562 651 4631 μὲν
697 4560 874 4632 ἡμῶν,
907 4562 1001 4616 καὶ
1046 4565 1079 4633 ή
1125 4563 1317 4635 πικρία
1347 4566 1482 4637 πρὸς
1508 4568 1539 4637 ἡ
1549 4569 1656 4637 μᾶς
1687 4567 1807 4638 βλέ-

198 4666 340 4716 πει,
375 4651 696 4721 κατακρίνει
733 4652 789 4706 δὲ
821 4653 1010 4708 οὐδένα
1043 4655 1184 4709 κατά
1214 4672 1277 4723 γε
1307 4657 1398 4709 τὸν
1430 4657 1605 4729 ἀληθῆ
1647 4659 1805 4727 λόγον

196 4743 243 4815 ἢ
280 4742 503 4798 ἑαυτόν.
530 4744 593 4797 Εἰ
621 4743 730 4815 γὰρ
753 4744 814 4797 τὸ
844 4744 1084 4816 πορίζειν
1112 4745 1191 4815 τῷ
1221 4746 1339 4816 Θεῷ
1362 4748 1462 4818 τὴν
1495 4748 1806 4819 ἀφθαρσίαν

194 4832 475 4888 ὑπαίτιον
495 4872 510 4894 ,
564 4833 722 4887 τοῦτο
751 4833 809 4887 δὲ
856 4835 984 4905 παρ’
1025 4834 1237 4898 οὐδενὸς
1280 4835 1439 4889 ἄλλου
1482 4837 1621 4909 πλὴν
1672 4839 1800 4911 παρ’

188 4923 392 4980 αὐτοῦ
435 4920 651 4992 λέγεται
699 4924 892 4995 μόνον’
939 4924 1047 4995 ἀρα
1085 4923 1249 4988 αὐτὸς
1290 4924 1484 4980 ἑαυτοῦ
1523 4927 1731 4996 γίνεται
1773 4929 1803 4981 6

186 5015 572 5084 συκοφάντης
618 5016 938 5087 κατήγορος,
978 5015 1039 5069 τὸ
1077 5016 1271 5070 ἑαυτοῦ
1299 5014 1618 5077 διαϐάλλων.
1652 5019 1714 5071 ού
1742 5018 1804 5071 τὸ

180 5112 231 5181 ἡ
246 5106 515 5178 μέτερον.
560 5105 666 5159 Καὶ
690 5106 818 5177 περί
844 5104 939 5159 τοῦ
967 5105 1106 5159 κατὰ
1138 5106 1236 5177 τὴν
1259 5106 1581 5177 ἀγεννησίαν
1608 5107 1805 5177 ὀνόμα-

1903 4486 2009 4542 que
2055 4487 2121 4527 ex
2178 4482 2538 4543 utrorumque
2583 4474 2834 4543 opposita
2886 4472 3141 4538 lectione,
3188 4476 3478 4546 scriptoris

1904 4563 2165 4617 malitiam
2194 4577 2303 4616 non
2346 4562 2759 4631 deprehendat?
2790 4561 2986 4618 Noster
3013 4579 3198 4620 sermo
3241 4568 3475 4636 appellat

1904 4655 2341 4725 incorruptibile,
2383 4654 2475 4709 ille
2521 4654 2805 4708 insimulat
2852 4671 2977 4710 eum
3008 4657 3105 4725 qui
3146 4656 3480 4728 incorrupti-

1903 4746 2173 4802 bilitatem
2200 4746 2413 4802 tribuit.
2446 4745 2591 4812 Quid
2629 4761 2921 4803 commune
2957 4748 3148 4805 habere
3180 4757 3237 4804 et
3276 4748 3475 4808 dicere?

1906 4838 1975 4893 de
2003 4839 2120 4894 suis
2153 4838 2531 4909 unusquisque
2553 4837 2675 4907 jure
2704 4840 2952 4908 arguitur
2969 4848 3023 4894 et
3045 4838 3345 4908 iudicatur,
3371 4857 3477 4894 non

1908 4946 1973 4986 ex
2004 4930 2199 4986 alienis
2224 4929 2472 4985 accusari
2503 4928 2660 4984 solet.
2735 4928 2893 4985 Nunc
2911 4938 3092 4986 autem
3125 4946 3227 4986 nos
3255 4931 3477 5001 quidem

1910 5029 2156 5085 accusat,
2188 5032 2241 5076 et
2268 5022 2323 5075 in
2355 5036 2455 5076 nos
2475 5020 2747 5076 acerbitas
2773 5029 3018 5092 spectat;
3046 5024 3318 5078 neminem
3349 5038 3483 5077 vero

1909 5113 2240 5169 condemnat
2267 5112 2565 5168 secundum
2602 5128 2784 5168 veram
2838 5116 3135 5181 rationem,
3175 5131 3340 5185 quam
3398 5130 3481 5171 se-

174 5215 310 5262 τος
343 5198 508 5267 ἡμεῖς
543 5196 641 5267 μὲν
670 5213 849 5266 φαμεν
874 5198 977 5258 ὅτι,
1005 5196 1193 5269 ὥσπερ
1222 5196 1285 5250 τὸ
1315 5197 1670 5269 ἀτελεύτητον
1705 5194 1804 5270 τῆς

1911 5206 2112 5276 ipsum.
2150 5204 2208 5259 Si
2251 5205 2395 5259 cnim
2447 5201 2553 5259 Deo
2608 5202 3176 5275 incorruptibilitatem
3238 5205 3479 5260 tribuere

176 5295 370 5365 ζιιιῆς
410 5293 706 5365 ἄφθαρτον,
744 5293 919 5359 οὕτως
947 5293 1009 5346 τὺ
1038 5293 1272 5365 ἄναρχον
1314 5293 1482 5365 αὐτῆς
1512 5295 1804 5366 ἀγέννητον

1907 5297 2111 5351 crimen
2138 5302 2244 5359 est,
2268 5295 2371 5349 hoc
2397 5304 2576 5350 autem
2611 5309 2641 5348 a
2676 5295 2829 5349 nullo
2870 5295 2979 5349 alio
3006 5302 3366 5366 praeterquam
3408 5297 3479 5351 ab

170 5386 523 5457 ὠνομάσθη
552 5403 565 5416 ’
615 5386 797 5441 οὑτοσί
820 5386 879 5440 δὲ
907 5384 1057 5457 παρά
1087 5383 1195 5438 τῶν
1242 5385 1452 5441 αἰώνων
1488 5390 1520 5458 ὴ
1531 5390 1640 5459 μᾶς
1660 5388 1804 5457 λέγει

1907 5386 2027 5457 ipso
2053 5386 2174 5441 solo
2202 5385 2425 5440 dicitur.
2456 5383 2598 5455 Ergo
2628 5385 2746 5454 ipse
2799 5385 3137 5454 sycophanta
3183 5388 3267 5442 sui
3300 5387 3477 5457 ipsius

166 5477 368 5536 κατά
428 5477 643 5531 πάντων
705 5477 813 5531 τῶν
878 5474 1150 5548 γεννητῶν
1209 5477 1488 5548 προξενεῖν
1540 5479 1688 5551 αὐτῷ
1743 5481 1804 5536 τὰ

1907 5487 2192 5534 accusator
2219 5485 2324 5540 cst,
2358 5476 2500 5544 quod
2521 5490 2681 5530 suum
2707 5483 2790 5530 est
2814 5475 3173 5541 calumnians,
3197 5492 3306 5532 non
3328 5479 3474 5548 quod

164 5567 516 5643 πρεσϐεῖα.

1908 5582 2177 5623 nostrum.
2222 5566 2285 5620 Et
2331 5567 2399 5621 de
2447 5568 2668 5622 nomine
2714 5567 3038 5638 ἀγεννησίας
3092 5584 3192 5625 nos
3239 5570 3474 5626 dicimus

158 5660 393 5738 quod,
428 5660 886 5731 quemadmodum
930 5662 1075 5733 quod
1115 5663 1323 5719 nullum
1366 5667 1488 5722 vitae
1553 5668 1712 5723 habet
1785 5667 2075 5722 terminum
2129 5664 2535 5735 incormptibilc
2592 5671 2697 5731 est,
2755 5665 2835 5721 sic
2898 5665 3042 5735 quod
3093 5666 3212 5738 ejus
3258 5667 3470 5735 origine
