4010 6212
246 394 389 452 1065

1378 394 1654 450 CONTRA
1689 396 2074 463 EUNOMIUM,
2112 399 2241 456 LIB.
2272 399 2385 455 XII.

3337 398 3476 457 1066

239 502 457 560 αἰώνων
503 469 904 573 ἑπιθρυλλεῖται
945 501 1120 575 copi);
1161 503 1223 556 Ei
1273 502 1350 574 μὴ
1384 506 1477 558 καὶ
1514 506 1612 575 τὴν
1655 507 1811 574 ἀγίαν

1917 510 2039 565 vitae
2079 484 2384 566 denuntiat.
2441 510 2496 565 Si
2546 509 2661 566 haec
2713 517 2768 566 et
2818 516 2998 565 mente
3048 507 3386 580 concipimus
3420 519 3475 567 et

240 594 468 667 Γραφὴν
491 594 789 663 διχοτομεϊν
814 594 937 657 τοὺς
966 594 1167 658 αἰῶνας
1190 595 1221 647 6
1254 595 1517 665 Εύνόμιος
1546 597 1712 665 λέγοι,
1745 601 1810 669 τῇ

238 688 377 758 αὐτῇ
403 685 608 755 διανοίᾳ
630 685 731 755 τῆς
760 684 909 748 θείας
939 685 1083 755 ζωῆς
1112 685 1210 757 τὴν
1243 686 1497 757 ἀπειρίαν
1527 687 1813 758 διασημαί-

239 793 468 843 νουσαν,
489 775 583 830 τοῦ
608 774 706 846 μὲν
726 776 891 829 Δαεὶδ
917 775 1016 847 τὴν
1046 776 1152 846 πρὸ
1174 776 1280 829 τῶν
1309 777 1517 832 αἰώνων
1541 778 1812 848 βασιλείαν

238 868 673 939 ὑπομνήσαντος,
706 866 798 920 τοῦ
845 866 899 920 δὲ
922 868 1199 932 Μωῦσέως
1218 869 1318 940 τὴν
1358 870 1499 942 ὑπὲρ
1528 870 1653 933 τοὺς
1682 870 1814 924 αἰῶ-

238 977 336 1023 νας
386 958 768 1029 ἐκτεινομένην
817 957 911 1012 τοῦ
941 957 1076 1012 Θεοῦ
1111 959 1383 1035 βασιλείαν
1409 960 1696 1025 δείξαντος,
1737 962 1813 1025 ὡς

237 1053 297 1117 ἑξ
327 1049 652 1120 ἀμφοτέρων
686 1049 833 1118 ἡμᾶς
875 1047 1185 1118 διδαχθῆναι
1218 1049 1298 1101 ὅτι
1328 1049 1435 1102 πᾶν
1464 1049 1814 1120 διαστηματι-

237 1142 333 1196 κδν
366 1140 633 1210 διανόημα
680 1139 829 1201 ὲντδς
854 1138 952 1208 τῆς
990 1137 1140 1202 θείας
1167 1138 1380 1207 φύσεως
1408 1140 1810 1211 περιείληπται,

233 1233 301 1300 τῇ
338 1228 563 1300 ἀπειρίᾳ
603 1228 698 1288 τοῦ
745 1230 852 1282 πᾶν
906 1228 1247 1298 περιέχοντος
1290 1228 1664 1297 ἁπανταχόθεν
1716 1230 1813 1299 ἐμ-

235 1319 676 1392 περατούμενον;
723 1318 782 1372 Ὀ
814 1318 912 1388 μὲν
940 1317 1048 1389 γὰρ
1070 1318 1310 1388 Μωῢοῆς
1336 1319 1419 1382 είς
1444 1318 1505 1371 τὸ
1539 1318 1666 1389 ἑξῆς
1693 1320 1811 1390 βλέ-

235 1430 377 1478 πων,
406 1408 708 1481 βασιλεύειν
736 1408 897 1462 αὐτόν
930 1426 1062 1479 φησι
1088 1409 1180 1462 τὸν
1211 1409 1382 1464 αἰῶνα
1410 1412 1503 1465 καὶ
1536 1413 1622 1464 ἐπ’
1642 1413 1811 1467 αἰῶνα

235 1504 330 1563 καὶ
354 1503 455 1556 ἑτι.
506 1502 562 1555 ὐ
602 1501 660 1554 δὲ
691 1499 863 1572 μέγας
889 1500 1051 1553 nasus
1080 1501 1217 1571 πρὸς
1246 1501 1308 1554 τὸ
1334 1502 1561 1557 κατόπιν
1589 1504 1809 1572 ἀγαγὼν

233 1592 336 1665 τὴν
384 1591 644 1654 διάνοιαν,
693 1586 873 1643 εἶπεν⁸
939 1589 991 1642 Ὀ
1023 1590 1091 1644 δὲ
1125 1591 1269 1658 Θεὸς
1307 1591 1606 1658 ,βασιλεὺς
1643 1591 1812 1661 ήμῶν

234 1678 589 1749 προαιώνιος
612 1695 627 1710 υ
687 1679 781 1731 καὶ¹
827 1676 1024 1731 πάλινο
1065 1679 1499 1732 Είσακούσεται
1536 1682 1570 1734 d
1605 1683 1746 1750 Θεὸς
1777 1684 1810 1736 ό

234 1773 522 1841 ὑπάρχων
547 1770 661 1838 πρὸ
689 1769 807 1823 τῶν
828 1769 1075 1825 αἰώνων.
1126 1770 1262 1824 Ἀλλ’
1288 1773 1316 1825 ὁ
1349 1773 1509 1840 σοφὸς
1551 1772 1809 1844 Εὐνόμιος

234 1860 512 1934 ἐρρῶσθαι
538 1861 753 1931 φράσας
781 1863 892 1924 τοῖς
913 1860 1248 1932 τηλικούτοις
1269 1862 1623 1935 καθηγηταῖς,
1644 1864 1808 1936 ἀλλην

235 1956 403 2025 φησὶν
431 1955 575 2024 ἡμᾶς
603 1952 778 2021 λέγειν
807 1953 904 2024 τὴν
946 1953 1178 2024 ἄναρχον
1206 1954 1370 2027 ζωὴν,
1402 1955 1592 2026 ἑτέραν
1622 1955 1678 2009 δὲ
1710 1956 1808 2029 τὴν

1919 597 2175 664 dicimus,
2218 600 2488 669 quomodo
2538 600 2695 657 nobis
2729 599 3098 671 pervulgatam
3132 600 3330 665 asserit
3376 615 3477 656 sae—

1917 688 2161 742 culorum
2191 688 2578 744 dissectionem
2599 689 2622 743 ?
2646 689 2750 743 nisi
2778 689 2940 744 etiam
2972 704 3185 743 sacram
3228 688 3479 762 Scriptu-

1916 793 2032 832 ram
2061 781 2261 834 saecula
2309 779 2550 836 dividere
2581 779 2882 835 Eunomius
2929 780 3092 845 dicat,
3126 795 3248 851 quas
3287 780 3476 837 eadem

1913 869 2267 940 intelligentia
2292 870 2491 925 divina:
2522 871 2648 925 vitae
2675 870 2996 924 inﬁnitatem
3028 870 3320 941 signiﬁcat,
3347 885 3475 925 cum

1913 959 2082 1015 David
2136 977 2361 1032 regnum
2392 969 2518 1017 ante
2547 963 2747 1018 saecula
2802 960 2952 1032 quod
2990 960 3094 1016 fuit
3150 976 3478 1031 commemo-

1912 1054 2145 1118 raverit,
2174 1061 2228 1107 et
2257 1053 2436 1109 Moses
2479 1070 2635 1125 super
2676 1054 2874 1110 saecula
2902 1052 2995 1107 Dei
3025 1068 3253 1125 regnum
3287 1066 3475 1110 osten-

1910 1143 1962 1197 di
1987 1143 2392 1209 demonstrarit,
2420 1146 2492 1200 ita
2520 1156 2577 1201 ut
2619 1162 2684 1201 ex
2726 1146 2989 1200 ambobus
3032 1160 3133 1201 nos
3155 1147 3327 1201 simus
3352 1146 3477 1203 edo-

1911 1234 1983 1287 cti
2014 1235 2157 1303 quod
2185 1250 2345 1290 omne
2376 1236 2520 1306 quod
2576 1236 2879 1290 intervallis
2933 1234 3249 1289 distinctum
3294 1234 3477 1290 animo

1910 1324 2239 1395 concipitur,
2279 1326 2421 1380 intra
2461 1327 2698 1381 divinam
2745 1335 2991 1381 naturam
3021 1325 3475 1396 comprehensum

1909 1420 1994 1468 est
2023 1414 2290 1470 inﬁnitate
2319 1416 2437 1485 ejus
2463 1416 2557 1484 qui
2592 1417 2902 1470 universum
2932 1416 3196 1478 continet,
3233 1415 3380 1469 omni
3408 1430 3477 1469 ex

1910 1512 2061 1573 parte
2086 1506 2466 1560 terminatum?
2499 1505 2677 1563 Moses
2705 1507 2848 1561 enim
2882 1507 2936 1561 in
2971 1504 3023 1560 id
3053 1505 3197 1577 quod
3221 1505 3479 1575 deinceps

1910 1596 2413 1666 sequiturintuens,
2438 1597 2615 1667 ipsum
2648 1612 2877 1669 regnare
2896 1598 3026 1653 dicit
3047 1597 3302 1652 saeculum
3334 1602 3390 1652 et
3423 1597 3480 1651 in

1914 1685 2196 1749 saeculum,
2228 1693 2281 1740 et
2311 1686 2470 1739 ultra.
2503 1685 2731 1755 Magnus
2764 1693 2944 1739 autem
2972 1685 3138 1741 David
3154 1686 3220 1741 ad
3256 1685 3309 1740 id
3334 1682 3482 1755 quod

1912 1783 2058 1830 retro
2080 1782 2167 1829 est
2192 1775 2524 1844 cogitatione
2546 1775 2802 1839 adducta,
2826 1775 2985 1838 dixit,
3032 1774 3169 1829 Deus
3192 1790 3284 1829 rea:
3305 1784 3483 1828 uoster

1910 1876 2032 1923 ante
2055 1868 2251 1922 saecula
2277 1868 2344 1934 ⁸⁷;
2376 1876 2429 1923 et
2458 1882 2686 1922 rursus:
2716 1868 2913 1921 Audiet
2943 1867 3080 1921 Deus
3110 1866 3201 1936 qui
3237 1875 3313 1920 est
3361 1874 3483 1920 ante

1911 1958 2109 2014 secula
2136 1958 2202 2011 ⁸⁸.
2234 1957 2340 2014 Sed
2386 1958 2606 2028 sapiens
2638 1958 2940 2014 Eunomius
2974 1959 3140 2013 tantis
3198 1956 3480 2027 magistris

232 2045 588 2116 ἀτελεύτητον
612 2060 624 2073 ·
682 2044 846 2098 πάλιν
896 2036 988 2098 καὶ
1030 2044 1240 2099 αἰώνων
1283 2045 1443 2099 τινῶν
1490 2047 1811 2119 ἑτερότητας

1913 2050 2092 2104 valere
2117 2048 2327 2112 dicens,
2358 2048 2523 2102 aliam
2568 2048 2645 2102 ait
2674 2064 2776 2104 nos
2827 2063 3073 2104 asserere
3122 2048 3289 2115 vitam
3332 2046 3481 2121 prin-

233 2138 334 2192 καὶ
374 2136 655 2209 διαφορὰς,
692 2134 1169 2206 συνδιασχιζούσας
1196 2138 1259 2208 τῇ
1293 2138 1568 2209 ἑτερότητι
1600 2138 1807 2192 ἑαυτῶν

1913 2140 2058 2210 cipio
2094 2148 2392 2205 carentem,
2421 2139 2584 2192 aliam
2613 2154 2743 2194 vero
2792 2138 2896 2194 fine
2930 2146 3230 2194 carentem.
3266 2137 3482 2192 Rursus

232 2231 332 2284 καὶ
376 2228 474 2299 τὴν
518 2229 645 2299 περί
689 2227 822 2282 Θεοῦ
853 2226 1168 2296 φαντασίαν.
1220 2227 1361 2281 Ἀλλ’
1391 2227 1465 2292 ὡς
1497 2229 1564 2282 ἂν
1608 2227 1682 2300 μὴ
1720 2228 1807 2283 διά

1913 2236 1966 2284 et
1998 2227 2323 2282 saeculorum
2364 2226 2733 2295 quorumdam
2774 2228 3093 2291 varietates,
3137 2236 3192 2283 et
3230 2226 3484 2282 differen-

237 2319 451 2393 μακρού
474 2320 685 2389 γένοιτο
711 2322 843 2391 ἡμῖν
869 2323 902 2391 ἡ
932 2322 1068 2392 πρὸς
1112 2321 1180 2374 τά
1208 2320 1472 2391 εἰρημένα
1501 2320 1669 2391 μάχη,
1711 2321 1808 2376 αύ-

1913 2318 2018 2374 tias
2040 2332 2161 2387 quae
2198 2332 2297 2373 sua
2321 2316 2642 2372 diversitate
2692 2317 3045 2373 simuletiam
3077 2316 3146 2372 de
3185 2315 3296 2371 Deo
3342 2316 3483 2371 ima-

142 2466 151 2477 ,
231 2412 334 2483 τὴν
367 2409 750 2480 προσθήσομεν
793 2410 1151 2464 ἀϐασάνιστον
1199 2410 1292 2463 καὶ
1335 2408 1680 2474 ἀνεξέταστον
1706 2409 1806 2479 τὴν

1913 2408 2242 2480 ginationem
2267 2396 2605 2463 discindunt.
2652 2408 2759 2463 Sed
2787 2424 2856 2463 ne
2900 2409 3119 2479 longius
3150 2415 3337 2463 nostra
3384 2406 3484 2467 ad-

232 2502 294 2555 ἑν
321 2501 530 2564 τούτοις
550 2499 644 2554 τοῦ
674 2498 935 2573 Εύνομίου
967 2498 1296 2568 φιλοπονίαν,
1330 2496 1519 2569 ἱκανὴν
1546 2492 1709 2551 οὖσαν
1739 2496 1805 2551 δι’

1913 2514 2104 2554 versus
2137 2498 2282 2553 diota
2313 2499 2665 2577 protrahatur
2710 2514 2917 2570 pugna,
2950 2498 3125 2570 ipsam
3158 2498 3483 2568 adjiciemus

232 2587 312 2649 ὧν
344 2592 630 2658 σπουδάζει
678 2594 805 2663 περὶ
853 2593 913 2645 τὸ
943 2590 1136 2663 ψεῦδος
1187 2588 1542 2662 ἐκδηλοτέραν
1587 2592 1807 2661 ποιῆσαι

1913 2589 2152 2645 nondum
2205 2591 2557 2662 exagitatam,
2617 2604 2793 2660 neque
2857 2592 3220 2645 examinatam
3279 2591 3335 2644 in
3395 2591 3482 2649 bis

240 2690 354 2751 τοῖς
388 2688 625 2749 συνετοίς
653 2683 751 2757 τὴν
770 2683 1048 2755 ἀλήθειαν.

1913 2679 2167 2737 Eunomii
2208 2682 2530 2736 industriam
2557 2724 2572 2749 ,
2616 2698 2736 2752 quae
2771 2680 2907 2737 satis
2958 2689 3044 2737 est
3091 2681 3326 2747 idonea,
3383 2694 3482 2755 per

233 2797 359 2856 quae
386 2780 634 2839 studiose
668 2785 971 2848 occupatur
1003 2778 1057 2832 in
1109 2777 1415 2841 mendacio,
1458 2773 1526 2830 ad
1572 2773 1925 2830 illustriorem
1959 2775 2387 2848 intelligentibus
2420 2775 2725 2831 faciendam
2761 2777 3066 2830 veritatem.

319 2875 528 2946 Ἑρωτᾷ
558 2873 666 2944 γὰρ
691 2874 837 2944 ἡμᾶς
884 2872 1086 2943 προῖὼν
1114 2871 1190 2942 τῷ
1228 2872 1367 2940 λόγῳ
1390 2913 1405 2937 ,
1441 2870 1492 2923 τί
1521 2886 1651 2923 ποτε
1686 2868 1811 2932 τοὺς

235 2965 438 3029 αἰῶνας
484 2964 726 3035 οἰόμεθα.
794 2962 901 3017 Καί
954 2962 1030 3016 τοί
1081 2979 1143 3031 γε
1186 2961 1516 3031 δικαιότερον
1569 2957 1812 3033 ἦνςπαρ⁹

234 3055 397 3128 ἡμῶν
435 3054 581 3124 αύτῷ
616 3053 685 3106 τά
719 3050 943 3105 τοιαῦτα
982 3046 1356 3122 προτείνεσθαι
1388 3047 1496 3101 τῶν
1529 3045 1816 3119 ἐρωτημά-

234 3165 367 3202 των.
418 3145 589 3207 Αὐτὸς
632 3144 741 3214 γάρ
770 3144 916 3197 ἑστιν
957 3143 985 3194 ὁ
1029 3140 1124 3194 τοῦ
1157 3139 1291 3193 Θεοῦ
1336 3140 1434 3210 τὴν
1484 3138 1671 3192 οὐσίαν
1718 3138 1816 3189 ἑπ-

1982 2869 2093 2925 Nos
2125 2873 2269 2927 enim
2302 2871 2661 2943 progrediens
2694 2886 2946 2927 sermone
2973 2872 3307 2943 interrogat,
3327 2864 3483 2947 quid-

1910 2977 2033 3016 nam
2060 2965 2276 3018 tandem
2303 2963 2499 3019 saecula
2529 2972 2802 3033 putamus.
2853 2963 3015 3033 Atqui
3043 2973 3159 3017 erat
3199 2963 3403 3032 .justius
3447 2977 3479 3019 ε

1910 3052 2069 3108 nobis
2099 3052 2201 3122 ipsi
2243 3053 2380 3108 tales
2433 3054 2764 3124 quaestiones
2828 3052 3080 3123 proponi.
3154 3051 3276 3122 Ipse
3317 3052 3482 3107 etiam

1911 3151 1997 3197 est
2052 3143 2144 3212 qui
2190 3141 2283 3195 Dei
2321 3142 2617 3197 essentiam
2667 3157 2726 3197 se
2790 3143 3116 3213 cognovisse
3177 3140 3481 3215 proﬁtetur,

235 3237 540 3309 εγνωκέναι
572 3236 768 3304 λέγων,
794 3236 823 3288 6
855 3235 922 3287 τά
946 3234 1079 3304 ἡμῖν
1103 3230 1367 3301 ἀνέφικτα
1394 3227 1715 3301 καταληπτά
1741 3230 1807 3300 τῇ

1913 3233 2114 3303 quique
2147 3248 2211 3288 ea
2240 3248 2360 3302 quae
2390 3233 2548 3287 nobis
2577 3234 2847 3302 attingere
2874 3246 2983 3286 non
3009 3232 3158 3296 licet,
3200 3232 3485 3288 intellectu

237 3332 349 3401 ἰδίᾳ
390 3328 604 3383 συνέσει
634 3323 1016 3396 διοριζόμενος.
1053 3321 1259 3376 Οὐκοῦν
1285 3321 1446 3385 αὐτὸς
1473 3322 1606 3392 ἡμῖν
1634 3335 1811 3388 φυσιο-

1914 3337 2016 3377 ευο
2076 3321 2463 3391 comprehendi
2519 3320 2866 3376 determinat.
2930 3318 3101 3391 Igitur
3150 3321 3268 3391 ipse
3328 3320 3486 3376 nobis

232 3419 463 3489 λογειτω
485 3418 583 3489 τὴν
609 3417 716 3469 τῶν
745 3414 954 3469 αἰώνων
982 3413 1187 3477 οὐσίαν,
1215 3415 1243 3466 ὁ
1264 3412 1332 3466 τά
1363 3411 1619 3465 ἐπέκεινα
1639 3426 1814 3464 κατειο

232 3510 468 3581 ληφέναι
512 3505 829 3577 κομπάζων.
868 3503 977 3557 Καὶ
1014 3503 1075 3556 τὸ
1101 3501 1488 3574 ἀμφίκρημνον
1533 3500 1692 3555 τοῦτο
1722 3499 1813 3553 καὶ

231 3603 576 3674 διλήμματον
608 3601 706 3670 τῆς
733 3597 1096 3668 ἀποκρίσεως,
1140 3595 1215 3668 μὴ
1241 3594 1367 3649 λίαν
1408 3593 1652 3666 φοϐερῶς
1692 3595 1812 3645 ἐπι-

236 3694 433 3749 σειέτω
474 3694 591 3754 τοῖς*
617 3688 851 3753 ἰδιώταις
885 3688 1033 3758 ἡμῖν,
1078 3687 1173 3751 ὡς,
1219 3688 1267 3740 εἰ
1313 3684 1431 3739 τόδε
1458 3686 1582 3748 τοὺς
1609 3683 1814 3746 αἰῶνας

233 3781 375 3839 εἶναι
407 3783 749 3855 νομίσαιμεν,
792 3780 952 3853 τῆσδε
1012 3780 1109 3850 τῆς
1135 3779 1363 3840 ἀτοπίας
1388 3774 1810 3846 ὑπαπαντώσης,

231 3878 332 3930 καὶ
363 3874 501 3929 εἰτὸ
530 3873 736 3943 ἕτερον,
767 3871 865 3942 τῆς
903 3870 1113 3944 ἑτέρας.
1165 3870 1232 3921 Εἰ
1266 3866 1385 3937 μὲν
1420 3866 1528 3935 γὰρ
1560 3864 1810 3931 ἀιδίους.

229 3968 393 4038 φησι,
431 3965 680 4034 λέγοιτε,
718 3964 1022 4031 Ἕλληνες
1050 3962 1266 4014 ἔσεσθε
1304 3957 1401 4012 καὶ
1427 3956 1813 4013 Οὑαλεντῒνοι

226 4058 335 4114 καὶ
377 4056 705 4125 βάρϐαροι·
754 4055 807 4108 εὶ
850 4052 918 4106 δὲ
956 4049 1300 4122 γεννητοὺς,
1350 4048 1580 4114 οὐκέτι,
1626 4048 1810 4120 φησὶν,

228 4148 642 4220 ὁμολογήσετε
678 4144 757 4209 τῷ
797 4141 925 4208 Θεῷ
947 4142 1010 4196 τὸ
1043 4141 1390 4212 ἀγέννητον.
1439 4140 1503 4192 Ὢ
1527 4140 1626 4209 τῆς
1664 4140 1811 4210 ἀμά-

228 4258 332 4312 χου
358 4238 563 4309 ταύτης
599 4238 689 4291 καλ⁸
717 4232 1181 4301 ἀνανταγωνίστου
1225 4231 1648 4303 ὲπιχειρήσεωςί
1688 4231 1813 4285 Ἐἀν

227 4351 286 4386 τι
314 4329 571 4402 γεννητὸν
603 4328 931 4400 ὁμολογηθῇ,
961 4322 1005 4380 ὧ
1043 4324 1296 4395 Εύνύμιε,
1331 4328 1363 4394 ἡ
1392 4322 1485 4377 τοῦ
1518 4323 1812 4395 ἀγεννήτου

226 4422 502 4495 ὁμολογία
528 4403 1020 4493 περιγραφήσεται.
1049 4419 1158 4477 Καὶ
1192 4416 1293 4470 ποῦ
1326 4433 1405 4469 σοι
1429 4416 1813 4486 διερῤυήκασιν

227 4518 289 4570 αἰ
338 4513 436 4567 τοῦ
468 4512 724 4583 γεννητοῦ
771 4512 904 4583 πρὸς
951 4511 1011 4564 τὺ
1046 4509 1338 4578 ἀγέννητον
1366 4506 1717 4578 τεχνολογίαι,
1745 4506 1811 4560 δι’

1912 3411 2183 3467 edisserat
2232 3412 2559 3467 smculorum
2623 3412 2943 3475 essentiam,
2974 3410 3070 3482 qui
3121 3411 3212 3466 illa
3249 3426 3486 3483 superna

1921 3517 1980 3557 se
2023 3502 2507 3571 comprehendisse
2558 3501 2792 3571 jactitat.
2843 3503 3019 3572 Atque
3067 3501 3173 3557 hoc
3233 3503 3488 3570 utrinque
3553 3556 3576 3582 δ

1913 3607 2155 3662 praeceps
2188 3600 2242 3647 et
2284 3593 2710 3664 dilemmaticum
2742 3592 3120 3663 responsionis
3143 3593 3205 3645 .in
3246 3605 3346 3647 nos
3378 3591 3486 3646 imo

1913 3684 2141 3752 peritos,
2190 3697 2260 3737 ne
2316 3682 2483 3737 nimis
2520 3682 2838 3738 terribiliter
2895 3684 3127 3753 quatiat,
3162 3691 3223 3738 ut
3271 3683 3319 3737 si
3382 3682 3488 3737 hoc

1913 3772 2112 3830 saecula
2158 3787 2285 3827 esse
2338 3771 2694 3837 arbitremur,
2754 3773 2873 3827 haec
2918 3771 3233 3833 absurditas
3288 3771 3488 3827 suboc-

1913 3870 2123 3927 currat,
2194 3868 2251 3917 et
2325 3862 2370 3919 si
2423 3862 2527 3918 hoc
2606 3864 2861 3928 alterum,
2929 3863 3119 3918 altera.
3198 3861 3261 3917 Si
3321 3865 3484 3924 enim,

1912 3953 2111 4022 inquit,
2159 3954 2475 4021 sempiterna
2514 3952 2742 4016 dicatis,
2779 3952 2951 4007 (ira'ci
2993 3953 3140 4007 eritis
3190 3960 3239 4007 et
3289 3950 3481 4005 Valen-

1915 4045 2013 4099 tini
2074 4054 2125 4101 et
2204 4046 2439 4101 barbari.
2507 4046 2662 4112 Quod
2712 4047 2758 4100 si
2824 4046 3019 4117 genita,
3075 4061 3179 4099 non
3235 4044 3484 4113 amplius,

1913 4136 2110 4206 inquit,
2156 4136 2539 4204 conﬁtebimini
2573 4136 2627 4189 in
2664 4134 2776 4189 Deo
2814 4135 2955 4205 quod
2984 4144 3063 4190 est
3109 4135 3414 4207 ingenitum.
3439 4132 3487 4190 0

1914 4227 2387 4298 inexpugnabilem
2426 4235 2481 4283 et
2505 4227 2908 4282 ineluctabilem
2932 4227 3337 4298 aggressionem
3364 4228 3379 4283 l
3426 4225 3484 4281 Si

1913 4320 2043 4388 quid
2082 4320 2347 4389 genitum,
2392 4332 2425 4372 o
2456 4317 2707 4385 Eunonii,
2748 4332 3069 4373 concessum
3103 4317 3287 4383 fuerit,
3334 4318 3488 4388 inge-

1914 4408 2013 4463 niti
2039 4406 2315 4463 confessio
2342 4408 2665 4464 abolebitur.
2732 4407 2795 4462 Et
2828 4424 2938 4479 quo
2998 4410 3094 4465 tibi
3151 4408 3487 4464 eﬁluxerunt

1911 4500 2077 4572 geniti
2106 4514 2231 4554 cum
2270 4499 2512 4571 ingenito
2537 4508 2690 4554 tanto
2725 4500 2958 4555 artiﬁcio
2985 4500 3360 4570 pronuntiata,
3389 4515 3489 4570 per

227 4601 312 4663 ὧν
343 4607 406 4661 τδ
448 4606 698 4675 ἀνόμοιον
742 4604 845 4674 τῆς
880 4602 975 4657 τοῦ
1001 4600 1134 4656 Υίοῦ
1166 4601 1299 4673 πρὸς
1330 4600 1419 4654 τὸν
1446 4600 1811 4671 γεγεννηκότα

1913 4608 2034 4664 quae
2062 4591 2329 4648 dissimile
2365 4593 2619 4648 essentia:
2675 4592 2797 4648 Filii
2853 4606 2978 4647 cum
3034 4607 3107 4647 eo
3143 4591 3237 4662 qui
3295 4590 3487 4660 genuit

224 4698 423 4762 οὐσίας
446 4694 945 4762 κατασκευάζεταις
981 4695 1165 4748 Ἐοικε
1195 4693 1301 4764 γὰρ
1330 4693 1422 4762 ἀφ’
1453 4687 1528 4748 ὧν
1552 4693 1646 4748 νῦν
1674 4693 1814 4747 διδα-

230 4789 501 4861 σκόμεθα,
537 4786 614 4859 μὴ
641 4774 907 4858 ἀνομοίως
943 4784 1087 4856 ἔχειν
1122 4787 1152 4839 6
1185 4785 1376 4856 Πατὴρ
1414 4784 1554 4839 κατά
1592 4783 1690 4856 τὴν
1721 4784 1813 4837 ού·-

227 4882 380 4943 σίαν,
409 4881 486 4943 ώς
533 4879 667 4947 πρὸς
705 4877 766 4931 τὸ
793 4877 1049 4946 γεννητὸν
1084 4875 1473 4948 θεωρούμενος,
1517 4873 1651 4927 ἀλλά
1684 4873 1817 4927 καθ-

224 4976 357 5030 όλου
386 4975 455 5044 τῇ
482 4971 575 5024 τοῦ
605 4970 896 5041 ἀγεννήτου
926 4967 1182 5040 ὁμολογία
1204 4968 1282 5031 εἰς
1308 4966 1370 5021 τὸ
1398 4965 1471 5038 μὴ
1500 4964 1559 5020 ὃν
1588 4965 1815 5021 ἀναλύε-

226 5066 392 5121 σθαι’
433 5064 593 5135 εἴπερ
621 5061 688 5119 ἂν
714 5063 1004 5131 γεννητοὺς
1034 5061 1275 5131 εἴπωμεν
1307 5060 1433 5123 τοὺς
1475 5058 1695 5120 αἰῶνας.
1727 5060 1807 5121 εἰς

225 5159 292 5212 τὸ
325 5155 525 5226 μηκέτι
558 5153 649 5207 τὸν
677 5154 968 5223 ἀγέννητον
1000 5150 1278 5221 ὁμολογεῖν
1307 5150 1629 5222 ἑναγόμεθα.
1670 5149 1808 5202 Ἀλλ’

227 5248 438 5319 ἴδωμεν
459 5245 558 5317 τὴν
589 5246 831 5321 ἀνάγκην
858 5245 927 5299 δι’
966 5238 1035 5316 ἦς
1059 5242 1204 5315 ἡμᾶς
1238 5244 1372 5315 πρὸς
1397 5244 1496 5314 τὴν
1534 5242 1811 5311 συγκατάσ-

226 5340 385 5395 θεσιν
411 5339 511 5411 τῆς
544 5338 771 5402 ἀτοπίας
801 5333 1007 5405 ταύτης
1036 5335 1449 5403 συναναγκάζει.
1486 5331 1588 5389 Ὧν
1612 5334 1721 5406 γάρ
1741 5335 1809 5407 τῇ

226 5430 560 5498 παραθέσει,
589 5430 743 5499 φησὶ,
784 5428 1130 5501 προσγίνεται
1174 5427 1250 5498 τῷ
1297 5427 1414 5498 Θεῷ
1455 5428 1515 5481 τὸ
1553 5428 1807 5498 ἄναρχον,

224 5519 441 5575 τούτων
472 5517 571 5572 ούκ
616 5517 805 5582 ὅντων,
846 5517 949 5573 οὐκ
993 5516 1142 5571 ἔσται
1167 5518 1228 5570 τὸ
1259 5518 1693 5590 προστιθέμενον.
1745 5520 1810 5572 Ὢ

222 5611 333 5680 τῆς
364 5610 591 5681 ἰσχυρᾶς
620 5607 822 5679 ταύτης
867 5609 962 5663 καὶ
992 5607 1234 5677 ἀφύκτου
1276 5608 1464 5678 λαῦῆς,
1505 5608 1579 5673 ὡς
1609 5610 1672 5662 ἑκ
1699 5609 1807 5663 τῶν

232 5704 421 5773 μέσων
436 5700 588 5770 ἡμᾶς
611 5701 722 5763 τοῖς
741 5698 953 5763 ἀλύτοις
974 5698 1221 5771 ἀμμασιν
1236 5700 1537 5771 ἀθλητικῶς
1554 5699 1808 5769 διασφίγ-

305 5814 355 5851 ⁸²
402 5812 747 5876 Psal.xuu,
811 5813 898 5869 15.
972 5813 1019 5845 ⁸⁸
1045 5812 1187 5869 Psal.
1225 5830 1411 5884 uxm,
1459 5814 1540 5869 12.

560 5884 838 5947 ΡΑτιιοι..
882 5884 1001 5945 Gn.
1034 5884 1223 5948 XLV.
1252 5948 1295 5963 _

1912 4684 2273 4757 prmstruitis?
2305 4682 2537 4741 Videtur
2561 4685 2708 4740 enim
2756 4699 2821 4768 ex
2858 4684 3059 4754 quibus
3124 4698 3271 4738 nunc
3323 4682 3488 4738 doce-

1910 4795 2056 4845 mur,
2093 4796 2201 4835 non
2229 4779 2485 4836 dissimili
2532 4778 2693 4834 modo
2732 4779 2935 4834 habere
2976 4777 3135 4833 Pater
3182 4778 3487 4834 secundum

1911 4871 2229 4938 essentiam,
2273 4877 2334 4925 ut
2382 4885 2506 4926 cum
2566 4870 2751 4939 genito
2804 4869 3225 4937 consideratur;
3276 4869 3371 4925 sed
3430 4868 3486 4922 in

1913 4964 2233 5019 universum
2285 4963 2515 5035 ingeniti
2553 4962 2907 5019 confessione
2954 4963 3021 5019 ad
3076 4962 3130 5019 id
3178 4961 3324 5034 quod
3378 4976 3487 5015 non

1912 5061 2017 5118 est,
2048 5056 2249 5113 resolvi
2273 5075 2287 5112 :
2325 5054 2594 5127 siquidem
2626 5056 2808 5128 genita
2835 5055 3036 5129 saecula
3059 5055 3388 5117 dixerimus,
3414 5053 3483 5106 ad

1914 5148 2281 5204 conﬁtendum
2329 5164 2440 5204 non
2474 5148 2711 5223 amplius
2735 5163 2857 5205 esse
2904 5149 3205 5221 ingenitum
3244 5146 3488 5216 impelle-

1915 5257 2058 5295 mur.
2111 5238 2218 5296 Sed
2275 5241 2557 5296 videamus
2608 5242 2993 5317 necessitatem
3044 5255 3144 5310 per
3169 5254 3333 5310 quam
3384 5252 3486 5294 nos

1918 5332 1984 5387 ad
2016 5333 2393 5388 assensionem
2430 5333 2787 5388 ahsurditatis
2834 5331 3001 5400 hujus
3034 5332 3345 5388 necessario
3389 5346 3485 5387 co-

1917 5424 2012 5495 git.
2046 5423 2288 5490 Quorum
2316 5425 2462 5480 enim
2489 5424 2852 5494 appositione,
2882 5423 3077 5494 inquit,
3111 5420 3222 5479 Deo
3245 5423 3483 5487 advenit,

1915 5515 2136 5585 idlquod
2170 5514 2663 5583 principio.caret,
2712 5514 2759 5568 si
2804 5514 2920 5568 lucc
2963 5528 3071 5569 non
3110 5510 3335 5577 fuerint,
3371 5529 3484 5570 non

1914 5607 2018 5662 crit
2046 5607 2190 5677 quod
2228 5607 2504 5677 adjicitur.
2536 5603 2598 5660 .0
2627 5605 2861 5660 validam
2905 5606 3048 5661 hanc
3098 5613 3153 5661 et
3198 5606 3486 5662 inevitabi-

1918 5700 2024 5755 lem
2058 5700 2280 5766 luctam,
2319 5706 2379 5754 ut
2412 5714 2477 5754 ex
2513 5698 2708 5754 mediis
2761 5712 2860 5755 nos
2890 5697 3279 5755 insolubilibus
3335 5697 3485 5754 nexi-

3074 5880 3154 5940 3's
