4010 6212
495 413 519 470 l
531 413 630 470 06'!

1733 410 1792 467 S.
1832 406 2160 473 GREGORII
2199 404 2487 465 NYSSENI

3622 399 3762 457 ωδε

495 532 601 587 bus
638 527 895 584 athletice
923 525 1256 583 constrictos
1303 528 1486 583 tenet!
1545 526 1869 583 saeculorum
1900 541 2068 598 appo—

2182 523 2268 589 Ξας
2304 524 2447 595 ἐχειί
2497 523 2575 593 Τῇ
2620 516 2921 593 παραθέσει
2966 518 3071 573 τῶν
3113 518 3323 571 αἰώνων
3371 516 3766 590 προσγίνεσθαι

494 621 695 677 sitione
721 618 856 672 dicit
890 617 1001 674 Deo
1033 617 1293 675 advenire
1328 618 1654 690 ingenitum.
1690 619 1733 672 A
1775 634 1884 691 quo
1911 620 2074 676 advev

498 708 662 763 nire?
692 706 828 774 Quis
854 707 958 763 hoc
990 709 1088 773 ait,
1117 707 1264 778 quod
1296 708 1343 764 ei
1371 708 1463 779 qui
1502 720 1585 764 est
1626 709 1833 780 absque
1869 708 2072 776 princi-

498 798 608 868 pio,
635 812 699 851 ex
757 798 1125 868 acquisitione
1169 813 1267 868 per
1321 798 1716 869 appositionem
1763 798 2071 869 aliquorum

498 889 711 944 accedit
755 888 1077 960 ingenitum.
1119 888 1306 960 Neque
1354 889 1544 952 dictio,
1582 905 1758 960 neque
1802 890 2073 943 sententia

497 980 663 1049 hujus
692 980 1049 1036 absurditatis
1078 981 1132 1035 in
1184 982 1389 1036 nostris
1424 983 1578 1037 libris
1620 983 1704 1050 de;
1728 983 2071 1036 rebenditur.

507 1067 685 1124 Dictio
716 1072 937 1140 quidem
973 1058 1054 1128 sui
1081 1073 1385 1143 ipsiuscrit
1408 1080 1657 1144 patrona,
1681 1074 1813 1127 nihil
1845 1076 1950 1126 tale
1976 1072 2074 1125 lia-

496 1160 632 1216 bens
660 1163 821 1231 quale
848 1171 1037 1216 contra
1071 1178 1172 1219 nos
1205 1165 1474 1233 prolatum
1510 1171 1631 1218 est:
1668 1163 1939 1217 dictorum
1985 1178 2075 1216 au-

496 1259 605 1304 tem
655 1253 1097 1324 signiﬁcationis.
1151 1256 1275 1324 quis
1332 1255 1432 1310 ﬁde
1460 1255 1677 1324 dignior
1727 1254 2074 1311 existimatus

499 1343 663 1399 fuerit
687 1347 1011 1418 explanator
1067 1365 1231 1418 quam
1285 1348 1386 1419 ipsi
1450 1357 1708 1419 parentes
1761 1346 2077 1404 sermonis?

496 1436 707 1493 Justius
736 1449 820 1493 est
852 1439 1018 1510 igitur
1045 1449 1103 1494 ut
1129 1456 1233 1495 nos
1257 1440 1386 1510 quid
1418 1440 1601 1494 animo
1629 1439 1897 1495 Seutimus
1920 1439 2075 1496 dica-

500 1546 643 1584 mus.
685 1530 822 1585 Cum
854 1532 997 1586 ultra
1016 1524 1077 1586 ﬁet
1100 1542 1224 1586 ante
1254 1531 1453 1586 stecula
1483 1530 1582 1585 Dei
1618 1531 1782 1584 vitam
1819 1530 1994 1584 fuisse
2021 1537 2075 1583 et

498 1637 620 1676 esse
650 1599 1050 1688 assever‘atttus,
1080 1623 1317 1677 dicimus
1347 1621 1459 1677 haec
1490 1623 1631 1676 sicut
1666 1622 1718 1675 in
1756 1605 2072 1691 praeceden-

500 1712 648 1767 tibus
674 1712 820 1766 dicta
870 1722 1021 1767 sunt.
1065 1711 1187 1781 Sed,
1239 1713 1333 1775 ait,
1392 1713 1440 1766 si
1486 1712 1804 1766 surculorum
1840 1728 1941 1765 non
1995 1721 2073 1765 est

498 1805 783 1871 appositio,
818 1803 964 1857 nullo
989 1804 1144 1858 modo
1170 1812 1341 1872 potest
1366 1820 1477 1857 esse
1510 1803 1563 1856 id
1592 1803 1728 1874 quod
1759 1803 1864 1857 Deo
1891 1819 1955 1858 ea:
1976 1803 2074 1856 hac

499 1894 770 1963 aa'jiritur.
812 1895 1127 1965 Appositam
1184 1895 1317 1949 dicit
1352 1910 1473 1950 esse
1520 1894 1864 1965 ἀγεννησίαν.
1922 1893 2076 1948 Dicat

499 1997 552 2038 et
579 2000 608 2038 a
636 2001 743 2057 quo
778 1985 1041 2055 tale-quid
1087 1983 1199 2038 Deo
1228 1987 1538 2055 appositum
1561 1994 1663 2040 est.
1727 1985 1781 2038 Si
1838 1983 2003 2054 igitur
2045 1999 2074 2037 a

501 2071 703 2141 seipso,
766 2071 1034 2125 ridiculus
1094 2071 1258 2126 fuerit
1305 2088 1459 2126 suam
1519 2074 1809 2126 amentiam
1855 2072 2073 2127 crimini

499 2170 722 2216 vertens
749 2163 953 2217 nostris
986 2163 1364 2229 sermonibus;
1394 2164 1441 2218 si
1482 2172 1662 2217 autem
1709 2170 1736 2216 a
1766 2164 1946 2230 nobis,
1992 2163 2079 2218 di-

500 2254 736 2308 ctionem
760 2254 971 2320 recitet,
995 2262 1048 2309 et
1079 2255 1487 2310 accusationem
1522 2254 1894 2310 admittemus.

569 2431 676 2487 Sed
706 2433 818 2487 haec
857 2434 1228 2503 praetereunda
1273 2451 1394 2491 esse
1427 2435 1685 2498 arbitror,
1711 2446 1763 2491 et
1814 2454 2076 2508 quazcun—

499 2536 607 2591 que
638 2523 753 2577 bzec
790 2532 1223 2595 consequuntur.
1253 2525 1631 2581 Proculdubio
1656 2528 1770 2583 haec
1796 2538 1922 2584 sunt
1954 2545 2080 2599 pue-

501 2615 746 2670 rulorum
790 2616 999 2671 ludicra
1042 2634 1108 2673 cx
1137 2633 1303 2674 arena
1348 2619 1751 2676 exstructiones
1800 2606 2072 2691 quasdam

499 2710 854 2767 aediﬁciorum
904 2714 1367 2781 componentium.
1399 2714 1729 2769 Constructa
1770 2717 1914 2770 enim
1938 2732 2077 2787 qua-

500 2802 624 2856 dam
666 2805 891 2859 membri
921 2805 1162 2875 periodo,
1194 2804 1276 2859 vix
1316 2804 1381 2858 ad
1435 2805 1593 2861 ﬁnem
1658 2808 1920 2876 pervenit,
1953 2823 2077 2863 cum

499 2897 673 2965 ipsam
706 2896 871 2951 vitam
902 2897 1235 2953 demonstrat
1262 2898 1513 2968 principii
1546 2908 1817 2954 exsortem
1851 2915 1992 2967 esse,
2026 2907 2080 2954 et

501 2989 652 3042 nullo
690 2987 795 3042 ﬁne
843 2989 1186 3044 terminatam
1240 2998 1488 3045 nostrum
1521 2999 1703 3044 votum
1761 2991 1992 3060 implens
2024 2991 2077 3045 in

501 3081 594 3135 tali
627 3080 828 3136 studio.
860 3079 1049 3151 Neque
1076 3083 1223 3137 enim
1249 3098 1281 3139 a
1329 3082 1488 3138 nobis
1546 3083 1692 3137 aliud
1741 3082 1869 3151 quid
1926 3099 2080 3139 asse-

499 3172 642 3229 ritur
669 3189 833 3245 quam
867 3174 1009 3244 quod
1044 3190 1149 3229 una
1179 3183 1265 3230 est
1296 3183 1350 3229 et
1396 3175 1656 3228 continua
1691 3176 1807 3245 ipsa
1855 3191 1952 3244 per
1991 3191 2073 3230 se-

500 3262 674 3333 ipsam
708 3265 890 3321 divina
916 3268 1045 3329 vita,
1085 3266 1292 3320 inﬁnita
1322 3273 1375 3319 et
1402 3267 1751 3335 sempiterna,
1792 3268 1941 3321 nullo
1978 3266 2078 3319 ali-

500 3366 610 3419 quo
638 3352 872 3408 termino
900 3369 1137 3423 unquam
1169 3355 1442 3424 prohibita
1466 3355 1531 3408 ad
1566 3355 1861 3408 iutinitum.
1891 3354 2079 3410 Hacte-

501 3458 606 3498 nus
639 3442 875 3512 scriptor
932 3460 1064 3499 suos
1099 3445 1312 3500 labores
1365 3452 1418 3500 et
1452 3445 1681 3501 sudores
1715 3445 1929 3500 veritati
1960 3461 2080 3516 qum

499 3547 586 3591 est
615 3534 914 3591 secundum
951 3551 1052 3592 nos
1084 3535 1327 3604 largitur,
1380 3534 1761 3590 demonstrans
1789 3534 1964 3605 ipsam
1999 3536 2080 3590 vi-

501 3636 610 3684 tam
642 3634 835 3682 neutra
852 3634 1015 3697 parte
1042 3625 1345 3691 terminari,
1384 3642 1563 3697 neque
1593 3626 1638 3682 si
1666 3626 1790 3696 quis
1818 3625 1964 3697 quod
1994 3635 2079 3683 est

504 3728 629 3773 ante
653 3718 850 3773 saecula
888 3718 1162 3788 exquirat,
1222 3732 1399 3787 neque
1429 3716 1473 3772 si
1508 3716 1652 3788 quod
1694 3718 1797 3772 erit
1828 3729 1953 3789 post
1993 3734 2082 3772 ra-

501 3810 816 3865 tiocinetur.
855 3807 961 3866 Sed
996 3810 1051 3865 in
1097 3809 1451 3881 sequentibus
1486 3826 1677 3865 rursus
1716 3810 1781 3866 ad
1816 3825 1970 3866 suam
1994 3826 2082 3867 res

502 3902 740 3956 volvitur
772 3901 1169 3957 confusionem.
1205 3901 1341 3957 Cum
1374 3902 1517 3956 enim
1567 3902 1795 3959 dixisset
1833 3902 2078 3958 eamdem

504 4008 626 4050 esse
657 3993 824 4049 vitam
880 3992 1151 4064 principio
1200 4000 1256 4048 et
1298 3990 1401 4045 ﬁne
1435 4001 1733 4056 carentem,
1780 3992 1986 4073 omisso
2013 3991 2081 4047 de

502 4086 615 4139 vita
645 4100 917 4148 sermone,
943 4084 1195 4141 nationes
1223 4100 1343 4156 qua:
1373 4085 1426 4139 in
1473 4083 1657 4138 divina
1690 4082 1800 4138 vita
1830 4083 2082 4139 conside-

503 4186 718 4242 rantur,
781 4176 847 4231 ad
903 4192 1067 4232 unam
1131 4192 1321 4233 omnes
1378 4175 1625 4231 notitiam
1667 4190 1790 4230 cum
1851 4173 2077 4245 redegit,

506 4285 674 4325 unum
714 4268 896 4323 omnia
931 4266 1077 4324 iecit.
1123 4269 1187 4323 Si
1236 4269 1378 4323 enim
1428 4269 1555 4336 vita,
1598 4267 1793 4335 inquit,
1830 4267 2081 4336 principii

501 4378 689 4431 expers
708 4368 761 4416 et
794 4362 896 4431 ﬁne
919 4378 1127 4424 carens.
1159 4371 1313 4432 atque
1353 4360 1771 4429 incorruptibilis
1801 4369 1876 4415 est
1914 4369 1962 4415 et
1996 4360 2080 4414 in-

504 4454 698 4524 genita,
726 4452 866 4509 idem
896 4436 1029 4508 esset
1064 4470 1182 4508 cum
1228 4444 1459 4524 ingenito
1506 4453 2004 4522 incorruptibilitas,
2034 4461 2083 4507 et

2174 608 2423 686 λέγειτῷ
2466 612 2585 684 Θεῷ
2626 612 2688 666 τό
2736 610 3048 681 ἀγέννητον.
3095 609 3254 683 Παρὰ
3284 609 3427 672 τίνος
3465 608 3769 679 προσγίνε-

2177 704 2331 771 σθαι;
2380 704 2474 767 Τίς
2501 702 2653 756 τοῦτό
2693 702 2883 772 φησιν,
2908 700 2990 753 ὅτι
3018 698 3097 769 τῷ
3124 698 3374 768 ἀνάρχως
3400 696 3514 749 om
3552 694 3613 761 ἐξ
3642 695 3768 747 ἐπι-

2175 797 2420 865 κτήσεως
2451 792 2539 846 διὰ
2573 789 2923 864 παραθέσεώς
2948 807 3106 843 τινων
3136 787 3492 860 προσγίνεται
3522 786 3582 839 τδ
3610 785 3769 854 ἁγέν·

2174 902 2372 958 νητοθε
2408 885 2544 939 Οὔτε
2595 887 2628 955 ἡ
2676 884 2838 949 λέξις,
2890 882 3013 936 οὒτε
3058 883 3092 953 ἡ
3137 881 3345 934 διάνοια
3386 880 3485 949 τῆς
3529 878 3770 940 ἀτοπίας

2174 981 2379 1051 ταύτης
2427 980 2486 1031 ἐν
2522 980 2634 1041 τοῖς
2665 976 2957 1048 ἡμετέροις
2983 972 3266 1042 ἐλέγχεται
3304 970 3504 1038 λόγοις.
3563 970 3629 1021 Ἦ
3665 968 3768 1037 μὲν

2175 1072 2285 1145 γὰρ
2332 1070 2505 1136 λέξις,
2555 1068 2753 1138 ἐαυτῆς
2794 1067 2946 1119 ἔσται
2994 1064 3306 1134 συνήγορος,
3356 1059 3510 1113 οὐδὲν
3561 1057 3766 1128 ἔχουσα

2173 1164 2410 1219 τοιοῦτον
2441 1157 2551 1215 οἷον
2599 1161 2718 1215 καθ’
2752 1159 2908 1231 ἡμῶν
2937 1157 3326 1228 προενήνεκται
3351 1170 3364 1183 ·
3412 1152 3517 1221 τῆς
3551 1152 3614 1204 δὲ
3654 1150 3769 1204 τῶν

2176 1255 2481 1327 εἰρημένων
2502 1254 2812 1324 ἐμφάσεως,
2836 1250 2918 1314 τίς
2941 1248 3005 1303 ἂν
3028 1246 3297 1318 ἐξηγητὴς
3320 1244 3769 1313 ἀξιοπιστότερος

2175 1345 2456 1418 νομισθείη
2502 1344 2681 1398 αὐτῶν
2711 1342 2827 1397 τῶν.
2859 1340 3118 1409 πατέρων
3166 1336 3259 1391 τοῦ
3300 1336 3495 1404 λόγου;
3548 1333 3767 1388 Οὐκοῦν

2176 1441 2334 1510 ⁴ἡμεῖς
2364 1437 2688 1505 δικαιότεροι
2722 1429 2899 1502 λέγειν
2931 1449 2983 1484 τι
3014 1429 3260 1501 νοοῦμεν.
3295 1429 3465 1480 Ὅταν
3502 1424 3768 1478 ἐπέκεινα

2174 1530 2282 1583 τῶν
2301 1527 2512 1582 αἰώνων
2534 1528 2629 1598 τὴν
2666 1524 2814 1596 ζωὴν
2842 1523 2930 1577 τοῦ
2957 1521 3091 1576 Θεοῦ
3119 1516 3256 1574 εἷναι
3284 1517 3654 1590 διοριζόμεθα,
3672 1516 3771 1569 λέ-

2175 1638 2342 1692 γομεν
2362 1618 2607 1673 δὲταῦτα
2626 1618 2770 1689 ἆπερ
2793 1619 2850 1670 ὲν
2871 1618 2981 1678 τοῖς
2997 1614 3264 1684 φθάσασιν
3280 1612 3515 1682 εἴρηται.
3545 1609 3766 1672 Ἀλλὰ,

2176 1715 2309 1787 φησί
2331 1754 2346 1778 ,
2387 1710 2493 1779 τῆς
2535 1709 2917 1780 παραθέσεως
2956 1704 3073 1760 τῶν
3107 1706 3334 1760 αίώνων
3385 1705 3497 1757 οὐκ
3539 1702 3766 1768 οὔσης,

2176 1808 2476 1863 ἀδύνατον
2511 1800 2663 1858 εἶναι
2700 1801 2766 1855 τὸ
2807 1800 2875 1854 ἐκ
2913 1800 3130 1865 ταύτης
3168 1796 3250 1862 τῷ
3290 1792 3412 1859 Θεῷ
3437 1792 3771 1861 προστιθέ-

2172 1916 2377 1969 [teram
2413 1891 2833 1969 Προστεθεῖσθαι
2862 1890 2917 1944 δέ
2950 1889 3050 1961 τὴν
3081 1886 3401 1957 ἁγεννησίαν
3434 1885 3599 1953 λέγει.
3639 1884 3768 1935 Δε-

2177 1990 2321 2059 γέτω
2349 1988 2442 2042 καὶ
2471 1987 2601 2058 παρ’
2631 1986 2751 2039 ὅτου
2775 1981 2854 2053 τῷ
2875 1979 2993 2050 Θεῷ
3013 1978 3073 2032 τὸ
3094 1977 3330 2032 τοιοῦτον
3357 1974 3771 2047 προστέθειται.

2178 2081 2241 2133 Εἰ
2278 2079 2374 2151 μέν
2414 2073 2506 2132 οὖν
2544 2077 2673 2147 παρ’
2707 2071 2921 2138 ἐαυτοῦ,
2968 2068 3171 2139 γελοῖος
3217 2069 3284 2121 ἂν
3336 2068 3443 2138 εῖη,
3480 2065 3579 2137 τὴν
3620 2064 3771 2118 ἰδίαν

2177 2171 2362 2227 ἄνοιαν
2404 2167 2649 2239 ἐγκαλῶν
2687 2169 2804 2230 τοῖς
2838 2162 3126 2236 ἡμετέροις
3165 2160 3378 2230 λόγοις·
3429 2161 3479 2212 εί
3524 2158 3584 2211 δὲ
3617 2155 3764 2227 παρ’

2176 2262 2358 2335 ἡμῶν,
2399 2256 2771 2328 ὑπαναγνιίηω
2809 2255 2907 2327 τὴν
2950 2253 3114 2320 λέξιν,
3160 2252 3253 2306 καὶ
3293 2252 3394 2322 τὴν
3422 2248 3777 2322 κατηγορίαν

2175 2350 2457 2424 δεξόμεθα.

2260 2445 2420 2501 Ἀλλὰ
2459 2443 2837 2517 παραδραμεῖν
2876 2438 3029 2513 οἶμαι
3079 2437 3277 2512 χρῆναι
3320 2437 3414 2491 καὶ
3462 2433 3635 2490 ταῦτα
3663 2436 3780 2488 καὶ

2176 2540 2277 2594 ὅσα
2303 2539 2506 2592 τούτων
2548 2536 2688 2591 κατὰ
2720 2533 2779 2589 τὸ
2818 2531 3103 2589 ἀκόλουθον
3138 2529 3338 2599 ἔχεται.
3380 2526 3611 2581 Παιδίων
3647 2525 3783 2597 γὰρ

2177 2626 2435 2700 ἄντικρύς
2468 2626 2614 2678 ἐστιν
2659 2622 2947 2694 ἀθύρματα
2988 2616 3333 2679 κατασκευάς
3374 2631 3523 2676 τινας
3564 2613 3787 2666 οἰκοδο-

2181 2720 2450 2792 μημάτων
2483 2719 2539 2773 ἐν
2580 2716 2792 2788 ψάμμῳ
2826 2712 3187 2768 διατιθέντων.
3229 2708 3447 2772 Συνθεὶς
3490 2707 3601 2778 γάρ
3639 2723 3789 2760 τινα

2179 2812 2351 2865 κώλου
2388 2809 2651 2880 περίοδον,
2684 2808 2778 2861 καὶ
2832 2806 2982 2876 μόλις
3020 2804 3113 2858 ἐπὶ
3151 2802 3207 2855 τὸ
3252 2801 3422 2873 πέρας
3451 2797 3788 2863 διεξελθὼν,

2178 2904 2273 2975 τὴν
2309 2902 2476 2974 αὐτὴν
2514 2900 2656 2973 ζωὴν
2701 2897 3076 2975 ἀποδείκνυσιν
3116 2893 3348 2965 ἄναρχόν
3389 2909 3449 2946 τε
3496 2886 3640 2943 εἶναι
3671 2891 3791 2943 καὶ

2179 2970 2552 3065 ἀτελεύτητον,
2585 2970 2857 3063 ἡμετέραν
2890 2970 3054 3060 εύχὴν
3100 2985 3323 3058 πληρῶν
3349 2987 3405 3038 ἐν
3442 2987 3507 3054 τῇ
3534 2982 3789 3054 τοιαύτῃ

2182 3088 2404 3159 σπουδῇ.
2441 3086 2573 3140 osse
2604 3087 2712 3154 γὰρ
2747 3084 2874 3155 παρ’
2906 3081 3062 3153 ἡμῶν
3104 3079 3233 3134 ἄλλο
3275 3066 3328 3130 τι
3363 3077 3581 3145 λέγεται
3611 3074 3651 3146 ἢ
3692 3076 3793 3130 ὅτι

2186 3185 2282 3255 μία
2311 3180 2425 3237 ἐστὶ
2453 3180 2546 3235 καὶ
2574 3178 2801 3247 συνεχὴς
2834 3175 2973 3247 αὑτὴ
3006 3170 3140 3245 πρὸς
3177 3171 3375 3242 ἑαυτὴν
3404 3172 3437 3240 ἡ
3469 3167 3593 3221 θεία
3625 3168 3789 3239 ζωὴ,

2180 3274 2400 3346 ἄπειρός
2431 3289 2490 3325 τε
2520 3270 2612 3325 καὶ
2645 3268 2834 3333 ἀΐδιος,
2872 3266 2968 3319 καὶ
3001 3262 3295 3334 οὐδαμόθεν
3344 3259 3515 3316 οὐδενὶ
3562 3257 3787 3328 πέρατι

2178 3364 2491 3439 κωλυομένη
2525 3362 2659 3434 πρὸς
2688 3360 2749 3414 τὸ
2775 3347 3043 3432 ἀόριστον.
3087 3356 3266 3427 Μέχρι
3317 3353 3518 3407 τούτων
3548 3352 3578 3404 ὁ
3603 3351 3788 3420 λογο-

2178 3460 2386 3530 γράφος
2437 3457 2565 3518 τοὺς
2616 3450 2810 3506 ἐαυτοῦ
2858 3451 3053 3513 πόνους
3107 3447 3198 3502 καὶ
3239 3445 3366 3509 τοὺς
3424 3443 3662 3514 ἱδρῶτας
3713 3445 3790 3515 τῇ

2179 3553 2298 3606 καθ’
2338 3550 2484 3621 ἡμᾶς
2531 3545 2757 3616 ἀληθείᾳ
2813 3539 3128 3614 χαρίζεται,
3181 3537 3395 3599 δεικνὺς
3436 3534 3537 3604 τὴν
3596 3533 3793 3605 αὐτὴν

2180 3641 2324 3713 ζωὴν
2349 3639 2466 3695 κατ’
2494 3636 2770 3707 οὐδέτερον
2804 3632 2965 3704 μέρος
2999 3628 3429 3702 πέρατουμένην,
3455 3624 3583 3678 οὔτε
3621 3626 3682 3677 εἰ
3721 3624 3791 3678 τὸ

2180 3711 2290 3805 πρό
2316 3732 2525 3788 αἰώνων
2562 3746 2647 3797 τις
2691 3724 2950 3791 ἐξετάζει,
2983 3721 3104 3776 οὔτε
3140 3722 3188 3774 εί
3220 3719 3279 3772 τὸ
3315 3715 3451 3789 μετὰ
3475 3714 3640 3767 τοῦτο
3684 3714 3786 3767 λο-

2180 3824 2401 3895 γίζοιτο.
2444 3822 2580 3876 Ἀλλ’
2612 3823 2668 3876 ἐν
2709 3820 2820 3883 τοῖς
2860 3814 3056 3885 ἐφεξῆς
3088 3812 3247 3867 πάλιν
3298 3809 3432 3881 πρὸς
3478 3805 3582 3878 τὴν
3631 3805 3786 3859 ἰδίαν

2180 3916 2540 3987 ἐπανέρχεται
2588 3909 2866 3983 σύγχυσιν.
2908 3905 3092 3962 Εἰπὼν
3137 3903 3246 3976 γὰρ
3284 3902 3381 3973 τὴν
3418 3899 3589 3970 αὐτὴν
3630 3895 3784 3952 εἶναι

2182 4010 2324 4083 ζωὴν
2355 4006 2588 4079 ἄναρχόν
2610 4023 2666 4061 τε
2694 4004 2786 4060 καὶ
2810 3999 3184 4070 ἀτελεύτητον,
3213 3995 3369 4064 ἀφεὶς
3392 3994 3481 4046 τὸν
3507 3991 3641 4063 περὶ
3664 3992 3783 4083 ,τῆς

2183 4082 2327 4173 ζωῆς
2354 4100 2532 4170 λόγον,
2575 4098 2672 4163 τὰς
2707 4091 3177 4163 ἐπιθεωρουμένας
3214 4085 3506 4156 ὑπολήψεις
3551 4086 3618 4153 τῇ
3650 4082 3787 4154 θείᾳ

2183 4191 2297 4265 ζωῇ
2347 4193 2427 4255 εἰς
2475 4190 2602 4263 μίαν
2653 4187 2751 4247 τὰς
2803 4185 2983 4248 πάσας
3027 4182 3232 4235 ἔννοιαν
3280 4175 3568 4242 συντάξας,
3604 4173 3673 4225 ἓν
3712 4173 3789 4227 τὰ

2183 4287 2363 4340 πάντα
2394 4282 2668 4352 ἐποίησεν.
2696 4281 2761 4333 Et
2793 4276 2905 4348 γὰρ
2936 4276 2974 4341 ἡ
3009 4273 3141 4341 ζωὴ,
3174 4271 3355 4341 φησὶν,
3393 4266 3669 4337 ἇτ-ἀρχὸς
3720 4283 3791 4320 τε

2182 4378 2281 4434 καὶ
2312 4376 2705 4441 ἀτελεύτητος
2732 4370 2828 4426 καὶ
2863 4365 3161 4438 ἄφθαρτός
3192 4366 3323 4419 ἐστι
3372 4360 3468 4415 καί
3509 4358 3791 4429 ἀγέννη-

2186 4486 2307 4534 τος,
2339 4465 2558 4520 ταύτὸν
2583 4463 2659 4518 ἂν
2685 4463 2780 4530 εἵη
2813 4459 2894 4526 τῷ
2919 4456 3226 4529 ἀγεννήτῳ
3248 4456 3285 4523 ἡ
3309 4451 3636 4523 ἁρθαρσία,
3680 4451 3791 4503 και

505 4543 643 4614 quod
670 4543 915 4612 principii
933 4551 1011 4598 est
1037 4560 1220 4599 exsors
1252 4560 1370 4597 cum
1398 4561 1457 4598 eo
1478 4544 1617 4615 quod
1648 4544 1805 4612 liuent
1836 4552 1883 4597 et
1898 4543 2078 4596 termi-

2186 4557 2266 4625 τῷ
2299 4553 2669 4619 ἀτελευτήτῳ
2704 4552 2770 4606 τὸ
2819 4550 3103 4618 ἄναρχον.
3135 4546 3245 4600 Καὶ
3282 4540 3603 4617 προστίθησι
3657 4541 3795 4595 τού-

507 4630 633 4690 ηιιίιι
665 4652 766 4689 non
790 4635 960 4690 habet.
998 4635 1176 4706 Atque
1208 4635 1293 4690 bis
1319 4635 1506 4705 adjicit
1535 4651 1600 4691 ex
1647 4634 2076 4691 ratiocinationi-

506 4725 611 4781 bus
641 4726 923 4784 auxilium.
958 4726 1081 4780 Non
1108 4727 1247 4782 enim
1275 4727 1394 4796 ﬁeri
1425 4735 1612 4793 potest,
1661 4736 1717 4779 ut
1748 4743 1854 4779 una
1873 4725 2081 4796 quidem

422 4820 431 4831 ‘
506 4818 579 4872 sit
604 4819 731 4882 vita,
758 4817 1172 4886 incorruptibilis
1204 4835 1320 4874 vero
1351 4819 1488 4874 ratio
1517 4836 1621 4873 non
1647 4819 1716 4872 sit
1748 4816 1929 4871 eadem
1964 4833 2084 4871 cum

508 4909 714 4964 ratione
745 4910 960 4980 ingeniti
980 4926 999 4965 :
1016 4911 1270 4980 praeclare
1295 4911 1382 4966 bic
1406 4926 1703 4982 generosus
1730 4908 1898 4964 addit.
1922 4908 2085 4964 Putat

508 5008 690 5057 autem
717 5016 896 5071 neque
943 5000 1172 5071 justitia:
1229 5002 1495 5058 rationem
1536 5003 1805 5057 diversam
1860 5015 1984 5056 esse
2012 5000 2083 5056 ab

511 5093 598 5150 bis
621 5108 743 5165 quae
769 5092 913 5148 dicta
940 5097 1091 5158 sunt,
1132 5094 1417 5159 exsistere.
1468 5109 1643 5166 neque
1686 5092 1969 5163 sapientia:
1997 5108 2086 5147 ra-

509 5190 716 5245 tionem
769 5195 825 5243 et
855 5187 1108 5258 potentiae
1138 5198 1193 5243 et
1225 5186 1505 5252 bonitatis,
1547 5194 1604 5240 at
1651 5185 2086 5255 uniuscujusque

509 5281 795 5336 nominum
831 5293 953 5350 qua:
986 5277 1095 5336 Deo
1138 5278 1337 5334 decore
1383 5285 1710 5350 congruunt.
1746 5275 1902 5332 Nulla
1948 5292 2085 5347 quo-

510 5388 616 5443 que
639 5376 711 5430 sit
746 5375 887 5429 ratio
910 5389 1032 5444 qua:
1058 5372 1405 5445 peculiariter
1429 5381 1483 5428 et
1506 5373 1799 5443 separatim
1824 5372 2086 5444 intelliga-

512 5473 622 5530 tur,
646 5467 741 5523 sed
782 5468 837 5522 in
871 5469 1020 5523 omni
1067 5469 1348 5524 nominum
1380 5468 1700 5524 recensione
1763 5483 1929 5522 unum
1962 5469 2084 5524 ευι».

506 5556 728 5627 jiciatur
763 5559 909 5629 quod
951 5560 1323 5631 signiﬁcatur;
1350 5568 1512 5630 atque
1540 5576 1645 5615 una
1699 5559 2085 5631 descriptionis

510 5649 653 5705 ratio
684 5649 753 5704 de
785 5665 1113 5722 unoquoque
1141 5668 1331 5708 eorum
1362 5668 1484 5723 quae
1508 5652 1787 5716 dicuntur,
1813 5650 2088 5708 deﬁnitio-

513 5757 640 5797 nem
670 5741 905 5811 expleat.
949 5742 1016 5796 Et
1038 5744 1085 5798 si
1114 5744 1486 5814 interrogatus
1522 5744 1690 5802 fueris
1710 5743 1985 5815 quodnam
2018 5745 2089 5801 sit

510 5830 711 5906 iudicis
768 5830 1169 5901 signiﬁcatum,
1210 5833 1715 5903 interpretationem
1763 5834 1861 5906 τῆς
1924 5834 2086 5904 ἀγεν-

2187 4666 2301 4712 τοις
2326 4646 2422 4719 τὴν
2453 4647 2516 4700 ἐκ
2541 4645 2648 4699 τῶν
2678 4640 2951 4711 λογισμῶν
2972 4636 3308 4709 συμμαχίαν.
3339 4635 3420 4688 Οὐ
3453 4632 3568 4701 γὰρ
3591 4630 3797 4687 Bura.

2186 4741 2313 4811 τὸν,
2342 4739 2496 4809 φησὶ,
2536 4737 2649 4805 τὴν
2683 4735 2801 4805 μὲν
2830 4732 2982 4802 ζωὴν
3013 4726 3166 4786 εἶναι
3209 4728 3373 4797 μίαν,
3408 4721 3515 4777 τὸν
3546 4721 3632 4811 δὲ
3675 4724 3794 4778 τοῦ

2188 4810 2489 4897 ἀφθάρτου
2514 4825 2699 4896 ,λόγον
2719 4822 2805 4894 μὴ
2835 4824 2942 4876 τὸν
2972 4819 3157 4875 αὐτὸν
3178 4812 3329 4870 εἶναι
3354 4811 3433 4878 τῷ
3460 4810 3569 4865 τοῦ
3596 4812 3794 4882 ἀτεν-

2188 4917 2376 4987 νήτου
2413 4911 2812 4986 λόγῳ,’καλῶς
2847 4913 2876 4965 ὁ
2919 4912 3163 4981 γενναῖος
3207 4903 3577 4979 προστίθησιν.
3614 4904 3791 4955 Δοκεῖ

2189 5010 2246 5064 δὲ
2287 5007 2417 5079 μηδέ
2443 5006 2533 5060 τὸν
2570 5009 2668 5076 τῆς
2706 5002 3048 5072 δικαιοσύνης
3092 5000 3247 5068 λόγον
3278 4996 3462 5067 ἕτερον
3510 4993 3673 5063 παρά
3716 4993 3787 5046 τὲ

2191 5100 2451 5172 εἰρημένα
2471 5097 2775 5168 τυγχάνειν,
2808 5093 2943 5165 μηδέ
2968 5091 3059 5147 τὸν
3081 5092 3179 5160 τῆς
3209 5087 3397 5158 σοφίας
3426 5084 3523 5139 καὶ
3550 5084 3650 5138 τὸν
3682 5087 3785 5155 τῆς

2189 5191 2470 5263 δυνάμεως
2495 5188 2588 5243 καὶ
2619 5188 2708 5242 τὸν
2739 5186 2840 5257 τῆς
2888 5183 3238 5254 ἀγαθότητος,
3271 5178 3367 5233 καὶ
3398 5176 3635 5235 ἑκάστου
3668 5176 3783 5230 τῶν

2191 5279 2506 5353 θεοπρεπῶν
2542 5279 2837 5349 ὀνομάτων.
2871 5274 2980 5329 Καὶ
3015 5272 3202 5345 μηδεὶς
3252 5270 3391 5323 ἔστω
3425 5268 3583 5337 λόγος
3632 5266 3783 5319 κατὰ

2190 5375 2252 5428 τὸ
2300 5372 2496 5436 ἰδιάζον
2535 5369 2840 5441 νοούμενος,
2887 5366 3001 5422 ἀλλ’
3049 5365 3140 5418 ἐπὶ
3178 5360 3344 5415 παντὶ
3374 5359 3451 5431 τῷ
3486 5358 3779 5429 καταλόγῳ

2190 5466 2298 5520 τῶν
2323 5464 2617 5536 ὀνομάτων,
2648 5462 2705 5515 ἓν
2741 5457 3044 5515 ὑποκείσθω
3085 5456 3145 5510 ce
3193 5453 3589 5525 σημαινόμενον
3610 5467 3629 5481 ’
3684 5451 3779 5504 καὶ

2192 5553 2272 5624 εἷς
2302 5556 2622 5630 ὑπογραφῆς
2659 5555 2813 5623 λόγος
2857 5552 2947 5606 τὸν
2988 5550 3115 5622 περὶ
3142 5548 3371 5602 ἑκάστου
3403 5544 3509 5598 τῶν
3538 5543 3776 5613 λεγομέ-

2192 5669 2297 5706 νων
2329 5650 2449 5722 ὃρον
2472 5646 2883 5720 ἀποπληρούτω.
2910 5644 3030 5699 Κᾶν
3060 5640 3340 5714 ἐρωτηθῇς
3375 5638 3435 5691 τὸ
3456 5636 3553 5689 τοῦ
3579 5633 3773 5704 κριτοῦ

2196 5739 2608 5813 σημαινόμενον,
2648 5736 2745 5808 τὴν
2782 5736 2874 5808 τῆς
2926 5731 3249 5803 ἁγεννησίας
3296 5726 3591 5800 ἑρμηνείαν
3637 5724 3771 5778 ἀπό-

2196 5850 2398 5906 κριναι.
2432 5830 2550 5887 Κᾶν
2580 5829 2678 5902 τῆς
2712 5824 3052 5898 δικαιοσύνης
3089 5822 3184 5897 δέῃ
3233 5820 3328 5876 τὸν
3370 5816 3597 5892 ὁρισμὸν
3642 5816 3774 5870 ἁπο-
