4010 6212
286 383 432 442 1069

1383 385 1662 444 CONTRA
1695 388 2063 449 EUNOMIUM
2095 434 2111 459 ,
2145 392 2273 450 LIB.
2311 392 2423 450 ΧΠ.

3414 394 3554 451 H70

278 498 488 564 δοῦναι,
516 496 578 552 τὸ
605 496 896 569 ἀσώματόν
927 516 1011 555 σοι
1038 499 1325 575 πρόχειρον
1354 504 1433 568 είς
1455 505 1552 577 τὴν
1580 506 1854 577 ἀπόκρισις

1975 511 2189 579 νησίας,
2218 510 2269 566 id
2302 517 2410 575 est,
2450 506 2677 579 ingeniti
2710 506 2961 573 rationis,
2989 505 3279 578 responde.
3307 504 3372 561 Et
3398 510 3444 563 si
3465 508 3556 578 jn-

278 592 441 646 ἔστω.
470 590 534 644 Τί
565 590 621 643 δὲ
643 591 899 661 σημαίνει
923 593 956 663 ἡ
998 591 1297 665 ἁφθαρσία,
1324 595 1459 666 ὅπερ
1488 597 1521 667 ή
1560 595 1651 650 τοῦ
1681 596 1864 661 ἐλέους

278 684 496 745 πάντως
530 682 694 753 ἐρεῖς,
719 681 752 751 ἢ
780 684 813 753 ἠ
840 683 938 753 τῆς
960 683 1193 754 κρίσεως
1226 686 1469 757 σημασία
1505 688 1860 761 παρίστησιν·

275 773 420 827 οὕτω
458 774 553 826 καὶ
579 774 647 826 τά
690 773 811 826 καθ’
842 774 1069 828 ἕκαστον
1117 777 1293 830 πάντα
1322 778 1667 850 προσάλληλα
1702 797 1865 851 μετα-

276 867 545 937 χωρείτω,
602 866 874 936 μηδεμιᾶς
922 865 1226 939 ίδιαζούσης
1257 871 1543 940 ἐμφάσεως
1582 870 1641 924 τὸ
1681 872 1864 943 ἕτερον
1896 865 1903 871 ’

274 956 371 1009 τοῦ
397 957 587 1027 ἑτέρου
613 956 1051 1028 διαστελλούσης.
1087 956 1189 1011 Καὶ
1227 961 1275 1013 εἰ
1323 961 1495 1015 ταῦτα
1528 961 1806 1032 νομοθετεῖ
1836 963 1865 1015 ό

276 1048 561 1116 Εὑνὸμιος,
592 1046 643 1101 τί
674 1048 851 1117 μάτην
876 1048 930 1101 αἱ
960 1048 1174 1119 Γραφαὶ
1205 1050 1572 1124 πολυωνύμως
1590 1053 1686 1124 τὴν
1715 1053 1864 1110 θείαν

276 1138 440 1207 φύσιν
486 1138 845 1192 ἀνακαλοῦσιν
892 1139 1058 1204 Θεὸν,
1106 1142 1320 1215 κριτὴν,
1358 1143 1584 1207 δίκαιον,
1624 1146 1860 1218 ἰσχυρὸν,

278 1232 650 1303 μακρόθυμον,
698 1232 971 1304 ἀληθινὸν,
1020 1234 1309 1306 ἐλεήμονα,
1357 1237 1449 1290 καὶ
1506 1236 1640 1292 ἄλλα
1694 1239 1863 1294 πολλὰ

273 1324 500 1377 τοιαῦτα
545 1322 1046 1393 κατονομάζουσαι;
1081 1327 1143 1380 Εἰ
1190 1326 1299 1401 γὰρ
1330 1328 1480 1382 οὐδὲν
1523 1329 1631 1383 τῶν
1669 1330 1864 1401 ὀνομά-

273 1433 384 1469 των
428 1414 520 1469 ἐπί
563 1432 707 1478 τινος
756 1415 1062 1489 ίδιαζούσης
1110 1420 1317 1484 ἐννοίας
1362 1421 1860 1492 καταλαμϐάνεται,

274 1504 453 1558 πάντα
476 1505 532 1558 δὲ
553 1505 801 1576 ἀλλήλοις
819 1505 907 1558 διὰ
930 1506 1030 1577 τῆς
1059 1508 1201 1563 κατὰ
1227 1510 1287 1563 τὸ
1312 1512 1705 1582 σημαινόμενον
1734 1528 1864 1581 συγ-

273 1595 487 1666 χύσεως
524 1597 924 1670 ἁναπὲφυρται,
974 1601 1201 1670 μάταιον
1243 1600 1309 1655 ἂν
1359 1602 1445 1673 είη
1501 1603 1721 1667 πολλαῖς
1770 1603 1864 1657 ἐπὶ

271 1686 367 1740 τοῦ
394 1688 557 1742 αὑτοῦ
586 1691 704 1752 ταῖς
742 1690 1078 1761 ἐπωνυμίαις
1109 1691 1432 1763 κεχρῆσθαι,
1470 1694 1738 1764 μηδεμιᾶς
1761 1694 1863 1765 τῆς

271 1779 417 1833 κατὰ
457 1780 517 1833 τὸ
572 1781 966 1852 σημαινόμενον
1027 1783 1291 1854 διαφορᾶς
1350 1785 1447 1839 ἀπ’
1500 1785 1743 1856 ἀλλήλων
1793 1785 1861 1839 τά

1967 604 2129 660 stitia:
2174 602 2545 657 deﬁnitionem
2603 609 2655 655 te
2680 598 2908 654 reddere
2954 604 3226 669 oporteat,
3276 597 3429 668 quod
3465 606 3555 656 cst

1965 696 2347 765 incorporeum
2415 676 2618 745 tibi/sit
2661 690 2715 744 in
2743 697 2993 760 promptu
3019 687 3087 742 ad
3112 688 3550 758 responsionem.

1966 784 2105 851 Quid
2138 792 2317 865 autem
2340 782 2608 853 signiticet
2635 779 3143 849 incorruptibilitas,
3188 779 3333 850 quod
3380 779 3550 834 mise-

1963 877 2216 933 ricordiae
2238 877 2459 932 omnino
2485 875 2655 936 dices,
2681 872 2965 941 veljudicii
2987 869 3315 942 significatio
3340 884 3541 941 reprae-

1966 976 2195 1024 sentat:
2260 968 2341 1023 sic
2378 974 2431 1021 et
2457 966 2671 1036 singula
2722 964 2903 1018 omnia
2964 962 3105 1016 inter
3160 976 3220 1017 se
3251 974 3532 1030 percurre,

1966 1059 2115 1113 nulla
2161 1058 2380 1128 propria
2409 1065 2468 1111 ει·
2487 1037 2752 1126 peculiari
2798 1053 3197 1124 significatione
3228 1051 3451 1106 alteram
3482 1051 3552 1106 ab

1965 1151 2137 1205 aitero
2196 1149 2588 1219 distinguente.
2656 1147 2719 1200 Et
2752 1145 2797 1201 si
2834 1145 2949 1199 lucc
3004 1144 3197 1198 statuit
3225 1141 3550 1206 Ennomius,

1964 1239 2095 1311 quid
2120 1240 2326 1294 frustra
2383 1238 2680 1307 Scripturae
2728 1237 2917 1291 multis
2971 1236 3288 1291 nominibus
3312 1234 3551 1288 divinam

1965 1340 2218 1386 naturam
2244 1338 2465 1396 vocant,
2498 1329 2690 1391 Deum,
2719 1328 2983 1398 judicem,
3036 1328 3269 1398 justum,
3327 1324 3548 1388 fortem,

1962 1423 2351 1493 longanimcm,
2389 1435 2597 1484 verum,
2629 1419 3063 1482 misericordem,
3096 1410 3330 1488 aliisque
3364 1416 3552 1471 multis

1962 1513 2233 1584 ejusmodi
2279 1512 2597 1567 nominibus
2632 1509 3009 1581 appellantes?
3060 1508 3119 1563 Si
3150 1509 3297 1564 enim
3333 1508 3549 1562 nullum

1963 1606 2159 1661 horum
2188 1605 2469 1660 nominum
2488 1605 2541 1657 in
2565 1603 2745 1673 aliqua
2766 1602 3006 1673 propria,
3031 1608 3086 1656 et
3109 1600 3178 1655 ab
3198 1599 3323 1654 aliis
3340 1605 3553 1654 secreta

1962 1696 2157 1753 notitia
2217 1694 2725 1765 comprehenditur,
2776 1694 2872 1750 sed
2907 1692 3091 1748 omnia
3143 1692 3290 1747 inter
3355 1704 3417 1746 se
3452 1704 3550 1760 per

1964 1788 2393 1859 signiﬁcatorum
2415 1785 2791 1840 confusionem
2818 1784 3077 1854 permista
3106 1791 3236 1839 sunt
3254 1788 3309 1837 et
3328 1787 3552 1836 contur~

272 1869 516 1941 ὀνόματα
564 1872 997 1949 διαστελλούσης.
1030 1878 1126 1942 Τίς
1172 1877 1518 1949 ἀπόπληκτος
1569 1879 1742 1943 οὕτως
1776 1880 1853 1944 ὡς

1959 1886 2104 1949 bata,
2131 1895 2329 1935 vanum
2355 1876 2520 1932 fuerit
2546 1876 2736 1931 multis
2758 1876 2811 1929 in
2835 1875 3027 1930 eodem
3055 1874 3134 1927 uti
3168 1872 3552 1944 appellationi-

270 1962 509 2029 ἀγνοεῖν,
531 1963 612 2017 ὅτι
638 1966 671 2035 ἡ
708 1967 806 2037 μὲν
848 1968 968 2023 θεία
1009 1970 1188 2038 φύσις,
1211 1971 1239 2024 ὃ
1258 1970 1310 2023 τί
1340 1988 1470 2024 ποτε
1512 1971 1633 2025 κατ’
1663 1972 1851 2026 ούσίαν

268 2052 411 2113 ἐστὶ,
447 2053 543 2124 μία
571 2057 736 2123 ἐστὶν,
769 2058 916 2128 ἁπλῆ
945 2077 1028 2125 τις
1062 2060 1154 2114 καὶ
1189 2061 1463 2132 μονοειδὴς
1506 2061 1600 2116 καὶ
1628 2062 1852 2117 ἀσύνθε-

267 2161 384 2207 τος,
413 2146 506 2199 καὶ
535 2151 655 2202 κατ’
685 2152 875 2206 οὐδένα
912 2153 1133 2223 τρόπον,
1158 2154 1216 2206 ὲν
1240 2153 1455 2226 ποικίλη
1478 2154 1581 2208 τινὶ
1604 2154 1851 2208 συνθέσει

268 2231 710 2310 θεωρουμένηοή
750 2241 806 2295 δὲ
843 2242 1156 2316 ἀνθρωπίνη
1203 2243 1347 2315 ψυχὴ
1387 2244 1559 2316 χαμαὶ
1600 2246 1849 2317 κειμένη»

267 2328 364 2378 καὶ
392 2330 448 2379 ὲν
473 2329 550 2399 τῷ
578 2331 750 2404 γηΐνῳ
774 2332 946 2405 τούτῳ
988 2334 1086 2405 βίῳ
1132 2335 1590 2407 κατορωρυγμένη
1611 2375 1626 2399 ,
1666 2336 1742 2405 τῷ
1777 2336 1850 2407 μὴ

264 2416 530 2473 δύνασθαι
557 2423 841 2492 τηλαυγῶς
873 2425 1108 2479 κατιδεῖν
1136 2425 1197 2479 τὺ
1240 2424 1588 2496 ζητούμενον,
1632 2426 1852 2490 πολλαῖς

268 2508 501 2574 ἐννοίαις
526 2512 624 2582 τῆς
646 2512 923 2583 ἁφράστου
952 2515 1164 2585 φύσεως
1188 2515 1539 2589 πολυτρόπως
1575 2516 1667 2570 καὶ
1694 2518 1853 2571 πολυ-

271 2600 458 2669 μερῶς
494 2603 834 2674 ἐπορέγεται.
869 2607 931 2659 οὐ
966 2606 1108 2661 κατὰ
1142 2607 1239 2681 τὴν
1282 2606 1408 2679 μίαν
1457 2608 1577 2661 τινὰ
1618 2607 1854 2663 διάνοιαν

264 2689 333 2741 τὸ
357 2693 737 2763 κεκρυμμένον
766 2695 1091 2767 θηρεύουσα.
1122 2691 1200 2750 Ἦ
1226 2697 1333 2769 γὰρ
1361 2697 1429 2751 ἂν
1456 2695 1674 2761 εὔκολος
1710 2694 1778 2769 ἦν
1818 2700 1852 2769 ή

266 2783 594 2855 κατάληψις,
625 2787 673 2840 εί
709 2787 806 2857 μία
854 2806 936 2853 τις
977 2790 1108 2860 ἡμῖν
1152 2787 1337 2858 ἔφοδος
1376 2788 1512 2860 πρὸς
1555 2788 1672 2860 τὴν·
1705 2790 1852 2843 Θείαν

264 2872 603 2947 ἀπεκέκριτο
631 2878 850 2945 γνῶσιν.
893 2879 1028 2933 Νυνὶ
1053 2880 1109 2934 δὲ
1145 2879 1233 2934 διὰ
1272 2879 1371 2950 μὲν
1397 2880 1496 2951 τῆς
1523 2861 1854 2953 ἐμφαινομέ-

266 2980 370 3033 νης
404 2964 481 3036 τῷ
521 2968 683 3021 παντὶ
723 2970 933 3037 σοφίας,
980 2970 1142 3040 σοφὸν
1187 2966 1325 3026 εἶναι
1367 2971 1457 3024 τὸν
1508 2972 1602 3045 τοῦ
1655 2974 1853 3038 παντὸς

263 3053 665 3111 ἐπιστατοῦντα
698 3060 1017 3132 ὲνοήσαμεν.
1060 3060 1160 3115 Διὰ
1195 3061 1251 3115 δὲ
1293 3062 1391 3131 τῆς
1421 3062 1531 3114 τῶν
1560 3062 1853 3135 θαυμάτων

266 3147 693 3221 μεγαλουργίας,
722 3151 1004 3223 δυνάμεως
1050 3153 1286 3224 ἔμφασιν
1328 3153 1643 3225 ἐδεξάμεθα.
1683 3155 1757 3208 Τὸ
1797 3156 1854 3210 δὲ

1956 1974 2081 2036 bus,
2113 1973 2159 2029 si
2194 1971 2343 2027 nulla
2408 1968 2709 2025 secundum
2762 1964 3127 2037 signiﬁcatum
3174 1962 3478 2018 dill‘erentia
3517 1977 3550 2017 a

1958 2081 2018 2121 se
2044 2064 2346 2133 distinguat
2380 2060 2629 2115 nomina.
2660 2057 2797 2124 Quis
2832 2058 2906 2110 ita
2956 2055 3213 2126 stupidus
3257 2060 3314 2109 et
3344 2053 3548 2108 attoni-

1957 2164 2071 2220 tus,
2111 2162 2173 2210 ιιι
2207 2155 2443 2224 ignoret,
2491 2149 2637 2222 quod
2675 2148 2859 2204 divina
2882 2146 3100 2219 quidem
3130 2154 3323 2202 natura
3351 2159 3551 2201 secun-

1958 2247 2087 2302 dum
2117 2245 2417 2302 essentiam
2446 2242 2710 2314 quidquid
2740 2247 2846 2304 est,
2873 2254 2979 2294 una
3013 2246 3119 2303 est,
3148 2236 3379 2308 simplex
3399 2251 3549 2307 quae-

1959 2338 2084 2394 dam
2139 2344 2194 2393 et
2224 2334 2533 2398 uniformis,
2593 2341 2646 2388 et
2686 2330 3074 2402 incomposita,
3140 2337 3196 2383 et
3245 2342 3369 2399 (ιιιεε
3395 2326 3546 2382 nullo

1959 2429 2121 2486 modo
2148 2430 2205 2484 in
2231 2428 2412 2497 aliqua
2433 2424 2585 2480 varia
2606 2422 2958 2479 concretione
2982 2428 3272 2487 cernatur,
3297 2418 3546 2474 humana

1960 2530 2139 2578 autem
2172 2518 2354 2574 anima
2406 2514 2558 2570 humi
2609 2514 2799 2585 iacens
2832 2524 2885 2569 et
2916 2514 3018 2567 hac
3047 2520 3267 2568 terrena
3301 2511 3414 2566 vita
3446 2511 3548 2566 ob-

1959 2621 2106 2676 ruta,
2137 2611 2264 2681 quia
2293 2625 2401 2666 non
2428 2609 2604 2681 possit
2630 2606 2778 2680 quod
2804 2604 3066 2676 quaeritur
3118 2604 3267 2659 clare
3318 2610 3375 2657 et
3405 2602 3548 2657 dilu-

1959 2703 2081 2760 cide
2119 2702 2449 2773 perspicere,
2481 2700 2673 2756 multis
2707 2698 2919 2755 notitiis
2942 2695 3268 2752 inetTabilem
3293 2701 3547 2749 naturam

1961 2793 2147 2848 multis
2177 2791 2355 2847 modis
2391 2799 2446 2846 ει
2479 2790 2839 2845 multifariam
2889 2788 3113 2859 expetit,
3161 2801 3272 2842 non
3308 2800 3417 2842 una
3446 2783 3549 2841 ali-

1959 2900 2067 2955 qua
2125 2883 2510 2953 intelligentia,
2572 2882 2718 2953 quod
2780 2881 3100 2936 abstrusum
3159 2887 3266 2944 est,
3312 2890 3543 2934 venans.

1959 2975 2093 3030 Nam
2125 2990 2258 3031 sane
2283 2973 2463 3031 facilis
2501 2981 2650 3031 esset
2679 2970 3131 3043 comprehensio,
3178 2971 3225 3026 si
3254 2983 3399 3025 unus
3421 2966 3547 3039 qui-

1959 3065 2083 3120 dam
2117 3065 2275 3121 nobis
2304 3064 2372 3119 ad
2406 3063 2648 3120 divinam
2675 3060 3064 3134 cogitationem
3095 3059 3275 3116 aditus
3296 3067 3546 3115 secretus

1959 3164 2128 3211 esset.
2188 3155 2348 3210 Nunc
2403 3161 2587 3209 autem
2646 3168 2744 3223 per
2775 3159 3128 3223 apparentem
3178 3150 3235 3206 in
3287 3147 3548 3207 universa

264 3215 332 3304 ἐξ
365 3215 573 3297 ἐκείνου
621 3244 683 3297 τὸ
729 3247 837 3299 πᾶν
857 3215 1097 3317 saneea;
1135 3215 1551 3311 πιστεύεινξτοῦ
1585 3247 1853 3318 μηδεμίαν

1958 3246 2089 3301 orbe
2114 3245 2464 3315 sapientiam,
2497 3242 2553 3298 id
2581 3215 2947 3313 sapiens-esse
2958 3239 3104 3312 quod
3124 3241 3383 3297 universo
3408 3253 3548 3311 pra-

261 3332 435 3387 αύτοῦ
492 3336 589 3406 τῆς
646 3336 933 3410 ὑπάρξεως
997 3337 1174 3393 αἰτίαν
1230 3332 1369 3392 εἶναι
1416 3338 1711 3417 τεκμήριον
1767 3339 1853 3410 γί-

260 3441 418 3482 νεται
425 3466 440 3481 ο

1957 3337 2119 3399 sidet,
2139 3336 2529 3391 intelleximus.
2550 3332 2657 3390 Sed
2677 3348 2773 3405 per
2790 3332 3122 3390 mirabilium
3140 3329 3545 3387 miriticentiam

1959 3426 2218 3500 potentiae
2249 3425 2715 3497 signiﬁcationem
2737 3425 3078 3496 accepimus.
3134 3422 3211 3479 Ex
3229 3422 3328 3480 illo
3360 3431 3547 3479 autem

261 3517 585 3574 universum
612 3520 846 3589 pendere
873 3519 1020 3589 quod
1043 3518 1357 3585 credamus,
1387 3520 1755 3576 certissimum
1782 3519 1840 3576 lit
1872 3528 2279 3592 argumentum,
2316 3518 2524 3574 nullam
2587 3532 2713 3575 esse
2770 3515 2895 3587 ejus
2921 3516 3261 3575 exsistentia:
3288 3530 3543 3581 causam.

336 3608 508 3662 Πάλιν
533 3610 594 3663 τὸ
614 3608 896 3680 βδελυκτδν
922 3610 1020 3677 τῆς
1053 3610 1250 3675 κακίας
1276 3612 1587 3682 νοήσαντες,
1608 3613 1668 3665 τὸ
1690 3612 1854 3667 ἀναλ-

258 3699 486 3754 λοίωτον
526 3700 690 3755 αύτοῦ
710 3701 832 3756 ικαὶ
874 3701 1074 3772 ἀμιγὲς
1104 3702 1242 3774 πρὸς
1270 3702 1467 3757 κακίαν
1503 3702 1854 3775 καταλαμὸά⁶

258 3808 453 3862 νομεν,
479 3794 577 3863 τήν
605 3810 664 3846 τε
691 3792 783 3847 τοῦ
817 3793 1047 3847 θανάτου
1087 3793 1384 3867 διαφθορὰν
1413 3794 1600 3849 κακῶν
1628 3794 1854 3866 ἔσχατον

261 3878 407 3935 εἶναι
450 3883 767 3954 νομίσαντες
792 3924 805 3946 ,
855 3884 1122 3939 ἀθάνατόν
1178 3901 1238 3938 τε
1291 3885 1385 3939 καὶ
1440 3884 1717 3956 ἄφθαρτον
1763 3886 1855 3940 τὸν

260 3972 545 4043 ἀλλότριον
571 3974 768 4037 παντὸς
808 3972 1049 4027 τοιούτου
1089 3974 1360 4046 νοήματος
1388 3975 1770 4046 ὠνομάσαμεν,
1792 3976 1854 4029 ού

256 4064 325 4118 τὺ
354 4065 714 4137 ὑποκείμενον
751 4070 871 4131 ταῖς
912 4067 1142 4131 ἐννοίαις
1166 4062 1402 4131 τταύταις
1451 4064 1854 4139 συνδιασχὶζον-

255 4174 375 4223 τες,
401 4158 516 4212 ἀλλ’
539 4159 637 4212 δτί
668 4177 797 4215 ποτε
833 4162 952 4214 κατ’
984 4161 1168 4215 οὐσίαν
1202 4160 1369 4224 ἐστὶν,
1412 4159 1475 4213 ἒν
1518 4155 1654 4214 εῖναι
1692 4177 1855 4214 πεπι-

260 4247 576 4313 στευκότες,
618 4247 752 4321 πρὸς
792 4248 972 4313 πάσας
1017 4247 1117 4313 τὰς
1158 4247 1410 4312 τοιαύτας
1452 4248 1749 4321 ὑπολήψεις
1794 4252 1856 4303 τὸ

256 4338 455 4408 νοηθὲν
486 4339 697 4404 οίκεέως
732 4339 876 4411 ἔχειν
922 4339 1319 4411 ὑπειλήφαμεν.
1354 4340 1429 4394 Ού
1470 4340 1582 4413 γὰρ
1622 4341 1855 4411 μάχεται

257 4430 403 4501 πρὸς
445 4430 644 4502 ἄλληλα
697 4431 767 4485 τά
806 4432 1045 4502 ὀνόματα
1092 4432 1232 4486 κατὰ
1267 4431 1365 4503 τὴν
1410 4433 1517 4485 τῶν
1559 4431 1851 4487 ἀντιθέτων

2022 3611 2237 3666 Rursus
2259 3609 2726 3665 abominationem
2754 3613 2810 3662 et
2838 3608 3275 3665 exsecrationem
3332 3606 3545 3677 peccati

1954 3718 2082 3758 cum
2119 3702 2636 3765 animadvertimus,
2688 3687 3193 3754 incommutabilem
3228 3696 3349 3767 ejus
3372 3706 3537 3752 natu-

1951 3810 2069 3849 ram
2107 3793 2258 3849 etab
2295 3791 2445 3847 omni
2472 3791 2596 3846 labe
2616 3789 2830 3860 peccati
2858 3796 3162 3859 separatam
3189 3786 3549 3856 comprehen-

1951 3884 2157 3947 dimus,
2195 3892 2250 3939 ct
2309 3883 2510 3938 mortis
2566 3880 2867 3952 perniciem
2918 3878 3188 3934 malorum
3234 3885 3543 3933 extremum

1957 3975 2232 4041 arbitrati,
2284 3973 2650 4030 immortalem
2685 3981 2742 4028 et
2782 3968 3277 4039 incorruptibilem,
3303 3967 3542 4022 alienum

1957 4067 2027 4121 ab
2047 4066 2197 4122 omni
2227 4066 2356 4123 mali
2386 4066 2610 4121 notione
2639 4061 3065 4127 nominavimus,
3097 4074 3209 4115 non
3236 4057 3545 4129 subjectum

1956 4157 2044 4213 his
2065 4159 2276 4214 notitiis
2302 4155 2705 4221 discindentes,
2724 4152 2820 4211 sed
2845 4151 2995 4223 quod
3023 4149 3327 4208 secundum
3346 4163 3545 4207 essen-

1955 4250 2087 4303 tiam
2116 4256 2223 4312 εει,
2260 4263 2429 4304 unum
2460 4262 2584 4304 esse
2611 4245 2924 4314 credentes,
2952 4243 3004 4299 id
3026 4242 3173 4315 quod
3202 4243 3543 4298 intellectum

1955 4349 2062 4405 cst,
2102 4338 2309 4409 aliquid
2337 4338 2547 4410 proprii
2593 4337 2794 4394 habere
2824 4352 2949 4392 cum
2976 4334 3230 4392 omnibus
3262 4334 3413 4391 hisce
3440 4349 3544 4391 no-

1957 4431 2202 4487 tionibus
2236 4430 2699 4489 existimavimus.
2729 4427 2852 4486 Non
2886 4429 3034 4486 enim
3062 4429 3206 4485 inter
3235 4442 3295 4484 sc
3320 4427 3542 4484 nomina

256 4521 447 4590 φύσιν,
470 4521 546 4585 ὡς
582 4523 629 4575 εί
668 4523 729 4576 τὸ
768 4522 826 4577 ἓν
855 4524 1108 4594 ὑπάρχει,
1145 4523 1220 4595 μή
1247 4523 1314 4578 ἂν
1338 4523 1416 4594 τῷ
1447 4523 1594 4595 αὐτῷ
1620 4524 1852 4578 συνθεω-

1958 4530 2222 4593 pugnant,
2281 4520 2588 4579 secundum
2634 4521 3013 4593 oppositorum
3064 4527 3343 4584 naturam,
3400 4525 3460 4574 ut
3493 4519 3542 4580 si

256 4613 497 4685 ρηθῆναι
538 4615 599 4669 τὸ
636 4616 855 4687 ἕτερον’
890 4616 965 4681 ὡς
991 4618 1091 4671 ούκ
1133 4618 1404 4688 ἐνδέχεται
1430 4615 1573 4688 ζωὴν
1599 4616 1715 4688 ἅμα
1756 4617 1850 4671 καὶ

254 4704 491 4759 θάνατον
518 4706 644 4776 περὶ
672 4707 761 4761 τὸν
789 4708 949 4761 αὑτὸν
988 4709 1260 4780 νοηθῆναι,
1290 4707 1427 4763 ἀλλὰ
1451 4708 1673 4781 τοιαύτη
1703 4710 1850 4764 ἐστὶν

253 4797 494 4851 ἑκάστου
537 4798 644 4852 τῶν
688 4799 780 4852 ἐπὶ
828 4800 929 4869 τῆς
985 4799 1134 4864 θείας
1185 4799 1400 4871 φύσεως
1453 4800 1761 4873 λεγομένων
1813 4803 1847 4873 ή

251 4889 518 4974 ἔμφασις.
542 4889 682 4944 ὥστε
708 4890 810 4945 κᾶν
842 4889 1018 4963 istam
1043 4891 1121 4962 τῷ
1148 4891 1551 4963 σημαινομὲνῳ,
1581 4893 1849 4965 μηδεμίαν

253 4981 435 5051 ἴσχειν
467 4981 604 5053 πρὸς
628 4982 689 5036 τὺ
735 4982 1227 5055 συνονομαζόμενον
1263 4983 1595 5038 ἐναντίωσιν.
1637 4985 1702 5037 Τί
1739 4984 1849 5057 γὰρ

253 5070 596 5127 ἐναντιοῦται
628 5072 709 5144 τῷ
747 5073 1029 5145 ἀσωμάτῳ
1075 5073 1136 5127 τὸ
1180 5073 1409 5138 δίκαιον,
1458 5073 1560 5129 κᾶν
1602 5074 1676 5147 μὴ
1712 5093 1848 5147 συμ-

248 5163 421 5239 ϐαίνῃ
465 5164 606 5244 κατὰ
644 5166 742 5237 τὴν
781 5164 987 5219 ἔννοιαν
1024 5164 1273 5237 ἀλλήλοις
1303 5165 1371 5219 τά
1407 5166 1655 5239 dmum;
1683 5167 1847 5221 Ποίαν

245 5253 310 5308 δὲ
345 5254 529 5324 μάχην
569 5255 603 5326 ή
644 5253 917 5324 ἀγαθότης
945 5253 1057 5325 ἔχει
1101 5253 1236 5325 πρὸς
1278 5253 1339 5307 τὸ
1372 5253 1629 5322 ἀόρατον;
1660 5252 1846 5318 Οὕτως

245 5341 380 5396 οὐδὲ
413 5342 473 5395 τὸ
502 5342 671 5397 άῖδιον
703 5343 800 5413 τῆς
833 5342 983 5407 θείας
1013 5342 1158 5412 ζωῆς
1185 5342 1390 5407 διπλοῖς
1418 5342 1642 5414 ὀνόμασί
1666 5360 1725 5397 τε
1753 5344 1847 5397 καὶ⁵

246 5435 494 5505 νοήμασι
520 5435 937 5507 γνωριζόμενον,
977 5433 1057 5505 τῷ
1101 5434 1441 5505 ἀτελευτήτῳ
1490 5435 1583 5488 καὶ
1630 5434 1708 5506 τῷ
1752 5437 1845 5489 ἀνα

248 5526 414 5597 ἁρχῳ
437 5567 453 5588 ,
495 5530 563 5599 τῇ
604 5526 836 5598 διαφορᾷ
875 5525 985 5580 τῶν
1036 5525 1312 5595 ὀνομάτων
1366 5525 1803 5603 συῷιατὲμνεται
1826 5544 1838 5558 ·

245 5618 353 5671 καὶ
391 5617 513 5672 οὐδὲ
542 5618 739 5672 ταύτόν
779 5620 894 5672 ἐστι
937 5617 1013 5689 τῷ
1046 5617 1218 5689 ἑτέρῳ
1248 5616 1386 5672 κατὰ
1425 5618 1523 5689 τὴν
1570 5619 1842 5688 σημασίαν

241 5710 310 5761 τὸ
342 5706 530 5779 ἓτερον
564 5707 752 5780 όνομα.
785 5709 858 5762 Τὸ
897 5709 995 5781 μὲν
1042 5708 1148 5780 γὰρ
1193 5708 1294 5779 τήν
1332 5708 1431 5778 τῆς
1477 5708 1669 5780 ἀρχῆς,
1701 5707 1840 5761 τὸδὲ

242 5799 354 5871 {ira
378 5800 475 5855 τού
503 5800 691 5867 τέλους
734 5801 1084 5874 ἀλλοτρίωσιν
1131 5799 1354 5866 ἔδειξεν·
1402 5798 1525 5853 οὕτε
1575 5799 1838 5872 μερισμόν

1956 4629 2124 4669 unum
2178 4615 2357 4676 adest,
2409 4626 2517 4668 non
2547 4612 2604 4666 in
2636 4610 2830 4668 eodem
2880 4608 3221 4681 intelligatur
3253 4608 3488 4663 alterum
3522 4626 3536 4663 :

1953 4707 2099 4761 sicut
2122 4704 2177 4759 in
2201 4703 2392 4761 eodem
2422 4703 2591 4758 vitam
2624 4701 2789 4758 simul
2827 4707 2883 4757 et
2910 4706 3140 4756 mortem
3169 4697 3399 4769 intelligi
3421 4711 3536 4754 non

1951 4797 2239 4869 contingit,
2266 4796 2363 4853 sed
2401 4796 2531 4852 talis
2556 4802 2642 4852 est
2671 4792 3110 4864 uniuscujusque
3136 4806 3327 4848 eorum
3362 4789 3542 4846 nomi-

1950 4901 2081 4941 num
2114 4901 2237 4957 quaa
2287 4887 2355 4943 de
2397 4886 2581 4941 divina
2630 4894 2828 4942 natura
2861 4882 3125 4939 dicuntur
3179 4880 3536 4952 signiﬁcatio.

1958 4987 2019 5034 ut
2058 4979 2275 5036 tametsi
2299 4978 2612 5051 signiﬁcatu
2643 4983 2957 5049 separatum
2980 4976 3076 5041 sit,
3113 4975 3319 5029 nullam
3351 4980 3536 5029 tamen

1950 5072 2214 5128 adversus
2246 5069 2396 5126 aliud
2423 5069 2571 5142 quod
2602 5068 2768 5125 simul
2792 5082 2920 5123 cum
2948 5081 3016 5123 eo
3064 5066 3405 5130 nominatur,
3438 5063 3538 5120 ba-

1948 5162 2075 5220 beat
2107 5162 2574 5218 contrarietatem.
2601 5159 2742 5227 Quid
2774 5160 2921 5216 enim
2970 5158 3295 5228 incorporeo
3342 5154 3538 5211 adrer-

1948 5261 2103 5310 satur
2119 5253 2353 5325 justum.
2377 5254 2479 5310 etsi
2517 5254 2659 5308 inter
2682 5266 2742 5306 sc
2764 5249 3068 5305 secundum
3098 5246 3348 5304 notitiam
3371 5247 3536 5303 verba

1948 5360 2055 5401 non
2081 5344 2451 5401 conveniant?
2486 5343 2661 5411 Quam
2696 5351 2877 5398 autem
2911 5340 3075 5397 habet
3101 5355 3227 5394 cum
3263 5337 3532 5395 invisibili

1945 5437 2360 5509 repugnantiam
2386 5436 2645 5495 bonitas?
2676 5433 2769 5490 Sic
2799 5448 2975 5504 neque
2997 5432 3197 5487 divina:
3222 5430 3347 5486 vita:
3373 5441 3535 5487 aeter-

1946 5527 2200 5590 tcrnitas,
2234 5525 2361 5582 licet
2389 5525 2605 5581 duobus
2639 5524 2957 5580 nominibus
2979 5532 3035 5580 ct
3084 5525 3407 5584 nationibus
3442 5526 3531 5580 di-

1945 5626 2261 5691 gnoscatur,
2288 5619 2357 5671 ab
2383 5632 2450 5673 eo
2496 5616 2645 5689 quod
2709 5615 3004 5672 terminum
3056 5632 3164 5672 non
3217 5617 3419 5682 habet,
3474 5625 3532 5674 et

1946 5708 2218 5779 principio
2274 5718 2448 5775 caret,
2492 5707 2776 5763 nominum
2831 5705 3135 5763 dill'erentia
3164 5690 3546 5772 discindituri
3606 5711 3620 5725 ⁶

1943 5815 2120 5872 nequc
2145 5798 2286 5856 idem
2314 5808 2400 5857 est
2428 5815 2552 5857 cum
2575 5799 2748 5856 altero
2772 5797 3073 5858 secundum
3106 5799 3526 5872 signiﬁcantiam
