4010 6212
481 336 611 396 1071

1729 334 1786 390 S.
1829 331 2159 389 GREGORII
2192 332 2482 391 NYSSENI

3600 335 3741 389 I012

473 460 705 515 alterum
741 470 963 511 nomen.
1028 452 1142 509 lloc
1170 454 1390 524 quidem
1429 454 1705 524 principii.
1744 455 1876 508 illud
1930 423 2047 506 veri

2160 470 2279 507 τινα
2325 453 2417 507 τοῦ
2467 454 2822 523 ὑποκειμένου
2852 454 2886 524 ἡ
2930 452 3035 506 τῶν
3082 450 3564 523 ἐπιθεωρουμένων
3592 455 3750 520 αὐτῷ

470 547 598 605 ﬁnis
628 544 1013 601 alienationem
1045 542 1328 612 ostendit;
1367 561 1543 615 neque
1583 546 1926 615 partitionem
1954 545 2053 597 ali-

470 653 635 709 quam
662 636 897 707 subjecti
931 636 1174 706 ipsorum
1222 637 1525 701 nominum,
1552 653 1676 708 quae
1701 637 1753 691 in
1786 652 1850 692 eo
1876 636 2055 691 consi-

464 732 755 794 derantur,
791 727 1096 786 diﬁ'erentia
1126 730 1461 799 praestruit.

410 896 415 901 _
542 823 668 881 llaec
698 825 915 894 quidem
937 832 1209 894 suntquae
1241 838 1271 877 a
1294 824 1453 879 nobis
1473 822 1751 891 dicuntur;
1775 840 1894 893 qua:
1926 839 2053 878 vero

472 917 543 973 ab
574 915 890 972 adversario
919 922 1133 980 nostro,
1157 914 1458 970 secundum
1486 915 1659 986 ipsam
1686 915 1948 971 dictionis
1979 916 2054 969 lo-

471 1006 767 1069 cutionem,
806 1007 933 1062 talia
968 1014 1116 1071 Sunt,
1155 1013 1214 1061 ut
1263 1006 1473 1060 nullum
1508 1021 1574 1060 ex
1619 1006 2052 1062 ratiocinationi-

470 1100 577 1156 bus
609 1099 868 1155 auxilium
903 1098 1158 1163 habcaut,
1206 1113 1331 1153 cum
1355 1098 1572 1154 interim
1598 1100 1717 1168 ipse
1741 1100 2051 1171 prodigiose

469 1206 632 1247 voces
661 1191 973 1260 huiusmodi
1007 1201 1330 1262 arrogantes
1364 1209 1530 1247 sensu
1585 1193 1735 1247 omni
1779 1202 2048 1259 carentes,

470 1286 526 1339 in
579 1284 950 1341 membrorum
998 1292 1053 1338 et
1117 1285 1466 1354 periodorum
1519 1286 1689 1355 ﬁgura
1730 1292 1933 1341 temere
1986 1300 2049 1340 ac

470 1378 702 1432 fortuito
723 1387 977 1448 exspuat.
1021 1377 1298 1433 Dictorum
1328 1388 1509 1435 autem
1552 1374 1673 1449 ejuis
1703 1378 1793 1433 hic
1848 1393 2049 1449 scopus

466 1477 592 1526 est:
640 1470 845 1524 nullam
897 1485 1023 1526 esse
1053 1471 1398 1526 diversorum
1435 1472 1719 1526 nominum
1745 1470 2047 1525 secundum

468 1561 900 1633 signiﬁcationes
933 1560 1318 1625 diﬂ‘ereutiam,
1355 1570 1413 1616 ut
1457 1562 1662 1632 aliquid
1704 1576 1894 1616 eorum
1925 1575 2048 1630 quae

467 1670 579 1709 non
610 1655 800 1709 insunt
854 1654 963 1725 ipsi
1016 1654 1318 1709 attribuere
1360 1653 1659 1710 videamur.
1709 1652 1849 1707 Nam
1903 1669 2043 1717 cum,

470 1748 783 1817 iuquit,reri
807 1763 1071 1802 sermones
1103 1762 1168 1802 ex
1195 1748 1444 1817 subjectis
1470 1758 1518 1801 et
1542 1747 1859 1817 signiﬁcatis
1890 1746 2042 1802 rebus

460 1841 727 1911 judicium
770 1849 1005 1906 sumant,
1063 1850 1114 1895 et
1164 1840 1277 1894 alia
1330 1840 1454 1896 aliis
1505 1840 1659 1897 rebus
1713 1840 2042 1906 conveniant,

467 1935 602 1988 sicut
632 1943 684 1987 et
708 1933 892 1988 eadem
942 1933 1153 1998 iisdem,
1209 1934 1507 1989 necessario
1554 1941 1758 2005 oportet
1820 1933 2048 1987 duorum

467 2021 698 2076 alterum
723 2039 855 2085 esse,
887 2022 965 2077 vel
994 2039 1102 2077 rem
1123 2040 1241 2093 qua:
1291 2023 1597 2078 declaratur
1631 2038 1849 2091 prorsus
1876 2023 2047 2077 diver-
2072 2032 2077 2036 ‘

403 2119 409 2125 ’
467 2131 605 2177 sam,
638 2114 714 2168 vel
737 2130 898 2184 neque
941 2116 1234 2168 orationem
1267 2131 1383 2184 qua:
1421 2131 1530 2170 rem
1581 2114 1817 2169 declarat
1876 2113 2049 2167 direr-

466 2222 603 2259 sam.
639 2204 761 2259 llaec
818 2215 872 2259 et
908 2206 1014 2259 alia
1046 2206 1215 2260 multa
1251 2207 1318 2260 ad
1365 2207 1629 2276 prepositi
1658 2206 1810 2277 sc0pi
1865 2214 2048 2262 astru-

466 2299 706 2354 ctionem
758 2297 1125 2368 persequitur,
1169 2306 1456 2369 postquam
1485 2299 1753 2355 orationis
1780 2298 2045 2369 quasdam

472 2390 784 2458 relationes,
812 2401 868 2445 et
881 2391 1273 2461 appositiones,
1288 2401 1340 2445 et
1358 2390 1615 2461 speciem,
1633 2400 1688 2446 et
1707 2404 2045 2456 mensuram,

466 2490 520 2539 et
547 2492 778 2553 partem,
804 2490 860 2538 et
891 2491 1123 2553 tempus,
1155 2492 1210 2538 et
1241 2483 1421 2538 locum
1444 2483 1501 2538 in
1526 2484 1764 2538 medium
1794 2483 2044 2554 protulit,

464 2583 527 2630 ut
557 2592 654 2647 per
680 2577 876 2632 horm‘n
904 2576 1477 2641 substractiones,sive
1489 2576 1838 2647 exceptiones
1860 2591 2046 2633 essen-

467 2670 558 2724 tiae
582 2669 871 2725 iudicatrix
900 2669 1198 2739 ἀγεννησία
1221 2669 1334 2723 ﬁat.
1370 2667 1545 2738 Hujus
1571 2677 1753 2724 autem
1777 2668 2045 2724 astructio

450 2760 534 2817 id
568 2762 711 2815 hunc
743 2775 803 2816 se
829 2760 991 2815 habet
1011 2761 1229 2813 modum
1257 2777 1274 2826 ;
1300 2773 1416 2813 mea
1441 2768 1621 2813 autem
1652 2758 1891 2813 dictione
1920 2773 2047 2814 sen-

462 2854 690 2907 tentiam
712 2852 1039 2924 exprimam.
1069 2850 1187 2907 Non
1220 2852 1364 2907 aliud
1389 2853 1543 2923 quid,
1574 2854 1774 2922 inquit,
1806 2861 1892 2909 est
1933 2854 2043 2908 vita

464 2957 631 3011 quam
691 2942 954 3005 essentia,
996 2958 1065 2997 ne
1095 2942 1276 3013 aliqua
1328 2944 1653 3013 compositio
1702 2944 1757 2998 in
1809 2944 2044 3015 simplici

462 3043 660 3090 natura
699 3035 1057 3106 intelligatur,
1104 3035 1158 3088 in
1186 3036 1240 3090 id
1266 3037 1412 3107 quod
1467 3038 1758 3107 participat
1785 3046 1839 3092 et
1897 3037 2043 3108 quod

465 3126 826 3196 participatur
855 3126 1079 3181 notione
1098 3126 1297 3183 divisa.
1323 3126 1431 3183 Sed
1462 3128 1625 3195 idem,
1666 3129 1863 3198 inquit,
1895 3128 2042 3199 quod
2070 3140 2113 3200 α

462 3224 551 3272 est
578 3218 713 3281 vita,
741 3224 826 3273 est
850 3219 1014 3273 etiam
1042 3220 1307 3282 essentia,
1338 3220 1655 3289 praeclaram
1716 3220 1877 3275 istam
1922 3219 2045 3290 pltiu

464 3307 769 3379 losophiam
803 3310 1047 3365 tradens.
1081 3310 1276 3365 Nullus
1316 3312 1458 3366 enim
1483 3327 1675 3366 eorum
1723 3314 1814 3382 qui
1845 3313 2045 3370 mentis

462 3410 591 3459 sunt
641 3410 942 3472 compotes,
975 3403 1386 3467 contradixerit,
1429 3404 1544 3458 haec
1587 3419 1695 3459 non
1727 3406 1802 3459 ita
1861 3420 1922 3461 se
1952 3407 2047 3462 ba-

464 3494 613 3550 bere.
640 3493 745 3548 Sed
776 3492 1052 3563 quomodo
1071 3494 1368 3548 orationem
1402 3494 1468 3546 ad
1498 3510 1723 3566 scopum
1751 3497 2044 3563 conclusit,

465 3587 511 3640 si
533 3584 677 3656 quod
708 3585 982 3657 principio
1011 3594 1161 3641 caret
1210 3586 1602 3657 signiﬁcantes,
1648 3588 1844 3658 inquit,
1877 3589 2045 3645 vitam

465 3677 857 3749 signiﬁcamus,
911 3678 1053 3733 hanc
1083 3687 1266 3734 autem
1324 3680 1488 3733 vitam
1539 3682 1835 3736 essentiam
1861 3680 2047 3737 dicere

454 3769 713 3825 'veritatis
775 3782 958 3826 sermo
982 3771 1283 3851 compellit,
1342 3771 1517 3843 ipsius
1543 3772 1743 3827 divinae
1769 3774 2043 3839 essentize,

450 3862 665 3934 inquit,
705 3861 1129 3932 signiﬁcativum
1187 3879 1313 3919 esse
1360 3865 1700 3935 ingenitum?
1728 3864 1838 3921 Nos
1863 3874 2044 3922 autem

465 3957 608 4026 quod
638 3955 819 4027 genita
836 3970 944 4010 non
975 3957 1047 4011 sit
1074 3956 1142 4011 ab
1157 3957 1265 4012 alio
1284 3956 1468 4012 divina
1488 3960 1594 4013 vita
1623 3958 1790 4029 (quod
1826 3961 2043 4030 quidem

466 4050 739 4123 signiﬁcat
773 4049 1044 4121 principio
1072 4050 1314 4105 carentis
1355 4050 1527 4119 notio)
1571 4060 1626 4107 et
1660 4051 1763 4122 ipsi
1810 4054 2045 4109 assenti-

469 4159 612 4199 mur.
666 4142 847 4214 lpsum
881 4150 1063 4198 autem
1112 4141 1259 4212 quod
1299 4142 1640 4213 signiﬁcatur
1692 4159 1789 4213 per
1818 4146 2044 4200 verbum

467 4250 578 4291 non
605 4235 845 4307 genitum
874 4249 1019 4302 esse,
1070 4234 1392 4289 existimare
1443 4236 1761 4299 essentiam,
1797 4236 2043 4291 solorum

467 4328 558 4398 qui
595 4326 780 4382 furore
828 4327 1178 4381 concitantur
1209 4339 1333 4380 esse
1361 4325 1712 4381 arbitramur.
1736 4324 1871 4393 Quis
1898 4327 2045 4382 enim

468 4420 540 4475 ita
562 4418 787 4475 demens
812 4425 866 4473 et
892 4433 922 4473 a
946 4417 1157 4473 ratione
1176 4416 1352 4480 avius,
1381 4423 1440 4469 ut
1460 4414 1830 4472 deﬁnitionem
1857 4432 2047 4473 essen-

466 4514 577 4577 tia).
616 4527 722 4568 non
748 4526 869 4567 esse
916 4511 1180 4585 genitum,
1218 4509 1566 4580 pronuntiet?
1596 4508 1668 4564 Ut
1698 4511 1844 4566 enim
1879 4526 2042 4581 gene-

2151 4486 2233 4523 σιν
2288 4470 2665 4540 ἀποφήνασθαι
2690 4488 2704 4537 ;
2740 4473 2798 4526 Ὠ

467 4608 608 4660 ratio
634 4603 1015 4675 cognationem
1042 4601 1204 4657 habet
1234 4616 1359 4654 cum
1385 4614 1451 4655 eo
1476 4600 1622 4670 quod
1650 4601 1893 4671 genitum
1935 4609 2043 4666 est,

468 4696 541 4752 ita
572 4695 830 4750 nimirum
860 4693 1104 4765 ingenito
1130 4707 1239 4747 non
1282 4693 1565 4761 generatio
1592 4700 1875 4762 congruet.
1909 4693 2045 4749 Cum

467 4787 633 4859 igitur
672 4785 726 4840 id
755 4785 901 4856 quod
934 4800 1042 4841 non
1064 4793 1148 4841 est
1175 4783 1232 4838 in
1259 4782 1421 4839 Patre
1445 4784 1780 4855 ἀγγεννησία
1819 4785 2045 4841 demon-

465 4889 621 4941 stret.
659 4877 933 4949 quomodo
954 4890 1055 4931 nos
1075 4875 1596 4932 demonstrationem
1613 4876 1734 4946 ejus
1761 4877 1908 4946 quod
1933 4893 2043 4934 non

467 4971 628 5038 inest,
668 4969 737 5027 ad
762 4968 1054 5025 essentiam
1116 4966 1295 5025 facere
1320 4968 1748 5024 conﬁtebimur?
1801 4968 1908 5025 Sed
1939 4971 2043 5028 sibi

465 5064 567 5133 ipsi
598 5076 724 5120 cum
755 5060 903 5119 dedit
933 5060 1077 5131 quod
1103 5076 1280 5133 neque
1328 5077 1358 5116 a
1392 5062 1571 5129 nobis,
1626 5078 1805 5136 neque
1824 5065 2045 5136 exposi-

462 5165 645 5213 torum
688 5155 1079 5223 consequentia
1110 5152 1213 5226 ipsi
1243 5155 1581 5220 conceditur,
1632 5171 1825 5227 nempe
1877 5157 2041 5226 ἀγενο

464 5248 656 5321 νησίαν
678 5248 772 5305 Dei
803 5247 1001 5304 divine
1034 5249 1158 5304 vitae
1190 5263 1312 5304 esse
1354 5248 1796 5318 signiﬁcativam,
1816 5251 2043 5305 conclu-

465 5342 554 5396 sit.
589 5339 657 5396 Ut
686 5351 865 5397 autem
903 5339 1266 5397 clarissimum
1294 5338 1453 5393 ﬁatin
1485 5339 1586 5395 hoc
1612 5340 1733 5395 loco
1759 5340 2041 5412 ipsiusde-

465 5432 831 5496 Iiramentum,
880 5430 961 5485 sic
1008 5445 1316 5486 sermonem
1371 5431 1784 5488 consideremus
1846 5452 1859 5487 :
1942 5448 2038 5503 per

463 5535 585 5590 qua:
612 5520 755 5576 enim
794 5522 849 5575 in
881 5519 1040 5578 Patre
1068 5521 1135 5576 ad
1159 5521 1486 5592 ἀγεννησίαν
1519 5523 1774 5579 essentia:
1800 5523 2041 5579 circum-

463 5611 620 5666 duxit
637 5610 927 5671 rationem,
952 5614 1354 5681 cxaminemus,
1386 5630 1516 5670 num
1538 5616 1702 5672 etiam
1727 5616 1929 5687 pariter
1946 5631 2042 5689 per

460 5705 682 5759 easdem
708 5704 1210 5771 argumentationes
1230 5713 1284 5760 et
1317 5704 1439 5761 Filii
1464 5708 1755 5766 essentiam
1782 5707 1850 5764 ad
1880 5709 2040 5778 ἀγεν-

464 5794 660 5865 νησίσν
689 5790 1042 5850 adducemus.
1166 5784 1183 5805 ⁴

2156 544 2431 615 ὀνομάτων
2459 544 2692 615 διατορά
2722 542 3119 614 παρεσκεύασε.

2223 808 2304 861 Τὰ
2340 808 2436 878 μὲν
2464 807 2528 879 δὴ
2557 809 2683 878 παρ’
2711 807 2867 879 ἡμῶν
2898 808 3087 875 ταῦτα,
3113 809 3182 862 τά
3212 807 3268 861 δὲ
3310 808 3462 880 παρά
3506 808 3606 863 τοῦ
3646 828 3746 864 που

2154 899 2441 970 >.εμοῦντος
2474 901 2603 970 ἡμῖν
2632 902 2749 953 κατ’
2780 900 2947 972 αὐτὴν
2978 901 3074 971 μὲν
3107 902 3206 970 τὴν
3233 902 3329 971 τῆς
3358 901 3562 968 λέξεως
3604 886 3746 972 σύμ-

2154 1012 2373 1067 φρασιν,
2428 992 2654 1047 τοιαῦτά
2711 993 2878 1056 ἐστιν,
2927 991 3003 1055 ὡς
3057 991 3324 1061 μηδεμίαν
3384 991 3483 1061 τὴν
3526 992 3590 1043 ὲκ
3637 992 3746 1044 τῶν

2151 1086 2426 1159 λογισμῶν
2475 1086 2788 1156 συμμαχίαν
2852 1083 2993 1154 ἔχειν
3018 1124 3033 1146 ,
3081 1081 3381 1147 άλλοκότως
3426 1083 3595 1137 αὐτοῦ
3646 1085 3743 1149 τὰς

2151 1179 2405 1242 τοιαύτας
2433 1175 2766 1248 στομφώδεις
2807 1176 2900 1229 καὶ
2941 1173 3286 1245 άδιανοήτους
3325 1174 3511 1244 φωνάς
3545 1176 3602 1227 ὲν
3638 1175 3746 1227 κὼ-

2150 1270 2256 1324 λων
2278 1270 2371 1323 καὶΙ
2398 1267 2660 1338 περιόδων
2684 1267 2922 1338 σχήματι
2953 1265 3088 1337 πρὸς
3108 1264 3169 1318 τό
3190 1264 3400 1336 συμϐάν
3433 1265 3746 1319 ἀποπτύον-

2149 1378 2260 1425 τος.
2304 1361 2361 1413 Ὀ
2407 1358 2463 1412 δὲ
2515 1358 2714 1423 σκοπὸς
2762 1357 2868 1410 τῶν
2912 1357 3216 1428 λεγομένων
3264 1350 3419 1421 οὗτός
3469 1360 3630 1410 ἐστι*
3685 1356 3745 1408 τὸ

2152 1453 2422 1525 μηδεμίαν
2468 1447 2605 1506 εἶναι
2655 1451 2763 1504 τῶν
2816 1449 3073 1503 ποικίλων
3127 1448 3405 1519 ὀνομάτων
3449 1449 3593 1502 κατὰ
3643 1448 3743 1512 τάς

2147 1546 2411 1617 ἐμφάσεις
2442 1542 2726 1615 διαφορὰν,
2749 1540 2826 1612 τῷ
2867 1560 2917 1595 τι
2954 1542 3063 1595 τῶν
3092 1542 3149 1595 οὐ
3184 1541 3492 1613 προσόντων
3524 1541 3743 1611 δοκοίη-

2149 1657 2269 1711 μεν.
2319 1636 2441 1692 Τῶν
2471 1636 2582 1707 γὰρ
2610 1634 2873 1702 ἀληθῶν,
2907 1633 3040 1705 φησὶ
3060 1675 3075 1699 ,
3122 1635 3318 1704 λόγων
3343 1634 3415 1687 ἐκ
3447 1632 3569 1687 τῶν
3597 1636 3741 1688 ὑπο·

2147 1729 2433 1799 κειμένων
2456 1728 2556 1781 καὶ
2589 1726 2975 1796 δηλουμένων
3011 1724 3368 1795 πραγμάτων
3396 1727 3744 1794 λαμϐανόν-

2150 1838 2266 1874 των
2294 1819 2409 1888 thr
2435 1819 2758 1887 ἐπίκρισιν,
2795 1816 2891 1870 καὶ
2939 1814 3058 1868 τῶν
3101 1816 3317 1884 ἐτέρων
3344 1816 3558 1883 ἑτέροις
3585 1816 3749 1883 πρά-

2149 1925 2331 1984 γμασι
2361 1907 2908 1978 συναρμοζομένων,
2929 1905 3132 1976 ὥσπερ
3159 1902 3241 1961 αὖ
3274 1906 3372 1960 καί
3396 1908 3506 1962 τῶν
3531 1906 3748 1961 αὐτῶν

2149 2002 2273 2068 τοῖς
2303 2000 2524 2068 αὐτοῖς,
2556 2000 2624 2066 ἐξ
2652 1998 2919 2070 ἀνάγκης
2954 1998 3050 2052 δεῖ
3081 1998 3253 2052 δυοῖν
3276 1994 3424 2051 εἶναι
3466 1998 3746 2065 οὰτερον,

2147 2104 2188 2173 ἢ
2219 2103 2316 2158 καί
2346 2102 2409 2156 τὸ
2449 2098 2686 2169 πρᾶγμα
2723 2098 2789 2151 τὸ
2823 2098 3197 2167 δηλούμενον
3234 2095 3477 2162 πάντως,
3509 2095 3743 2164 ἕτερον,

2148 2198 2186 2264 ἢ
2215 2194 2369 2266 μηδὲ
2414 2193 2522 2247 τὸν
2550 2190 2853 2259 δηλοῦντα
2898 2193 3103 2260 λόγον,
3151 2188 3374 2258 ἕτερον.
3422 2187 3611 2241 Ταῦτα
3647 2188 3751 2241 καὶ

2149 2286 2321 2341 πολλά
2365 2286 2458 2339 ἐπὶ
2495 2284 2701 2348 τούτοις
2741 2282 2874 2339 ἄλλα
2915 2282 3139 2336 τοιαῦτα
3189 2281 3323 2349 πρὸς
3352 2280 3449 2351 τὴν
3476 2280 3569 2333 τοῦ
3604 2297 3749 2350 προ-

2147 2378 2392 2442 τεθέντος
2432 2368 2824 2449 αὐτῷ’σκοποῦ
2867 2374 3210 2451 κατασκευὴν
3250 2373 3608 2445 διεξέρχεται,
3649 2374 3754 2425 ἐκ·

2148 2470 2326 2524 ϐαλὼν
2357 2468 2451 2523 τοῦ
2476 2469 2633 2538 λόγου
2666 2467 2878 2539 σχέσεις
2914 2466 3087 2529 τινὰς,
3118 2468 3211 2521 καὶ
3257 2464 3615 2537 παραθέσεις,
3646 2465 3752 2518 καὶ

2148 2563 2309 2625 εἶδος,
2336 2561 2427 2639 καί
2457 2562 2672 2631 μέτρον,
2696 2560 2789 2613 καὶ
2815 2558 3000 2630 μέρος,
3030 2558 3122 2611 καὶ
3147 2557 3359 2628 χρόνον,
3391 2557 3486 2610 καὶ
3511 2557 3751 2629 τρόπον,

2146 2653 2221 2717 ὡς
2251 2652 2339 2707 διά
2367 2652 2467 2723 τῆς
2500 2651 2704 2705 τούτων
2749 2648 3149 2723 ὑπεξαιρέσεως
3187 2651 3284 2721 τῆς
3327 2650 3515 2711 οὐσίας
3572 2648 3758 2702 ἐνδει-

2148 2744 2340 2815 κτικὴν
2391 2743 2488 2813 τὴν
2530 2743 2855 2812 ἀγεννησίαν
2899 2742 3170 2811 γενέσθαι.
3226 2742 3288 2795 Ἥ
3328 2742 3387 2796 δὲ
3422 2741 3759 2813 κατασκευὴ

2146 2833 2333 2888 τοῦτον
2383 2831 2609 2903 ἔχειτὸν
2652 2832 2883 2904 τρόπον’
2932 2830 3073 2896 λέξω
3116 2831 3172 2884 δὲ
3205 2833 3272 2901 τῇ
3311 2829 3547 2901 ἐμαυτοῦ
3592 2829 3759 2896 λέξει

2145 2924 2207 2978 τὸ
2237 2923 2438 2995 νόημα.
2470 2923 2585 2976 Οὐκ
2612 2922 2739 2978 ἄλλο
2775 2940 2847 2984 τι.
2874 2922 3060 2994 φησὶν,
3095 2920 3133 2988 ἡ
3165 2923 3277 2995 ζωὴ
3317 2923 3467 2995 παρά
3505 2922 3610 2996 τὴν
3649 2923 3760 2976 οὔ·

2150 3016 2270 3072 σίαν
2313 3014 2480 3081 ἐστὶν,
2511 3015 2587 3078 ὡς
2613 3015 2677 3070 ἂν
2717 3016 2790 3086 μή
2825 3032 2905 3079 τις
2944 3014 3191 3078 σύνθεσις
3243 3016 3369 3086 περὶ
3418 3015 3516 3086 τὴν
3558 3014 3759 3084 ἁπλῆν

2147 3108 2316 3160 νοοῖτο
2343 3104 2525 3176 φύσιν,
2557 3105 2694 3177 πρὸς
2730 3106 2789 3161 τὸ
2823 3107 3048 3176 μετέχον
3089 3107 3183 3160 καὶ
3232 3107 3588 3178 μετεκόμενον
3637 3108 3759 3176 τῆς

2147 3198 2355 3260 ἑννοίας
2391 3195 2773 3268 μεριζομένης.
2815 3196 2955 3250 Ἀλλ’
2992 3197 3142 3260 αὐτὸ,
3186 3198 3369 3269 φησὶν,
3409 3196 3548 3270 ὅπερ
3589 3199 3759 3252 ἐστὶν

2145 3287 2346 3361 ἠζωὴ,
2380 3288 2536 3342 οὐσία
2587 3288 2722 3352 ἐστὶ,
2775 3288 2957 3350 καλῶς
3016 3288 3083 3343 τὰ
3134 3289 3355 3343 τοιαῦτα
3402 3288 3752 3359 φιλοσοφῶν.

2146 3381 2221 3434 Οὐ
2251 3381 2359 3451 γάρ
2391 3381 2455 3435 ἄν
2482 3398 2566 3444 τις
2596 3380 2839 3434 ἀντείποι
2868 3380 2977 3433 τῶν
3024 3380 3147 3434 νοῦν
3176 3382 3424 3451 ἐχόντων,
3458 3381 3535 3452 μὴ
3564 3382 3755 3439 ταῦτα

2144 3471 2316 3536 οὕτως
2341 3472 2503 3543 ἔχειν.
2552 3471 2716 3529 Ἀλλά
2761 3471 2878 3535 πῶς
2921 3473 3012 3527 τὸν
3043 3472 3198 3542 λόγον
3246 3474 3339 3526 érri.
3388 3472 3754 3528 τδνσκοπδν

2147 3564 2526 3635 συνεπέρανεν,
2569 3565 2616 3617 εί
2666 3564 2728 3617 τὸ
2776 3563 3010 3635 ἄναρχον
3056 3565 3427 3635 σημαίνοντες,
3449 3567 3606 3635 φησι,
3636 3566 3752 3637 τὴν

2145 3654 2290 3727 ζωὴν
2319 3657 2693 3727 ὲσημήναμεν,
2722 3656 2926 3725 ταύτην
2952 3656 3007 3709 δὲ
3030 3656 3128 3727 τὴν
3161 3655 3305 3728 ζωὴν
3326 3656 3514 3711 οὐσίαν
3554 3657 3751 3726 λέγειν

2144 3747 2173 3799 ὁ
2213 3745 2315 3816 τῆς
2354 3746 2610 3819 ἀληθείας
2656 3747 2955 3816 ἀναγκάζει
3001 3748 3190 3817 λόγος,
3240 3748 3409 3819 αὐτῆς
3452 3743 3594 3803 εἶναι
3634 3749 3749 3819 τῆς

2145 3835 2295 3901 θείας
2324 3836 2529 3901 οὐσίας,
2560 3838 2713 3909 φησὶ,
2742 3839 3075 3909 σημαντικὸν
3105 3839 3163 3893 τὸ
3195 3839 3517 3909 άτέννητον;
3545 3839 3748 3909 Ἦμεξ

2143 3928 2200 3981 δὲ
2248 3927 2325 3981 τδ-
2366 3928 2464 3999 μὲν
2514 3929 2588 3999 μὴ
2636 3928 2992 3999 γεγεννῆσθαι
3039 3931 3167 4003 παρ’
3208 3930 3392 4001 ἑτέρου
3444 3929 3544 4002 τὴν
3586 3929 3748 3984 θείαν

2145 4016 2310 4091 ζωὴν,
2337 4020 2474 4092 ὅπερ
2503 4020 2753 4091 σημαίνει
2781 4021 2815 4090 ἡ
2844 4019 2938 4074 τοῦ
2980 4022 3216 4092 ἀνάρχου
3260 4020 3484 4087 διάνοια,
3517 4021 3615 4075 καὶ
3642 4020 3751 4074 αὖ·

2143 4113 2227 4165 τοὶ
2260 4110 2637 4182 συντιθέμεθα.
2683 4112 2824 4166 Αὐτὸ
2849 4112 2905 4167 δὲ
2931 4113 2990 4167 τὸ
3018 4112 3104 4167 διὰ
3129 4114 3228 4185 τῆς
3252 4113 3345 4167 τοῦ
3380 4114 3455 4184 μὴ
3483 4114 3753 4182 γεγεννῆ-

2147 4201 2271 4256 σθαι
2310 4200 2503 4267 λέξεως
2544 4203 2972 4275 σημαινόμενον,
3011 4205 3196 4260 οὐσίαν
3240 4205 3514 4276 νομίζειν.
3560 4205 3752 4275 μόνων

2144 4288 2253 4343 τῶν
2299 4291 2362 4343 ὲκ
2408 4291 2605 4361 μανίας
2651 4293 3118 4365 παραφερομένων
3173 4292 3418 4364 οἰόμεθα.
3481 4293 3579 4356 Τίς
3624 4293 3750 4363 γὰρ

2146 4377 2320 4442 οὕτως
2351 4379 2664 4451 ἐξέστηκεν,
2698 4382 2775 4447 ὡς
2809 4383 3034 4455 ὁρισμὸν
3065 4383 3251 4448 οὐσίας
3292 4384 3391 4457 τὴν
3434 4384 3510 4454 μὴ
3543 4382 3751 4453 γέννη-

2802 4491 2829 4537 ς
2877 4472 2986 4547 γὰρ
3045 4472 3261 4538 οἰκείως
3321 4472 3434 4545 ἔχει
3487 4474 3626 4544 πρὸς
3682 4473 3751 4527 τὸ

2147 4560 2403 4631 γεννητὸν
2432 4562 2465 4632 ἡ
2497 4560 2771 4633 γέννησις,
2801 4562 2943 4617 οὕτω
2967 4564 3168 4635 δηλαδὴ
3210 4564 3306 4619 καὶ
3346 4563 3426 4634 τῷ
3455 4564 3754 4637 ἀτεννήτῳ

2148 4651 2621 4723 ὲφαρμοσθήσεται
2672 4654 2705 4724 ή
2762 4655 2835 4725 μὴ
2882 4655 3155 4727 γέννησις.
3204 4656 3270 4709 Ὃ
3318 4651 3409 4709 οὗν
3459 4656 3560 4709 οὐκ
3620 4657 3752 4712 ἔστι

2146 4743 2275 4815 περὶ
2298 4742 2385 4796 τὸν
2416 4743 2634 4814 Πατέρα
2669 4744 2767 4816 τῆς
2804 4746 3127 4818 άγεννησίας
3156 4746 3591 4818 ἐνδεικνυμένης,
3620 4755 3752 4810 πῶς

2146 4835 2306 4904 ἡμεῖς
2356 4835 2435 4897 εἰς
2485 4833 2673 4887 οὐσίαν
2727 4834 2826 4907 τὴν
2883 4836 2977 4890 τοῦ
3029 4838 3103 4909 μὴ
3152 4838 3442 4909 προσόντος
3507 4836 3750 4904 ἔνδειξιν

2147 4926 2539 4996 συντιθέμεθα;
2587 4925 2725 4979 Ἀλλ’
2766 4928 2941 4999 ἑαυτῷ
2974 4928 3117 4994 δοὺς,
3150 4929 3211 4981 τὸ
3250 4929 3386 5000 μήτε
3415 4928 3548 5000 παρ’
3577 4927 3749 5000 ἡμῶν

2148 5017 2284 5089 μήτε
2314 5018 2379 5070 ὲκ
2412 5018 2509 5089 τῆς
2533 5017 2643 5083 τῶν
2680 5019 2942 5074 τεθέντων
2973 5010 3292 5083 ἀκολουθίας
3330 5019 3479 5090 αὐτῷ
3519 5035 3751 5089 συγχω-

2148 5108 2431 5181 ρούμενον,
2467 5108 2529 5163 τὸ
2562 5110 2892 5182 σημαντικὸν
2922 5110 3071 5175 θείας
3098 5111 3243 5183 ζωῆς
3278 5111 3375 5183 τὴν
3408 5110 3747 5182 ἀγεννησίαν

2144 5193 2284 5253 εἶναι
2306 5199 2400 5254 τοῦ
2424 5198 2582 5261 Θεοῦ,
2612 5200 2995 5272 συνεπέρανεν.
3035 5202 3121 5265 Ὠς
3147 5201 3191 5255 δ’
3213 5202 3279 5255 ἂν
3301 5202 3539 5272 μάλιστα
3569 5219 3742 5255 κατα.-

2144 5293 2319 5364 φανὴς
2352 5293 2382 5346 ό
2419 5293 2547 5364 περὶ
2576 5292 2667 5346 τὸν
2702 5293 2865 5348 τόπον
2906 5293 3091 5348 τοῦτον
3122 5293 3287 5349 αὐτοῦ
3331 5294 3544 5363 γένοιτο
3572 5293 3768 5363 λῆρος,

2142 5384 2337 5439 οὑτωσὶ
2378 5383 2469 5438 τὸν
2516 5384 2672 5455 λόγον
2708 5384 3160 5458 διασκοπήσωμεν
3184 5426 3197 5440 .
3245 5387 3326 5439 Δι’
3368 5380 3444 5439 ὧν
3485 5385 3593 5455 γὰρ
3634 5385 3745 5438 ἐπὶ

2138 5474 2234 5529 τοῦ
2257 5474 2497 5545 Πατέρος
2520 5477 2599 5541 είς
2625 5475 2722 5547 τὴν
2750 5479 3074 5552 ἀγεννησίαν
3103 5479 3194 5532 τὸν
3224 5477 3323 5547 τῆς
3356 5468 3542 5540 οὐσίας
3572 5493 3744 5547 περι-

2142 5568 2314 5638 ήγαγε
2342 5567 2517 5636 λόγον,
2547 5568 2910 5643 ἐξετάσωμεν,
2968 5574 3017 5625 εί
3074 5573 3147 5646 μὴ
3188 5574 3329 5628 κατά
3373 5571 3435 5626 τὸ
3483 5569 3593 5624 ἴσον
3634 5569 3742 5625 διὰ

2140 5659 2248 5713 τῶν
2275 5659 2453 5714 αὐτῶν
2484 5662 2924 5734 ἐπιχειρημάτων
2953 5664 3047 5719 καὶ
3079 5663 3173 5719 τοῦ
3214 5663 3344 5719 Υίοῦ
3380 5662 3475 5736 τὴν
3511 5661 3737 5728 οὐσίαν,

2141 5752 2220 5816 είς
2252 5751 2349 5823 τὴν
2377 5751 2700 5825 ἀγεννησίαν
2738 5755 3022 5827 ἀνάξομεν.
