4010 6212
507 294 651 353 1075

496 411 507 419 ’
580 414 683 468 Sed
719 413 850 484 quid
889 415 1170 474 incassum
1205 427 1261 475 et
1297 428 1500 477 temore
1536 421 1690 479 vanis
1722 424 2078 480 immoramur
2112 435 2155 488 Α

507 516 633 557 cum
675 513 952 574 Oporteret
988 508 1427 581 diligentioribus
1472 514 1540 569 ad
1572 515 1917 571 refutandam
1956 533 2081 573 ser-
2119 550 2128 558 -

507 608 732 681 manum
765 596 938 666 ipsius
978 603 1271 658 amentiam
1311 605 1562 662 Eunomii
1614 610 1814 664 librum
1856 621 2079 681 proten-

505 680 655 749 dere,
686 696 740 742 et
766 688 975 760 absque
997 694 1417 766 corrigentihus,
1451 699 1569 754 sive
1593 680 2073 771 redarguentihus,

506 774 634 833 inde
685 793 796 833 non
848 782 1025 836 solum
1074 782 1346 855 dogmatis
1404 788 1820 859 blasphemiam,
1884 809 2075 848 verum

502 866 668 921 etiam
703 873 1122 930 consuetudinis
1148 875 1463 946 languorem
1495 887 1551 932 ct
1579 890 1855 951 torporem
1884 882 2075 937 intelli‘

395 994 405 1017 ,
503 960 755 1027 gentibus
785 961 1201 1023 demonstrare?
1235 970 1591 1027 multifariam
1639 975 1788 1029 enim
1831 991 1939 1032 non
1983 992 2074 1033 se-

503 1049 747 1105 cundum
777 1063 1023 1111 nostram
1063 1060 1410 1126 sententiam,
1444 1063 1537 1118 sed
1579 1064 1883 1121 secundum
1928 1066 2078 1137 quod

500 1141 551 1196 ci
585 1141 821 1208 videtur,
853 1161 1049 1203 nomen
1078 1151 1321 1216 ἐπινοίας
1362 1168 1644 1224 perperam
1682 1158 2072 1227 interpretans,

504 1240 764 1303 tanquam
828 1238 884 1293 in
941 1249 1208 1296 nocturna
1262 1259 1463 1314 pugna,
1521 1245 1671 1301 nullo
1730 1246 2109 1304 discernente'

505 1323 653 1395 quod
684 1328 920 1384 amicum
946 1339 1050 1395 est,
1083 1342 1137 1388 et
1162 1337 1307 1406 quod
1334 1338 1597 1405 alienum,
1637 1354 1737 1410 per
1759 1355 1881 1410 qua:
1918 1341 2076 1396 nobis

503 1416 705 1473 bellum
739 1420 942 1480 inferre
967 1425 1288 1493 arbitratur,
1315 1445 1474 1485 suum
1504 1429 1701 1501 dogma
1735 1450 1794 1489 se
1830 1436 2073 1503 punctim

505 1508 669 1566 ferire
700 1528 808 1568 non
836 1515 1104 1586 intelligit.
1129 1519 1284 1586 Quod
1303 1523 1447 1578 enim
1476 1525 1711 1580 maxime
1734 1525 1802 1580 ab
1831 1525 2075 1583 Ecclesia

500 1601 716 1670 piorum
764 1607 1003 1676 scipsum
1049 1609 1289 1667 alienare
1322 1621 1575 1684 oportere
1613 1624 1788 1685 putat,
1823 1617 1925 1672 huc
1966 1626 2070 1684 est,

499 1694 647 1763 quod
707 1696 956 1753 videlicet
1008 1703 1228 1768 astruit,
1279 1705 1496 1759 tandem
1535 1707 1828 1777 aliquando
1878 1707 2069 1771 Deum,

1711 311 1771 367 s.
1810 308 2136 387 αιιιῖοοῐιιι
2174 311 2460 371 NYSSENI

3623 311 3764 370 1076

2265 428 2425 481 Ἀλλά
2452 430 2502 482 τί
2538 431 2652 493 τοῖς
2678 428 2925 501 ματαίοις
2953 421 3433 501 ἐμφιλοχωροῦμεν
3456 423 3617 494 είκῆς
3649 425 3769 479 δέον

2189 516 2356 587 αὐτὴν
2397 519 2511 580 τοῖς
2552 517 3000 590 φιλοπονωτέροις
3041 517 3120 578 εἰς
3169 514 3389 584 ἔλεγχον
3431 514 3535 584 τῆς
3583 514 3773 578 ἀνοίας

2189 607 2297 660 τῶν
2322 606 2494 675 λόγων
2529 607 2830 680 προτείνειν
2862 606 2955 661 τοῦ
2989 606 3257 676 Εὐνομίου
3295 606 3395 676 τὴν
3425 603 3633 675 βίϐλον,
3673 605 3772 658 καὶ

2188 699 2311 771 δίχα
2339 700 2445 753 τῶν
2464 700 2795 754 εὐθυνόντων
2824 699 3048 753 αὐτόθεν
3070 699 3131 752 οὐ
3168 698 3327 768 μόνον
3350 695 3411 750 τὸ
3440 697 3535 750 τοῦ
3560 697 3772 767 δόγμα-

2186 810 2278 856 τος
2304 792 2650 863 βλάσφημον,
2699 792 2839 846 ἀλλὰ
2867 793 2959 846 καὶ
2999 792 3061 845 τὸ
3106 790 3206 861 τῆς
3256 790 3548 860 συνηθείας
3574 790 3766 844 ἄτονον

2187 885 2297 946 τοῖς
2338 885 2579 947 συνετοῖς
2604 883 2994 936 ἐπιδεικνύναι.
3031 879 3389 949 Πολυτρόπως
3417 880 3528 948 γὰρ
3548 881 3652 932 οὐκ
3669 880 3768 933 ἐπὶ

2186 973 2287 1042 τῆς
2315 974 2587 1046 ἡμετέρας
2614 975 2838 1038 ἐννοίας,
2874 972 3009 1027 ἀλλὰ
3034 971 3175 1025 κατὰ
3202 971 3264 1024 τὸ
3302 971 3450 1041 αὐτῷ
3474 970 3672 1024 δοκοῦν
3702 971 3767 1026 τδ

2184 1066 2285 1134 τῆς
2305 1063 2542 1118 ἐπινοίας
2568 1064 2735 1135 ὄνομα
2751 1062 3203 1135 παρερμηνεύων,
3216 1062 3464 1133 καθάπερ
3492 1064 3552 1116 ἐν
3572 1080 3767 1117 νυκτο-

2189 1155 2361 1225 μαχίᾳ
2396 1154 2623 1227 μηδενὸς
2652 1155 3015 1226 διακρίνοντος
3046 1152 3109 1206 τὸ
3135 1153 3417 1222 φιλόπονόν
3447 1170 3509 1206 τε
3540 1156 3639 1208 καὶ
3667 1156 3765 1208 5.1-

2184 1245 2426 1317 λότριον,
2473 1246 2540 1299 δι’
2572 1240 2647 1301 ὧν
2686 1248 2819 1316 ἡμῖν
2860 1244 3259 1317 προσπολεμεῖν
3287 1245 3473 1305 οἴεται,
3521 1245 3585 1297 τὸ
3632 1246 3768 1300 ἴδιον

2184 1335 2359 1405 δόγμα
2382 1336 2729 1391 κατακεντῶν
2758 1336 2817 1390 οὐ
2843 1335 3108 1405 συνίησιν.
3162 1335 3228 1388 Ὃ
3260 1333 3369 1408 γὰρ
3397 1334 3634 1404 μάλιστα
3666 1336 3766 1404 τῆς

2198 1427 2520 1497 Ἑκκλησίας
2545 1426 2652 1481 τῶν
2697 1425 3062 1500 εὐσεϐούντων
3090 1425 3278 1478 ἑαυτὸν
3305 1424 3619 1492 ἀλλοτριοῦν
3655 1427 3768 1479 ofe-

2183 1536 2270 1572 ται
2298 1518 2406 1572 δεῖν
2426 1560 2440 1581 ,
2467 1518 2628 1573 τοῦτό
2659 1520 2775 1573 ἐστι
2817 1518 2878 1572 τὸ
2905 1518 3353 1582 κατασκευάζειν,
3381 1518 3480 1588 ὀψέ
3510 1536 3641 1571 ποτε
3673 1519 3766 1572 τὸν

2182 1610 2310 1663 Θεὸν
2333 1610 2655 1681 γεγενῆσθαι
2680 1610 2920 1679 Πατέρα,
2951 1610 3044 1664 καὶ
3065 1611 3126 1663 τὸ
3151 1610 3251 1678 τῆς
3282 1610 3621 1680 πατρότητος
3644 1611 3767 1663 ὀνο-

2185 1719 2260 1771 μα
2291 1700 2554 1773 νεώτερον
2589 1698 2727 1755 εἶναι
2754 1701 2864 1755 τῶν
2905 1701 3105 1755 λοιπῶν
3155 1703 3454 1772 ὀνομάτων,
3500 1704 3601 1755 ὅσα
3632 1703 3768 1772 περὶ

498 1780 721 1841 Patrem
749 1802 873 1843 esse
901 1790 1139 1857 factum;
1167 1783 1221 1848 et
1244 1796 1589 1864 paternitatis
1617 1812 1815 1852 nomen
1849 1799 2072 1869 reliquis

2178 1791 2337 1843 αὐτὸν
2359 1791 2593 1861 λέγεται.
2652 1791 2742 1858 Ἐξ
2771 1791 2977 1844 ἐκείνου
3007 1792 3114 1861 γὰρ
3149 1793 3315 1845 αὐτὸν
3347 1792 3611 1863 κληθῆναι
3647 1795 3767 1846 Πα-

498 1875 816 1932 nominibus
860 1872 1133 1940 recentius
1173 1899 1316 1952 csse,
1364 1903 1703 1960 quamuuque
1737 1892 1805 1947 de
1834 1893 1954 1964 ipso
1994 1894 2078 1949 di-

499 1975 721 2023 cuntur.
750 1969 826 2024 E1
863 1971 957 2027 illo
988 1975 1135 2029 enim
1173 1985 1415 2048 tempore
1445 1981 1622 2049 ipsum
1653 1981 1868 2038 Patrem
1913 2000 2076 2039 voca-

497 2067 615 2114 tum
650 2061 841 2126 fuisse,
886 2079 917 2118 a
972 2080 1084 2135 quo
1117 2065 1279 2122 Pater
1336 2073 1621 2140 proposuit
1656 2074 1770 2129 fieri
1804 2085 1857 2131 et
1897 2076 2074 2132 factus

496 2158 601 2206 est.
639 2149 907 2218 Quoniam
935 2154 1100 2223 igitur
1133 2155 1188 2211 in
1220 2157 1323 2213 hoc
1349 2175 1600 2216 sermone
1632 2153 1921 2232 construit,
1953 2181 2073 2221 om-

498 2255 597 2297 nes
638 2257 760 2313 qua‘.
809 2243 878 2299 de
915 2245 1099 2300 divina
1154 2256 1351 2305 natura
1385 2250 1646 2308 dicuntur
1682 2257 2072 2325 appellationes

497 2334 801 2391 secundum
847 2336 1212 2408 signiﬁcatum
1259 2341 1404 2398 inter
1454 2359 1514 2399 se
1569 2355 1761 2402 mutuo
1805 2350 2087 2414 conferri,

495 2426 813 2499 nullamque
844 2431 905 2520 iri
933 2431 1067 2501 ipsis
1092 2448 1217 2490 esse
1253 2433 1636 2492 diﬂerentiam.
1673 2437 1853 2494 Unum
1887 2451 2069 2498 autem

494 2520 801 2589 nominum,
839 2538 961 2594 quae
982 2524 1189 2596 ἀείρεο
1210 2526 1488 2593 dicuntur.
1513 2539 1596 2586 est
1622 2530 1818 2588 Pater:
1853 2541 1911 2589 ut
1925 2535 2069 2589 enim

495 2612 956 2686 iucorruptihilis,
986 2625 1041 2673 et
1064 2627 1326 2687 aeternus,
1354 2622 1435 2677 sic
1459 2629 1515 2677 et
1542 2623 1703 2678 Pater
1727 2626 2067 2691 nominantur,

492 2705 579 2760 vel
617 2706 782 2763 etiam
816 2707 873 2763 in
904 2708 1007 2764 hac
1034 2725 1189 2775 voce,
1221 2727 1341 2766 eam
1366 2728 1529 2782 quam
1559 2713 1625 2770 de
1648 2715 1876 2787 reliquis
1908 2717 2071 2774 habet

493 2796 811 2855 nominibus
869 2802 1198 2856 sententiam
1271 2802 1648 2870 conﬁrmabit,
1724 2814 1779 2862 et
1836 2809 2066 2878 primam

490 2888 803 2957 opinionem
834 2899 1166 2963 corrumpet,
1206 2893 1473 2964 siquidem
1504 2912 1627 2950 cum
1663 2899 1921 2955 omnibus
1968 2915 2069 2971 apo

490 2980 877 3049 pellationibus
902 2983 1065 3038 etiam
1090 2986 1434 3055 paternitatis
1461 2989 1652 3042 notitia
1671 2992 2067 3060 comprehensa

2178 1884 2333 1953 τέρα,
2358 1883 2447 1951 ἀφ’
2479 1875 2541 1935 οὗ
2574 1882 2830 1951 προέθετο
2860 1882 3109 1949 γενέσθαι
3137 1883 3348 1954 Πατὴρ,
3380 1884 3467 1936 καὶ
3506 1885 3763 1950 ἐγένετο.

2191 1971 2404 2043 Ἐπειδὴ
2425 1972 2601 2025 τοίνυν
2624 1973 2681 2024 ὲν
2719 1969 2796 2041 τῷ
2833 1971 2976 2042 λόγῳ
3008 1970 3180 2039 τούτῳ
3224 1974 3621 2037 κατασκευάζει
3650 1976 3765 2028 πά-

2179 2077 2279 2124 σας
2325 2061 2426 2125 τάς
2471 2062 2863 2132 ἐκλεγομένας
2906 2065 2973 2133 τῇ
3024 2062 3144 2133 θείᾳ
3185 2062 3343 2131 φύσει
3382 2064 3763 2135 προσηγορίας

2175 2154 2317 2209 κατά
2364 2156 2425 2209 τὸ
2464 2156 2855 2227 σημαινόμενον
2901 2154 3159 2225 ἀλλήλαις
3203 2154 3611 2225 συμφέρεσθαι,
3663 2157 3765 2209 καὶ

2178 2249 2449 2322 μηδεμίαν
2476 2252 2534 2302 ἐν
2559 2250 2747 2313 αὑταῖς
2781 2244 2920 2302 εἶναι
2942 2249 3224 2318 διαφοράν.
3260 2250 3357 2302 Ἕν
3387 2250 3454 2324 δὲΙ
3479 2250 3591 2302 τῶν
3624 2253 3759 2304 ξιπι⁸

2173 2340 2481 2412 λεγομένων
2526 2342 2669 2410 ἐστὶν
2720 2340 2999 2410 ὀνομάτων
3046 2341 3140 2393 καὶ
3190 2342 3219 2392 ὀ
3261 2341 3481 2411 Πατήρ·
3529 2341 3608 2404 ὡς
3647 2340 3767 2413 γὰρ

2172 2432 2450 2506 ἄφθαρτός
2474 2449 2533 2485 τε
2563 2432 2657 2485 καὶ
2681 2432 2868 2495 ἀΐδιος,
2891 2431 3032 2484 οὕτω
3063 2432 3155 2484 καὶ
3184 2431 3375 2505 Πατὴρ
3405 2432 3765 2501 ὀνομάζεται,

2172 2526 2206 2599 ἢ
2238 2524 2476 2597 κυρώσει
2499 2525 2592 2578 καὶ
2629 2524 2721 2577 ἐπὶ
2759 2524 2856 2593 τῆς
2900 2524 3084 2594 φωνῆς
3108 2523 3314 2595 ταύτης
3341 2523 3439 2594 τὴν
3474 2526 3609 2594 περὶ
3644 2523 3769 2576 τῶν

2172 2615 2373 2670 λοιπῶν
2409 2614 2689 2684 ὀνομάτων
2716 2612 2872 2678 δόξαν
2891 2655 2906 2678 ,
2960 2614 3052 2666 καὶ
3079 2613 3363 2685 διαφθερεῖ
3389 2615 3490 2687 τὴν
3521 2615 3763 2686 πρώτην

2172 2709 2459 2778 ὑπόληψιν,
2486 2707 2645 2779 εἴπερ
2671 2708 2871 2771 πάσαις
2902 2711 3020 2772 ταῖς
3051 2707 3444 2779 προσηγορίαις
3464 2709 3557 2760 καὶ
3586 2710 3620 2778 ἠ
3655 2709 3773 2778 τῆς

2170 2800 2507 2870 πατρότητος
2518 2799 2695 2853 ἔννοια
2710 2817 2771 2852 συ
2780 2816 2887 2869 μπε
2894 2799 3253 2872 ριειλημμένη
3268 2800 3443 2869 τύχοι.
3456 2800 3629 2869 Δῆλον
3645 2802 3774 2872 γὰρ

2169 2891 2251 2944 ὃτι
2277 2891 2327 2943 εί
2367 2890 2560 2943 ταύτὸν
2589 2888 2673 2960 εἴη
2701 2888 2762 2942 τὸ
2806 2890 3206 2960 σημαινόμενον
3229 2890 3512 2960 ἀφθάρτου
3555 2907 3617 2943 τε
3662 2892 3772 2944 καὶ

2170 2982 2403 3054 Πατρδς,
2432 2981 2507 3045 ὡς
2534 2981 2623 3034 ἀεί⁸
2650 2981 2940 3052 ἄφθαρτος,
2964 2981 3134 3045 οὕτως
3163 2983 3249 3035 ἀεὶ
3270 2982 3367 3034 καὶ
3392 2981 3587 3053 Πατὴρ
3610 2982 3763 3053 ὀμο-

492 3068 674 3128 fuerit.
708 3070 1063 3143 Perspicuum
1088 3076 1232 3130 cnim
1267 3077 1413 3146 quod
1443 3079 1488 3132 si
1516 3078 1655 3134 idem
1691 3080 1851 3135 fuerit
1891 3083 2069 3138 incor-

2177 3073 2547 3145 λογηθὴσεται,
2582 3074 2730 3143 μιᾶς,
2765 3071 2841 3135 ὣς
2880 3089 3031 3142 φησι.
3084 3074 3215 3126 πᾶσι
3248 3075 3361 3135 τοῖς
3392 3072 3625 3142 ὀνόμασι
3647 3077 3768 3144 τῆς

490 3160 767 3231 ruptihilis
793 3175 847 3220 et
873 3162 1052 3219 Patris
1100 3166 1489 3236 signiﬁcatum,
1532 3175 1592 3221 ut
1630 3183 1846 3240 semper
1879 3171 2065 3227 incor-

2177 3163 2443 3236 σημασίας
2463 3162 2629 3233 οὔσης
2644 3180 2657 3192 “
2681 3162 2778 3234 ἢεί
2796 3162 3012 3230 φοϐοῖτο
3032 3160 3089 3227 ἐξ
3110 3163 3280 3216 ἀϊδίου
3306 3166 3771 3233 προσμαρτυρεῖν

492 3251 793 3320 ruptihilis.
843 3255 927 3309 sic
965 3270 1182 3326 semper
1212 3257 1376 3312 etiam
1429 3257 1589 3313 Pater
1619 3264 1894 3316 communi
1927 3278 2066 3319 con-

490 3356 658 3396 sensu
692 3342 929 3408 dicetur,
975 3361 1099 3399 cum
1144 3348 1238 3412 sit,
1270 3356 1329 3402 ut
1381 3349 1478 3414 ait,
1516 3366 1622 3404 una
1662 3353 1917 3408 omnibus
1961 3368 2065 3410 no-

492 3433 733 3491 minibus
773 3435 1120 3506 signiﬁeatio,
1161 3440 1247 3494 vel
1299 3439 1346 3495 si
1380 3449 1584 3495 metuat
1615 3441 1724 3497 Deo
1764 3445 2067 3502 attribuere

487 3539 556 3581 ex
588 3524 737 3581 omni
762 3525 1065 3582 aeternitate
1101 3530 1503 3599 paternitatem,
1536 3534 2064 3603 argmnentatiouem

491 3617 804 3683 necessario
842 3616 1122 3685 dissolvet,
1165 3621 1364 3691 cuique
1423 3623 1633 3676 nomini
1682 3625 1958 3695 propriam
2011 3635 2067 3682 et

2168 3257 2246 3329 τῷ
2277 3256 2395 3329 Θεῷ
2424 3256 2520 3326 τὴν
2550 3256 2885 3326 πατρότητα,
2918 3255 3070 3307 λύσει
3095 3254 3212 3308 κατ’
3240 3254 3483 3323 ἀνάγκην
3527 3253 3591 3305 τὸ
3633 3254 3772 3307 ἑπι-

2169 3350 2426 3423 χείρημα,
2453 3350 2666 3420 ἑκάστῳ
2692 3347 2798 3401 τῶν
2839 3348 3121 3418 ὀνομάτων
3156 3347 3484 3416 ἐνυπάρχειν
3520 3343 3771 3408 ἰδιάζου-

2171 3460 2271 3498 σαν
2324 3442 2600 3514 ὁμολογῶν
2648 3440 2945 3510 σημασίαν,
2991 3440 3085 3494 καὶ
3124 3439 3295 3500 οὕτως
3338 3440 3368 3490 ὀ
3407 3436 3579 3501 πολὺς
3605 3438 3769 3507 αὐτῷ

2172 3535 2301 3607 περὶ
2328 3534 2435 3588 τῶν
2470 3532 2751 3604 ὀνομάτων
2783 3530 2963 3597 ὕθλος,
2999 3532 3347 3604 πομφόλυγος
3378 3528 3536 3602 δίκην
3573 3530 3767 3602 ἀπορο

2174 3627 2364 3700 ραγεὶς
2392 3624 2842 3681 κατασϐέννυται.

489 3713 815 3782 peculiarem
848 3713 1029 3771 inesse
1061 3714 1515 3786 signiﬁcationem
1547 3716 1877 3785 conﬁtendo,
1927 3728 1983 3778 et
2028 3723 2109 3779 sic
2159 3723 2340 3778 multa:
2390 3720 2493 3792 ipsi
2539 3719 2607 3775 de
2644 3718 2961 3774 nominibus
3004 3731 3163 3788 nugae
3202 3715 3363 3771 bulla:
3399 3714 3579 3770 instar
3619 3728 3772 3768 con-

489 3815 681 3880 gracta:
738 3806 1183 3876 exstinguuntur.

558 3896 711 3965 Quod
742 3898 787 3954 si
823 3898 1126 3953 contrarias
1156 3911 1279 3952 esse
1318 3896 1511 3951 harum
1549 3912 1741 3953 vocum
1784 3898 2064 3971 signiﬁcatio

2231 3898 2295 3951 Ei
2324 3896 2382 3950 δὲ
2416 3895 2732 3963 ἀπολογοῖτο
2761 3894 2887 3965 περὶ
2914 3894 3013 3964 τῆς
3046 3894 3441 3963 ἐναντιότητος,
3463 3890 3542 3953 ὡς
3580 3891 3761 3963 μόνης

489 3989 668 4045 tiones
719 3988 1070 4061 respondeat,
1135 3988 1265 4060 quia
1311 3989 1562 4045 videlicet
1620 3992 1734 4047 sola
1788 3991 1965 4047 Patris
2010 3998 2067 4049 et

2177 3988 2261 4060 τῆς
2280 3988 2375 4042 τοῦ
2395 3989 2607 4060 Πατρδς
2634 3987 2727 4041 καὶ
2763 3987 2860 4056 τῆς
2885 3984 2978 4037 τοῦ
3011 3984 3342 4056 δημιουργοῦ
3382 3985 3765 4054 προσηγορίας

488 4081 705 4151 opiﬁcis
744 4081 1036 4152 appellatio
1077 4082 1388 4153 generative
1437 4081 1547 4138 Deo
1576 4082 1848 4150 adveniat,
1888 4101 2061 4154 quan-

2177 4078 2675 4151 ίπιγεννηματικῶς
2713 4077 2790 4148 τῷ
2819 4076 2938 4147 Θεῷ
2977 4077 3439 4146 προσγενομένης,
3482 4073 3573 4128 διά
3604 4075 3671 4129 τὸ
3698 4074 3766 4141 ἐξ

487 4173 779 4243 doquidem
808 4189 872 4229 ex
904 4173 1240 4245 operatione,
1277 4183 1333 4229 ut
1360 4173 1477 4245 ipse
1510 4173 1777 4245 loquitur,
1818 4183 2068 4246 utraeque

2177 4172 2465 4246 ἐνεργείας,
2492 4172 2568 4236 ὼς
2602 4172 2765 4235 αὐτὸς
2791 4169 2963 4238 λέγει,
3000 4167 3265 4238 ἑκατέρας
3289 4164 3645 4234 ἐπιλέγεσθαι
3678 4166 3764 4236 τῷ

487 4279 649 4320 voces
676 4264 745 4321 de
776 4263 888 4320 Deo
914 4264 1298 4336 praedicentur,
1323 4280 1423 4321 nos
1443 4265 1723 4321 cohibebit
1751 4265 1983 4320 multum
2008 4266 2060 4321 in

2177 4266 2286 4337 Θεῷ
2313 4266 2413 4330 τὰς
2462 4264 2668 4336 φωνάς,
2709 4260 3038 4333 περιγράψει
3069 4261 3169 4329 τὴν
3211 4257 3409 4329 πολλὴν
3433 4257 3592 4328 ἡμῶν
3622 4260 3766 4331 περὶ

487 4354 593 4411 hoc
624 4353 872 4426 subjecto
908 4355 1217 4424 immorari,
1251 4356 1388 4412 ‘dum
1429 4356 1545 4412 hazc
1587 4357 1899 4421 conﬁtetur,
1939 4373 2063 4428 quae

2177 4360 2227 4412 τὸ
2260 4359 2617 4431 προκείμενον
2661 4356 2936 4427 ἀσχολίαν,
2983 4354 3157 4408 ταῦτα
3193 4352 3486 4424 ὁμολογῶν,
3539 4352 3574 4406 ἃ
3618 4354 3766 4407 πολ-

488 4445 678 4501 multis
709 4454 894 4503 essent
926 4446 1207 4502 laboribus
1259 4461 1289 4500 a
1335 4447 1495 4502 nobis
1553 4449 1951 4519 redarguenda.
2005 4447 2069 4503 Si

2177 4453 2280 4515 λοῖς
2323 4451 2431 4504 ἔδει
2481 4450 2665 4512 πόνοις
2713 4447 2842 4520 παρ’
2880 4445 3036 4516 ἡμῶν
3083 4444 3472 4515 διελέγχεσθαι.
3531 4445 3595 4497 El
3645 4448 3767 4517 γὰρ

483 4538 630 4593 enim
666 4554 775 4595 una
799 4547 885 4595 est
913 4540 1218 4596 conditoris
1249 4549 1303 4596 et
1337 4540 1514 4596 Patris
1546 4543 1696 4596 vocis
1729 4541 2061 4613 signiﬁcatio

2177 4543 2265 4615 μία
2305 4543 2404 4614 τῆς
2437 4559 2498 4595 τε
2553 4540 2644 4595 τοῦ
2689 4537 3030 4611 Δημιουργοῦ
3075 4537 3169 4591 καὶ
3231 4536 3331 4606 τῆς
3391 4534 3485 4589 τοῦ
3537 4537 3764 4609 Harpe;

484 4638 572 4701 (ex
607 4631 930 4703 operatione
959 4630 1105 4687 enim
1143 4630 1442 4702 utraque),
1483 4631 1811 4701 tequivalent
1837 4632 2063 4687 omnino

2177 4636 2348 4707 φωνῆς
2395 4637 2428 4706 ἡ
2495 4633 2740 4704 σημασία
2796 4631 2889 4702 (ἐξ
2945 4630 3225 4701 ἐνεργείας
3274 4630 3382 4699 γὰρ
3439 4629 3759 4699 ἑκάτερα),

483 4722 626 4777 inter
648 4736 707 4778 se
723 4723 889 4777 etiam
915 4737 1036 4793 qua:
1057 4737 1154 4792 per
1180 4737 1343 4779 voces
1363 4721 1746 4792 signiﬁcantur
1781 4741 1795 4777 :
1825 4738 2060 4794 quorum

481 4812 628 4869 enim
664 4812 809 4869 idem
852 4813 1238 4886 signiﬁcatum,
1282 4814 1477 4869 horum
1531 4828 1710 4883 neque
1753 4815 2059 4885 subjectum

481 4918 713 4977 prorsus
747 4904 1042 4976 discrepat.
1085 4906 1143 4961 Si
1189 4922 1319 4976 ergo
1362 4922 1429 4961 ex
1470 4907 1788 4976 operatione
1815 4915 1870 4962 et
1898 4905 2062 4962 Pater

481 5005 537 5052 et
564 4995 748 5067 opifex
782 4996 1122 5065 nominatur,
1168 4998 1328 5068 plane
1361 4995 1508 5052 dicet
1538 4997 1827 5051 immutare
1861 4998 2061 5075 volenti

481 5087 570 5145 his
625 5087 942 5144 nominibus
989 5103 1088 5160 per
1134 5089 1553 5145 conversionem
1606 5090 1705 5154 uti,
1756 5096 1812 5144 et
1857 5089 2059 5155 dicere,

480 5178 629 5249 quod
668 5179 849 5250 opifex
871 5176 1017 5244 Filii,
1059 5186 1115 5235 et
1153 5187 1310 5247 pater
1342 5176 1542 5249 lapidis
1576 5188 1661 5233 cst
1692 5176 1856 5239 Deus.
1891 5178 2061 5248 siqui-

481 5269 606 5326 dem
653 5274 826 5340 patris
867 5270 1166 5342 appellatio
1210 5271 1418 5326 nullam
1471 5280 1680 5326 natura
1734 5270 2058 5326 relationem

482 5364 773 5433 signiﬁcat.
819 5364 975 5432 Quod
1021 5374 1201 5421 autem
1237 5380 1334 5436 per
1384 5364 1489 5420 hoc
1533 5363 1901 5434 praestruitur,
1947 5378 2060 5418 non

484 5455 721 5525 amplius
753 5455 914 5511 habet
957 5456 1351 5512 absurditatem
1384 5456 1715 5528 ambiguam,
1770 5455 1915 5526 apud
1965 5470 2060 5511 eos

486 5542 580 5612 qui
630 5555 809 5602 mente
850 5555 906 5603 et
948 5547 1307 5619 intelligentia
1360 5556 1490 5603 sunt
1529 5548 1763 5619 praediti.
1805 5545 1875 5602 Ut
1912 5546 2057 5603 enim

484 5632 785 5688 absurdum
814 5645 898 5690 est
923 5636 1158 5706 lapidem
1182 5645 1375 5708 putare
1403 5637 1592 5702 Deum,
1618 5639 1700 5693 vel
1729 5638 1876 5693 aliud
1900 5638 2058 5702 quid-

484 5736 651 5795 quam
682 5735 874 5778 eorum
904 5738 1025 5795 qua:
1053 5740 1150 5796 per
1177 5727 1512 5785 creationem
1553 5728 1937 5795 substiterunt,
1978 5730 2058 5786 sic

2166 4728 2474 4797 ἰσοδυναμεϊ
2520 4726 2738 4789 πάντως
2785 4720 3034 4795 ἀλλήλοις
3073 4721 3167 4775 καὶ
3194 4722 3263 4775 τὰ
3294 4721 3380 4774 διὰ
3411 4721 3521 4775 τῶν
3554 4722 3761 4788 φωνῶν

2163 4816 2580 4889 σημαινόμεναο
2647 4807 2722 4867 ὧν
2776 4813 2884 4884 γὰρ
2924 4811 2985 4864 τὸ
3033 4810 3430 4880 σημαινόμενον
3467 4810 3531 4862 τὸ
3579 4811 3755 4875 αὐτὸ,

2161 4907 2367 4960 τούτων
2410 4902 2530 4956 οὐδὲ
2579 4902 2640 4956 τὸ
2677 4901 3039 4970 ὑποκείμενον
3078 4898 3295 4959 πάντως
3342 4898 3618 4969 διάφορον.
3695 4902 3755 4953 Ei

2161 4995 2254 5053 οὖν
2294 4996 2355 5062 ἐξ
2384 4993 2658 5066 ἐνεργείας
2690 4996 2781 5047 καὶ
2806 4991 2997 5062 Πατὴρ
3043 4992 3137 5043 καὶ
3174 4988 3516 5061 Δημιουργὺς
3552 4991 3754 5056 ὀνομά-

2162 5089 2335 5155 ζεται,
2377 5087 2553 5155 ἔξεστι
2582 5085 2795 5148 πάντως,
2832 5083 2924 5138 καὶ
2943 5082 3310 5149 ὑπαλλάξαντι
3337 5080 3478 5134 κατά
3508 5082 3569 5134 τὸ
3606 5083 3754 5134 dum-

2163 5181 2392 5253 στρέφον
2418 5181 2530 5242 τοῖς
2561 5177 2783 5247 ὀνόμασι
2825 5174 3134 5247 χρήσασθαι
3165 5174 3258 5228 καὶ
3285 5173 3458 5225 εἰπεῖν
3477 5211 3494 5236 ,
3534 5174 3620 5225 ὅτι
3650 5173 3746 5225 καὶ

2160 5269 2487 5343 δημιουργὸς
2518 5267 2612 5321 τοῦ
2642 5264 2803 5330 Υίοῦ,
2842 5264 2936 5319 καὶ
2975 5262 3155 5334 πατὴρ
3191 5263 3287 5317 τοῦ
3333 5261 3481 5316 λίθου
3527 5261 3683 5316 ἐστὶν
3720 5263 3747 5315 ὀ

2159 5361 2329 5428 Θεὸς,’
2356 5362 2514 5432 εἴπερ
2552 5358 2780 5430 ἄμοιρόν
2809 5359 2923 5410 ἐστι
2970 5355 3033 5409 τὸ
3066 5353 3160 5408 τοῦ
3205 5353 3412 5424 πατρὸς
3444 5353 3622 5422 ὄνομα
3649 5352 3745 5421 τῆς

2160 5455 2300 5511 κατὰ
2322 5452 2482 5523 φύσιν
2514 5448 2767 5521 σχετικῆς
2801 5446 3092 5519 σημασίας.
3124 5443 3199 5524 Ἱξδ
3230 5443 3289 5498 δὲ
3310 5443 3399 5498 διά
3418 5442 3610 5496 τούτου
3641 5458 3739 5496 xc-

2159 5543 2650 5613 τασκευαζόμενον,
2683 5540 2783 5593 οὐκ
2811 5537 2886 5591 ἐτ’
2915 5536 3213 5608 ἀμφίσολον
3246 5535 3363 5607 ἔχει
3390 5535 3487 5605 τὴν
3513 5532 3739 5588 ἀτοπίαν

2159 5640 2270 5701 τοῖς
2292 5653 2354 5706 γε
2383 5633 2507 5689 νοῦν
2531 5633 2742 5704 ἔχουσιν
2764 5648 2777 5660 '
2806 5630 2887 5693 ὼς-
2914 5629 3025 5701 γὰρ
3052 5628 3252 5684 ἄτοπόν
3278 5630 3395 5681 ἐστι
3424 5626 3570 5679 λίθον
3591 5625 3735 5696 ἠγεῖ-

2164 5728 2288 5783 σθαι
2309 5726 2463 5793 Θεὸν,
2503 5724 2537 5799 ἦ
2581 5723 2709 5780 ἄλλο
2754 5739 2804 5776 τι
2839 5720 2946 5776 τῶν
2978 5720 3067 5775 διὰ
3116 5720 3347 5783 κτίσεως
3372 5717 3713 5774 ὑποστάντων
3742 5764 3762 5788 ,
