4010 6212
279 225 417 281 to'n
848 228 857 239 ’
1369 184 1648 285 comma
1682 224 2076 299 suuoumu,
2116 228 2244 286 LIB.
2288 230 2401 287 xu.
3392 222 3531 281 ms

273 341 448 405 οὓτως
479 337 962 413 όμολογηθήσεται,
1012 344 1145 418 μηδὲ
1185 343 1262 416 τῷ
1284 345 1575 413 Μονογενεῖ
1594 343 1715 416 Θεῷ
1738 345 1848 399 δεῖν

1973 361 2051 400 iro
2096 348 2349 405 confesso
2378 346 2686 413 habebitur,
2733 359 2910 417 neque
2950 348 3206 414 oportere
3238 336 3532 412 Unigenito

282 434 723 505 προσμαρτυρεῖν
752 434 850 505 τὴν
888 434 1137 507 θεότητα,
1170 438 1297 506 μιᾶς
1323 438 1415 490 καὶ
1444 437 1542 507 τῆς
1567 437 1737 504 αὑτῆς
1755 436 1856 505 τῆς

1973 439 2220 494 ieitatem
2246 439 2566 503 attribuere,
2595 450 2721 493 cum
2755 452 2864 492 una
2898 436 3201 506 eademque
3230 432 3529 490 secundum

278 525 422 579 κατά
451 525 547 596 τὴν
568 524 847 595 ἐνέργειαν
872 529 1145 598 σημασίας
1172 529 1485 601 ἀμφοτέρας
1506 528 1582 599 τῷ
1606 528 1725 599 Θεῷ
1757 528 1857 592 τάς

277 616 503 687 κλήσεις
533 615 671 670 κατά
691 617 781 671 τὸν
820 620 1084 690 Εὑνομίου
1119 620 1275 689 λόγον
1306 620 1853 693 προσμαρτυρούσηςι

278 704 400 757 καθ’
420 704 488 775 ήν
508 705 601 758 καὶ
623 705 833 778 Πατὴρ,
855 709 948 761 καὶ
964 708 1304 780 Δημιουργὺς
1324 709 1667 780 ὀνομάζεται.
1698 710 1860 763 Ἀλλά

278 795 390 849 τῶν
425 797 808 868 προκειμένων
838 798 1111 870 ἐχώμεθα.
1194 818 1229 835 ν

348 887 660 941 Διαϐάλλων
686 889 795 960 γάρ
831 889 923 943 τὸν
955 889 1223 961 ἡμέτερον
1251 891 1409 962 λόγον
1439 892 1531 947 τὸν
1562 894 1701 949 κατά
1740 894 1859 948 δια-

283 978 485 1052 φόρους
515 979 772 1044 ὲπιϐολάς
794 980 1019 1050 λέγοντα
1049 982 1148 1054 τὴν
1182 983 1311 1056 σιτερί¹
1334 984 1471 1038 Θεοῦ
1500 985 1700 1055 γνῶσιν
1730 988 1860 1057 ἡμῖν

283 1068 722 1140 συναγείρεσθαι,
744 1070 874 1142 φησί
907 1070 1100 1143 μηκέτ’
1134 1072 1296 1126 αὐτὸν
1324 1072 1453 1143 παρ’
1479 1073 1634 1144 ἡμῶν
1657 1074 1862 1129 ἁπλοῦν

282 1152 422 1211 εἷναι
444 1157 972 1226 κατασκευάζεσθαι,
990 1159 1066 1223 ὡς
1097 1160 1584 1232 μεταλαμϐάνοντα
1608 1162 1715 1214 τῶν
1739 1179 1863 1234 νοη-

286 1250 475 1322 μάτων
500 1249 611 1305 τῶν
638 1251 705 1305 δι’
742 1250 981 1323 ἑκάστης
1018 1252 1386 1324 προσηγορίας
1425 1252 1859 1323 σημαινομένων,

282 1342 381 1394 καὶ
399 1340 487 1395 διὰ
509 1341 608 1411 τῆς
644 1340 867 1396 ἐκείνων
910 1341 1200 1411 μετουσίας
1241 1340 1665 1414 συμπληροῦντα
1688 1341 1863 1413 ἐαυτῷ

236 1490 241 1495 _
282 1429 381 1499 τὴν
407 1430 546 1484 κατά
576 1429 637 1484 τὸ
658 1425 796 1483 εἰναι
822 1428 1121 1484 τελείωσιν.
1155 1428 1341 1482 Ταῦτα
1370 1428 1457 1482 διὰ
1493 1428 1593 1497 τῆς
1626 1427 1864 1498 ἐμαυτοῦ

283 1521 488 1587 λέξεως
540 1521 850 1593 συντέμνων
893 1520 1056 1575 αὐτοῦ
1111 1519 1208 1593 τὴν
1265 1518 1483 1591 μακράν
1529 1518 1862 1588 ἀδολεσχίαν.

1957 530 2326 598 Operationem
2348 527 2673 599 significatio
2693 534 2954 597 utrasque
2976 524 3087 580 Deo
3116 524 3531 594 appellationes.

1960 628 2018 673 ut
2048 619 2303 688 opinatur
2340 619 2663 686 Eunomius,
2700 618 2982 680 attribuat,
3022 614 3323 671 secundum
3369 630 3534 684 quam
3648 606 3653 611 ’

1958 716 2012 764 et
2035 708 2194 765 Pater
2222 717 2276 765 et
2306 708 2486 780 opifex
2516 709 2847 764 nominatur.
2884 704 2992 761 Sed
3024 706 3306 775 proposita
3336 712 3529 761 tenea-

1960 815 2103 855 mus.

2031 890 2291 947 Nostrum
2317 892 2460 947 enim
2480 907 2787 949 sermonem
2816 891 3186 953 calumniam,
3211 871 3303 959 qui
3330 904 3533 943 secun-

1962 982 2090 1037 dum
2143 982 2456 1040 differentes
2514 984 2825 1039 intellectus
2887 981 3281 1054 applicationes
3338 979 3534 1035 asserit

1965 1074 2060 1130 Dei
2091 1075 2455 1146 cognitionem
2490 1077 2544 1130 in
2586 1077 2745 1131 nobis
2771 1075 3021 1138 excitari,
3056 1075 3133 1128 ait
3163 1089 3270 1128 non
3299 1072 3535 1142 amplius

1964 1166 2144 1236 ipsum
2181 1183 2211 1222 a
2243 1168 2401 1224 nobis
2431 1167 2732 1236 simplicem
2762 1181 2883 1222 esse
2920 1166 3193 1237 praestrui,
3230 1166 3357 1236 quia
3386 1163 3535 1219 vide:

1963 1254 2091 1310 licet
2131 1257 2384 1312 notiones
2409 1272 2530 1327 qua:
2560 1271 2656 1326 per
2690 1242 2963 1325 quamque
3008 1253 3424 1323 appellationem
3459 1250 3536 1305 si-

1964 1346 2311 1417 gniﬁcantur,
2344 1348 2481 1404 alias
2506 1354 2630 1417 post
2658 1347 2793 1402 alias
2827 1354 3092 1409 assumat,
3118 1352 3172 1399 et
3205 1360 3297 1415 per
3320 1343 3567 1415 illaruuu

1967 1438 2429 1507 participationem
2491 1438 2593 1493 sibi
2668 1437 2772 1507 ipsi
2827 1436 3229 1506 perfectionem
3282 1435 3537 1490 essentia:

1965 1529 2254 1598 compleat.
2276 1528 2409 1600 llaec
2451 1528 2687 1598 pr0priis
2728 1529 2913 1583 verbis
2954 1527 3205 1591 recitavi,
3232 1525 3533 1580 «oncidens

298 1612 458 1666 vim
512 1612 649 1684 πρὸς
690 1611 789 1684 τὴν
831 1612 1064 1683 ματαίαν
1103 1610 1306 1680 ταύτην
1340 1610 1491 1681 οἶμαι
1544 1610 1639 1663 καὶ
1682 1608 1868 1663 ἄτονον

1973 1617 2088 1686 ejus
2115 1618 2384 1687 prolixam
2423 1616 2773 1687 nugationem
2831 1615 2946 1670 sive
2998 1612 3391 1685 garrulitatem.
3431 1609 3536 1667 Sed

285 1703 719 1776 περιττολογίαν,
754 1703 874 1757 οὐδὲ
904 1703 1002 1774 τὴν
1049 1703 1369 1774 ἀντίρρησιν
1406 1702 1469 1755 ἄν
1508 1718 1633 1756 τινα
1662 1701 1769 1754 τῶν
1806 1698 1865 1754 εὖ

1973 1708 2038 1763 ad
2088 1710 2231 1763 hanc
2282 1724 2478 1764 vanam
2521 1716 2575 1763 et
2628 1705 2921 1761 invalidam
2968 1717 3541 1774 supervacaneatnque

285 1795 624 1868 φρονούντων
668 1794 775 1861 ἔξω
816 1798 913 1866 τῆς
966 1793 1109 1848 κατά
1161 1795 1261 1863 τὴν
1312 1792 1495 1847 ἄνοιαν
1535 1793 1869 1864 κατηγορίας

285 1883 638 1955 ποιήσασθαι.
672 1885 733 1937 Εἰ
757 1884 855 1955 μὲν
882 1884 989 1955 γάρ
1006 1900 1060 1935 τι
1087 1881 1323 1937 τοιοῦτον
1340 1885 1397 1937 ὲν
1422 1885 1531 1945 τοῖς
1548 1883 1678 1954 παρ’
1703 1882 1859 1954 ήμῶν

284 1977 596 2048 είρημένοις
634 1971 721 2046 ἦν,
773 1975 879 2028 ἔδει
914 1975 1132 2038 πάντως
1172 1975 1316 2045 ἡμᾶς
1360 1972 1394 2044 ἢ
1430 1971 1869 2027 ἀνατίθεσθαιτά

284 2068 473 2131 κακῶς
507 2067 791 2140 εἰρημένα,
824 2066 857 2138 ἢ
894 2066 952 2119 τὸ
983 2066 1283 2137 ἀμφίϐολον
1313 2065 1410 2135 τῆς
1448 2063 1687 2126 διανοίας
1731 2062 1867 2134 πρδς

283 2160 347 2215 τὸ
391 2159 684 2214 ἀνεύθυνον
734 2162 833 2230 τῆς
883 2158 1178 2230 ἑρμηνείας
1220 2158 1393 2227 ἄγειν.
1452 2156 1602 2209 Ἐπεὶ
1651 2155 1707 2208 δὲ
1745 2155 1867 2209 οὔτε

283 2251 501 2323 είρηται
554 2252 686 2323 παρ’
735 2250 892 2322 ήμῶν
949 2249 1190 2303 τοιοῦτον
1241 2249 1431 2315 οὐδὲν,
1493 2246 1616 2301 οὔτε
1675 2249 1708 2319 ή
1762 2247 1867 2303 τῶν

283 2342 593 2415 εἰρημένων
649 2342 939 2397 ἀκολουθία
998 2341 1135 2413 πρὸς
1180 2339 1281 2412 τὴν
1320 2339 1575 2411 τοιαύτην
1624 2340 1868 2412 ἀνάγκην

284 2431 478 2497 ὶξωθεῖ
514 2431 613 2503 τὴν
652 2431 905 2496 διάνοιαν,
931 2430 983 2484 τί
1020 2431 1100 2484 δεῖ
1140 2433 1253 2494 τοῖς
1288 2430 1736 2502 ὁμολογουμένοις
1783 2434 1867 2485 év-

284 2518 625 2593 διατρίϐοντα
646 2521 961 2575 ἀποκναίειν
985 2522 1108 2584 τοὺς
1130 2520 1556 2590 ἐντυγχάνοντας
1583 2523 1649 2591 τῇ
1679 2537 1863 2591 παρα-

286 2609 439 2664 τάσςι
464 2610 559 2662 τοῦ
588 2610 745 2679 λόγου
773 2627 788 2676 ;
823 2610 1052 2681 Τίςλγάρ
1081 2610 1252 2673 οῦτως
1284 2608 1389 2674 ἔξω
1424 2610 1659 2674 διανοίας
1690 2611 1861 2675 ἐστὶν,

287 2702 360 2765 ὡς
389 2702 633 2766 ἀκούσας
665 2701 754 2755 διά
787 2701 999 2755 πολλῶν
1026 2703 1314 2773 νοημάτων
1339 2701 1438 2764 τὰς
1474 2702 1717 2766 εὐσεϐεῖς
1740 2706 1868 2774 περὶ

288 2794 423 2849 Θεοῦ
457 2795 755 2866 ὑπολήψεις
794 2793 1160 2866 ἀθροίζεσθαι,
1197 2794 1451 2850 σύνθετον
1483 2796 1548 2848 ὲκ
1595 2795 1867 2866 διαφόρων

292 2887 354 2941 τδ
382 2888 541 2942 Θεῖον
565 2886 797 2952 οἴεσθαι,
820 2886 853 2959 ἢ
886 2888 948 2939 ὲκ
968 2885 1322 2958 μεταλήψεὼς
1351 2905 1510 2941 τινων
1536 2888 1715 2958 ἑαυτῷ
1747 2905 1870 2941 συν⁴

1972 1799 2331 1869 loquentiam,
2369 1813 2545 1868 neque
2574 1798 3018 1867 quemquam‘qui
3052 1804 3199 1850 recte
3227 1794 3404 1863 sapiat
3441 1793 3539 1849 de-

1971 1890 2096 1944 bere
2142 1888 2570 1944 contradicendo
2627 1886 2958 1956 respondere
3023 1887 3142 1940 sine
3187 1884 3541 1939 accusatione
3638 1958 3641 1963 η

1968 1980 2219 2035 amentiae
2270 1978 2533 2033 arbitror.
2587 1976 2646 2031 Si
2698 1976 2842 2032 enim
2886 1974 3015 2045 quid
3068 1974 3176 2028 tale
3231 1974 3286 2028 in
3336 1974 3541 2027 nostris

1968 2070 2127 2125 dictis
2148 2076 2315 2135 esset,
2350 2075 2628 2137 oporteret
2654 2081 2755 2121 nos
2786 2064 3073 2118 maledicta
3101 2071 3422 2125 retractare,
3457 2061 3540 2116 vel

1969 2159 2112 2230 quod
2155 2158 2464 2230 ambiguam
2507 2155 2835 2213 sententiam
2873 2154 3057 2214 habet,
3100 2151 3169 2208 ad
3214 2152 3541 2221 interpreta-

1969 2230 2141 2306 ιὶοιιίέ
2158 2264 2451 2304 censuram
2491 2258 2545 2303 et
2568 2261 2798 2303 examen
2822 2258 3101 2301 revocare.
3144 2240 3250 2298 Sed
3279 2240 3540 2312 quoniam

1969 2342 2104 2397 nihil
2140 2340 2441 2412 quidquam
2472 2338 2580 2394 tale
2614 2352 2645 2392 a
2677 2337 2834 2393 nobis
2858 2335 3062 2391 dictum
3092 2343 3175 2390 est
3202 2375 3217 2397 ,
3264 2347 3440 2403 neque
3468 2332 3545 2385 di-

1966 2442 2178 2489 ctorum
2210 2430 2528 2487 consecutio
2562 2429 2628 2484 ad
2661 2430 2825 2484 talem
2862 2426 3243 2484 necessitatem
3270 2424 3544 2494 compellit

1966 2524 2379 2595 cogitationem,
2412 2521 2544 2593 quid
2588 2536 2727 2593 opus
2771 2527 2856 2576 est
2886 2520 2942 2573 in
2977 2518 3288 2573 manifestis
3315 2524 3371 2572 et
3408 2531 3543 2571 con-

1969 2616 2128 2673 fessis
2162 2615 2549 2670 iinmorantem
2578 2613 2815 2668 lectores
2847 2610 3008 2665 taedio
3030 2608 3241 2664 allicere
3273 2608 3543 2662 sermonis

1968 2708 2368 2781 protractione?
2393 2707 2528 2773 Quis
2564 2705 2710 2760 enim
2745 2705 2819 2759 ita
2851 2711 3008 2759 extra
3053 2708 3292 2757 mentem
3330 2707 3439 2766 est,
3479 2707 3546 2754 ut

1968 2816 2093 2855 cum
2124 2798 2355 2855 audierit
2386 2813 2482 2868 per
2514 2797 2716 2852 multas
2747 2794 2999 2850 notiones
3042 2793 3111 2848 de
3138 2791 3248 2847 Deo
3279 2791 3396 2863 pias
3427 2790 3546 2861 opi-

1970 2894 2167 2949 niones
2200 2890 2469 2958 acervari,
2500 2906 2568 2945 ex
2601 2887 2835 2945 diversis
2869 2901 3069 2941 numen
3101 2884 3395 2940 conflatum
3422 2899 3546 2939 esse

291 2978 538 3051 αγείρειν
571 2977 670 3049 τὴν
711 2977 1060 3048 τελειότητα;
1090 2976 1302 3049 Εῦρατό
1339 2995 1421 3042 τις
1452 2978 1571 3032 καθ’
1612 2979 1865 3033 ὑπόθεσιν

1974 2992 2144 3057 putet,
2178 2985 2261 3041 vel
2291 3001 2355 3040 ex
2387 2980 2857 3052 transsumptione
2899 2976 3259 3050 quorumdam
3299 2976 3403 3031 sibi
3439 2974 3541 3045 ipsi

292 3069 654 3143 γεωμετρίαν,
680 3072 708 3125 ό
737 3070 793 3124 δὲ
825 3070 986 3134 αὐτὸς
1020 3063 1173 3134 οὗτος
1208 3069 1523 3141 ῦπειλήφθω
1557 3072 1648 3125 καὶ
1675 3075 1868 3144 ἀστρο-

293 3163 485 3233 νομίας
509 3161 733 3233 εὑρετής
760 3157 918 3227 εἶναι,
940 3162 1188 3233 ἰατρικῆς
1216 3178 1272 3214 τε
1303 3162 1462 3215 πάλιν
1488 3162 1581 3215 καὶ
1615 3180 1873 3235 γραμμα-

291 3256 474 3325 τικῆς,
509 3256 603 3307 καὶ
635 3253 932 3326 γεωργίας,
970 3252 1064 3306 καὶ
1100 3252 1274 3306 ἄλλων
1301 3253 1554 3307 τοιούτων
1588 3255 1872 3325 ὲπιτηδευυ

296 3347 486 3419 μάτων
535 3347 717 3401 τινῶν.
778 3342 904 3417 'Ap’
944 3345 1139 3429 ἐπειδὴ
1177 3345 1353 3399 πολλά
1392 3347 1487 3400 καὶ
1535 3346 1765 3419 διάφορα
1803 3350 1871 3403 τά

292 3438 535 3509 ὀνόματα
563 3437 671 3491 τῶν
696 3435 1139 3507 ἐπιτηδευμάτων
1165 3435 1294 3505 περί
1314 3435 1414 3508 τήν
1447 3436 1573 3507 μίαν
1590 3436 1870 3509 θεωρεῖται

291 3530 506 3601 ψυχὴν,
555 3529 803 3592 σύνθετος
847 3527 934 3581 διά
982 3528 1140 3582 τοῦτο
1181 3530 1217 3599 ή
1264 3528 1410 3598 ψυχὴ
1454 3528 1868 3599 νομισθήσεται;

294 3623 493 3678 Καίτοι
520 3639 584 3692 γε
622 3621 871 3674 πλεῖστον
912 3620 1155 3691 διαφέρει
1187 3618 1248 3672 τὸ
1290 3620 1434 3673 κατά
1468 3619 1566 3691 τὴν
1626 3622 1870 3694 ἰατρικὴν

296 3714 697 3786 σημαινόμενον
736 3711 839 3781 τῆς
886 3710 1287 3783 ἀστρονομικῆς
1341 3712 1673 3783 ἐπιστήμης,
1710 3714 1805 3767 καὶ
1836 3717 1870 3784 ή

294 3804 661 3879 γραμματικὴ
693 3804 828 3875 πρὸς
866 3802 966 3877 τὴν
993 3801 1334 3873 γεωμετρίαν
1362 3803 1618 3874 οὐδεμίαν
1643 3804 1783 3858 κατά
1811 3804 1872 3857 τὸ

299 3895 697 3968 σημαινόμενον
739 3896 836 3966 τὴν
872 3891 1153 3949 κοινωνίαν
1185 3893 1297 3963 ἔχει
1321 3908 1335 3921 ’
1388 3894 1496 3948 οὐδ’
1544 3891 1609 3949 αὖ
1651 3897 1812 3950 πάλιν
1837 3898 1872 3969 ή

294 3988 568 4051 ναυτιλία,
592 3988 684 4041 καὶ
716 3988 749 4058 ὴ
774 3985 1059 4056 γεοπονίαο
1092 3985 1226 4040 ἀλλά
1259 3986 1366 4057 μὴν
1391 3988 1519 4059 περὶ
1546 3988 1643 4059 τὴν
1673 3988 1869 4061 ψυχὴν,

293 4079 506 4134 τούτων
538 4077 774 4148 ἑκάστης
803 4078 894 4130 τὸν
919 4076 1074 4144 λόγον
1118 4075 1342 4130 δυνατὸν
1382 4076 1754 4149 ἀθροισθῆναι,
1781 4081 1874 4134 καὶ

294 4170 363 4224 οῦ
416 4169 504 4223 διά
540 4166 696 4222 τοῦτο
740 4166 1130 4231 πολυσύνθετος
1182 4168 1217 4237 ή
1269 4165 1415 4239 ψυχὴ
1458 4166 1696 4237 γίνεται,
1754 4170 1873 4225 οὐδὲ

300 4262 484 4315 πάντα
503 4259 574 4313 τά
592 4259 827 4330 ὀνόματα
845 4257 953 4311 τῶν
974 4255 1417 4328 ἐπιτηδευμάτων
1438 4257 1573 4329 πρὸς
1596 4258 1654 4312 ἓν
1678 4276 1876 4330 σημαι-

1979 3076 2365 3148 perfectionem
2416 3072 2750 3145 congerere?
2793 3070 3069 3126 Ponamus
3105 3070 3341 3141 aliquem
3390 3069 3546 3124 inve-

1978 3170 2126 3223 nisse
2151 3164 2529 3238 geometriam,
2562 3164 2649 3219 hic
2671 3163 2813 3219 idem
2840 3162 3184 3218 existimetur
3199 3158 3549 3216 astronomia

1979 3261 2227 3314 inventor
2258 3271 2401 3322 esse,
2435 3254 2719 3311 medicina:
2746 3268 2943 3311 rursus
2989 3263 3044 3309 et
3076 3252 3467 3325 grammaticae.
3492 3261 3549 3305 et

1977 3348 2346 3419 agriculturae,
2367 3353 2421 3402 et
2446 3344 2677 3400 aliorum
2711 3342 3070 3415 quorumdam
3110 3340 3300 3396 talium
3337 3337 3549 3395 studio-

1978 3457 2122 3496 rum.
2160 3439 2244 3493 An
2273 3453 2398 3493 cum
2440 3436 2611 3492 multa
2641 3442 2695 3491 et
2727 3433 3043 3489 differentia
3073 3433 3293 3488 nomina
3334 3430 3550 3487 studio-

1976 3548 2121 3597 rum,
2155 3531 2210 3585 in
2243 3544 2350 3584 una
2370 3526 2789 3584 considerantur
2817 3525 3021 3589 anima,
3054 3530 3274 3594 propter
3303 3523 3406 3578 hoc
3426 3524 3548 3576 ani-

1977 3637 2064 3676 nta
2084 3620 2389 3690 composita
2404 3615 2845 3673 esistimahitur?
2863 3615 3027 3686 Atqui
3049 3615 3343 3683 plurimum
3368 3612 3551 3668 differt

1978 3711 2267 3765 medicina
2294 3707 2661 3778 signiﬁcatum
2692 3704 2762 3759 ab
2791 3705 3161 3760 astronomica
3201 3702 3456 3769 scientia,
3494 3710 3550 3758 et

1980 3801 2336 3874 grammatica
2358 3814 2483 3853 cum
2501 3797 2798 3867 geometria
2826 3796 3032 3850 nullam
3057 3795 3358 3851 secundum
3379 3795 3550 3865 signi-

1980 3895 2198 3951 ﬁcatum
2229 3890 2671 3948 communionem
2720 3887 2905 3954 habet,
2951 3902 3129 3957 neque
3166 3899 3362 3941 rursus
3391 3887 3547 3941 navi-

1979 3986 2127 4057 gatio
2163 3994 2219 4041 et
2249 3982 2586 4055 agricultura
2612 3999 2626 4036 :
2656 3990 3032 4036 verumtamen
3056 3977 3171 4033 fieri
3194 3984 3371 4047 potest
3399 3986 3459 4032 ut
3492 3978 3545 4032 in

1982 4093 2088 4134 una
2117 4077 2418 4144 eademque
2450 4074 2633 4128 anima
2677 4071 2871 4125 harum
2918 4068 3163 4124 omnium
3193 4066 3546 4124 scientiarum

1980 4170 2125 4225 ratio
2151 4174 2501 4237 congeratur,
2538 4177 2714 4233 neque
2746 4168 3036 4230 pr0pterea
3078 4159 3259 4213 anima
3289 4159 3361 4214 sit
3392 4171 3548 4214 com-

1982 4262 2181 4331 posita,
2235 4271 2411 4327 neque
2465 4252 2646 4310 omnia
2687 4250 3102 4319 disciplinarum
3146 4255 3202 4304 et
3241 4248 3545 4303 studiorum

299 4348 528 4420 νόμενον
569 4349 949 4420 ἀνακιρνᾶται.
1010 4347 1073 4400 Εἰ
1106 4344 1286 4400 τοίνυν
1324 4348 1352 4400 ό
1387 4347 1723 4420 ἀνθρώπινος
1751 4350 1869 4415 νοῦς

1979 4351 2200 4408 nomina
2234 4349 2289 4403 in
2331 4363 2441 4402 uno
2485 4345 2792 4417 signiﬁcatu
2820 4343 3267 4398 commiscentnr.
3300 4338 3358 4394 Si
3384 4339 3550 4411 igitur

300 4440 392 4495 διά
418 4439 684 4494 τοσούτων
728 4440 859 4511 περὶ
900 4437 1064 4492 αὐτοῦ
1110 4437 1438 4509 λεγομένων,
1491 4440 1641 4494 οὐδὲν
1676 4443 1757 4505 εἰς
1778 4442 1876 4515 τὴν

301 4531 586 4602 ἁπλότητα
633 4529 951 4601 βλάπτεται,
987 4527 1106 4591 πῶς
1146 4527 1211 4582 ἀν
1240 4544 1324 4592 τις
1366 4528 1575 4601 οἰηθείη
1605 4530 1695 4584 τὸν
1723 4531 1875 4598 Θεὸν,

304 4625 355 4678 εἰ
380 4622 565 4692 σοφὸς,
609 4622 703 4675 καὶ
746 4621 973 4683 δίκαιος,
1010 4620 1105 4672 καὶ
1150 4617 1374 4686 ἀγαθὸς,
1405 4620 1499 4673 καί⁵
1544 4620 1731 4687 ἀΐδιος,
1785 4623 1880 4677 καί⁵

304 4715 487 4771 πάντα
515 4712 584 4767 τά
602 4712 877 4786 θεοπρεπῆ
900 4712 1114 4766 καλοῖτο
1137 4710 1396 4780 ὀνόματα,
1435 4712 1483 4764 εἰ
1508 4712 1583 4783 μὴ
1611 4713 1713 4784 μία
1746 4715 1879 4768 πᾶσι

302 4805 591 4878 νομισθείη
605 4807 715 4869 τοῖς
732 4803 958 4875 ὀνόμασι
977 4800 1240 4872 σημασία,
1256 4799 1290 4871 ἦ
1308 4801 1593 4873 πολυμερῆ
1611 4803 1875 4873 γίνεσθαι,

304 4899 339 4969 ἦ
380 4899 444 4951 ἐκ
475 4896 764 4967 μετουσίας
792 4892 996 4947 τούτων
1016 4891 1076 4945 τὸ
1099 4890 1303 4946 τέλειον
1327 4891 1507 4962 ἑαυτῷ
1536 4896 1879 4966 συναγείρειν

303 4989 406 5060 τῆς
430 4987 646 5058 φύσεως
666 5009 681 5056 δ

392 5165 532 5220 Ἀλλ’
562 5163 904 5235 ἐξετάσωμεν
933 5162 1099 5215 αὑτοῦ
1127 5162 1221 5216 καὶ
1246 5163 1343 5236 τὴν
1373 5165 1733 5237 σφοδροτέραν
1756 5168 1879 5221 καθ’

306 5256 468 5328 ήμῶν
502 5255 834 5327 κατηγορίαν
871 5253 1100 5324 ἔχουσαν
1130 5252 1333 5319 οὕτως·
1369 5258 1439 5310 Εἰ
1466 5254 1534 5309 δὲ
1554 5256 1662 5322 δεῖ,
1694 5258 1878 5329 φησιν,

307 5349 408 5404 ἐπὶ
427 5349 533 5404 τὸν
568 5347 1018 5418 ἀποτομώτερον
1053 5348 1324 5420 χωρῆσαι
1355 5351 1561 5420 λόγον,
1602 5350 1745 5406 οὐδὲ
1768 5351 1884 5419 τὴν

309 5438 533 5493 οὐσίαν
551 5436 743 5506 αὐτὴν
761 5437 1149 5506 ἀνεπίμικτον
1168 5438 1266 5493 καί
1287 5439 1552 5509 καθαρὰν
1575 5440 1880 5509 φυλάσσει

312 5529 433 5584 τῶν
458 5529 743 5598 χειρόνων
771 5527 870 5583 καί
903 5526 1022 5582 τῶν
1045 5528 1353 5582 ἐναντίων.
1405 5528 1467 5582 Ἦ
1504 5530 1602 5601 μὲν
1629 5527 1721 5585 οὖν
1746 5549 1879 5587 κατ-

310 5621 515 5695 ηγορία
539 5614 806 5688 τοσαῦτψ
843 5622 872 5677 δ
899 5620 955 5676 δι
999 5620 1108 5678 τῶν
1136 5620 1492 5693 ἐγκλημάτων
1519 5621 1735 5694 ἔλεγχος
1764 5625 1877 5692 τίς;

1980 4436 2217 4499 humana
2248 4454 2403 4496 mens
2436 4452 2534 4509 per
2572 4435 2796 4491 totidem
2832 4449 2955 4506 qum
2995 4436 3062 4491 de
3106 4435 3223 4503 ipsa
3262 4434 3546 4495 dicuntur,

1978 4534 2113 4590 nihil
2168 4533 2223 4587 in
2263 4546 2361 4588 sua
2408 4528 2761 4599 simplicitate
2817 4526 3053 4591 laeditur,
3102 4525 3378 4597 quomodo
3425 4524 3549 4595 quis

1980 4624 2148 4680 Deum
2193 4620 2487 4692 putaverit,
2522 4618 2568 4675 si
2594 4618 2835 4688 sapiens,
2867 4623 2921 4670 et
2941 4615 3146 4685 justus,
3176 4621 3231 4669 et
3260 4614 3459 4677 bonus,
3491 4623 3546 4668 et

1979 4715 2369 4784 sempiternus,
2406 4719 2461 4767 et
2496 4710 2755 4765 omnibus
2798 4707 2909 4763 Deo
2939 4707 3157 4763 decoris
3187 4713 3413 4761 vocetur
3444 4720 3544 4759 no-

1981 4805 2242 4869 minibus,
2266 4804 2309 4860 si
2328 4810 2448 4858 ‘non
2473 4800 2728 4856 omnibus
2752 4798 2902 4854 hisce
2939 4797 3250 4854 nominibus
3290 4811 3397 4850 una
3423 4797 3545 4851 exi-

1979 4899 2201 4954 stimata
2261 4896 2424 4951 fuerit
2474 4907 2599 4949 esse
2644 4890 3009 4961 significatio,
3067 4890 3252 4945 multis
3297 4887 3546 4960 partibus

1980 4997 2260 5053 constare,
2297 4986 2382 5042 vel
2410 5001 2474 5041 ex
2506 4986 2698 5039 horum
2731 4980 3152 5053 participatione
3181 4990 3388 5035 natura:
3422 4991 3547 5047 per-

1981 5081 2273 5137 fectionem
2307 5078 2411 5135 sibi
2439 5075 2824 5131 accumulare?

2054 5173 2160 5229 Sed
2193 5172 2314 5242 ejus
2344 5164 2802 5226 vehementiorem
2851 5177 3043 5222 contra
3095 5181 3197 5220 nos
3233 5164 3542 5220 accusatio-

1980 5280 2105 5320 nem
2128 5261 2528 5323 examinemus,
2563 5275 2685 5329 qua:
2713 5259 2792 5314 sic
2828 5257 3010 5313 habet.
3044 5256 3200 5323 Quod
3235 5258 3304 5321 si,
3346 5255 3547 5325 inquit,

1982 5355 2050 5410 ad
2084 5354 2390 5409 severiorem
2421 5361 2621 5420 oportet
2645 5350 2939 5404 orationem
2965 5350 3159 5414 venire,
3186 5364 3347 5419 neque
3382 5363 3551 5403 essene
3625 5354 3631 5361 '

1983 5446 2111 5499 (iam
2136 5445 2306 5513 ipsam
2334 5442 2719 5511 impermislam
2748 5449 2798 5493 et
2822 5456 2854 5494 ιι
2884 5440 3235 5495 deterioribus
3259 5451 3311 5495 et
3337 5452 3552 5495 contra-

1982 5538 2078 5591 riis
2101 5549 2291 5604 puram
2313 5542 2505 5588 servat.
2537 5530 2663 5587 llaec
2699 5531 2865 5602 igitur
2896 5531 3179 5588 accusatio
3204 5539 3399 5587 contra
3423 5546 3544 5589 nos.

1983 5626 2273 5684 criminum
2336 5631 2515 5680 autem
2572 5622 2839 5693 probatio,
2869 5621 3032 5695 qua?
3086 5620 3382 5681 Videamus
3430 5624 3550 5693 eius
