4010 6212
416 256 557 317 1θ79

1652 253 1709 309 S.
1747 244 2075 307 GREGORII
2111 246 2403 306 NYSSENI

3526 237 3664 295 1080

420 373 794 433 vehementem
819 389 995 448 ipsam
1019 383 1073 432 et
1099 373 1395 430 oratoriam
1423 378 1612 431 contra
1643 388 1744 429 nos
1770 387 1989 444 aggres-
2017 373 2035 429 Α

2135 373 2321 443 ἴδωμεν
2367 360 2537 436 αὐτὴν
2581 363 2677 436 τὴν
2732 362 2966 436 σφοδρὰν
3008 359 3172 416 αὖτοῦ
3214 360 3309 415 καὶ
3369 359 3665 429 ῥητορικὴν

421 465 657 523 sionem.
708 468 790 534 Si,
840 466 1040 537 inquit,
1091 465 1376 521 secundum
1431 462 1493 520 id
1541 464 1681 536 quod
1725 465 1842 519 uiue
1888 464 1995 533 ﬁne

2135 464 2214 519 αθ’
2257 461 2414 534 ἡμῶν
2446 457 2805 530 ἐπιχείρησιν.
2854 457 2924 509 Εἰ
2952 453 3099 509 κατὰ
3131 452 3194 506 τὸ
3241 450 3670 516 ἀτελεύτητον,

425 562 569 609 caret
622 555 797 609 solum
845 564 924 609 est
971 555 1407 623 incorruptibitis,
1443 565 1491 610 et
1530 553 1816 609 secundum
1856 552 1995 624 quod

425 645 677 712 principii
728 651 808 698 est
852 660 1039 714 expers
1072 646 1243 699 solum
1290 656 1366 700 est
1419 646 1699 716 ingenitus,
1740 654 1996 715 quatenus

431 740 537 789 n‘on
559 744 636 789 est
667 736 1107 805 incorruptibitis,
1139 737 1500 807 corruptibilis
1522 738 1646 801 crit,
1685 747 1736 791 et
1764 751 1868 807 qua
1894 750 1999 789 non

430 834 510 879 est
529 826 813 895 ingenitus,
839 828 939 881 erit
960 828 1183 897 genitus.
1209 826 1272 881 Et
1289 828 1477 883 eodem
1502 841 1695 883 rursus
1716 834 1999 895 resumpto

434 916 552 974 iniit
590 932 604 970 :
643 915 970 989 Erit-igitur
1022 918 1308 973 secundum
1356 919 1413 972 id
1453 917 1873 989 quotﬂprincipii
1923 923 2004 970 est

2096 554 2250 628 φησὶ,
2280 553 2392 619 τῆς
2429 548 2575 619 ζωῆς
2596 549 2788 619 μόνον
2824 545 2997 599 ἐστὶν
3030 542 3347 612 ἄφθαρτος,
3388 538 3490 593 καὶ
3521 538 3674 593 κατά

2097 646 2164 700 τὸ
2215 645 2479 713 ἄναρχον
2528 641 2720 711 μόνον
2758 637 3118 707 ἀγένητος,
3172 632 3317 688 καθὸ
3357 632 3446 703 μή
3498 631 3677 685 ἐστιν

2098 738 2415 807 ἄφθαρτος,
2438 731 2696 803 φθαρτὸς
2710 730 2897 809 ἔσται,
2919 726 3016 781 καὶ
3038 726 3182 780 καθὸ
3195 724 3278 795 μή
3302 722 3475 777 ἐστιν
3493 722 3675 809 arer-

2099 844 2301 894 νητσς,
2331 821 2619 895 γεννητὸς
2642 808 2838 876 ἔσται.
2884 818 2993 872 Καὶ
3030 811 3386 869 ὲπαναλαόὼν
3417 810 3583 866 πάλιν
3611 808 3677 863 sb

2102 916 2234 972 αύτό
2277 930 2439 987 φησιν
2466 930 2480 944 ο
2537 913 2742 967 Ἔσται
2795 910 2911 978 ἄρα
2952 906 3101 962 κατὰ
3136 906 3253 976 μὲν
3276 903 3343 958 τὸ
3380 903 3675 971 ἄναρχον,

421 1022 639 1078 expers,
672 1010 939 1079 ingenitus
964 1011 1196 1065 simulet
1229 1008 1612 1078 corruptibilis,
1642 1017 1691 1062 et
1717 1004 2003 1062 secundum

2135 1008 2433 1079 irérrntoc
2456 1004 2602 1075 ὁμοῦ
2628 1003 2723 1058 καὶ
2750 998 3027 1072 φθαρτὸς,
3068 997 3218 1053 κατὰ
3244 995 3312 1050 δὲ
3339 996 3406 1048 τὸ
3429 992 3680 1048 ἀτελεύ-

435 1102 576 1171 quod
599 1100 757 1169 ﬁnem
790 1117 895 1155 non
914 1100 1090 1163 habet,
1129 1099 1553 1167 incorruptibitis
1586 1098 1747 1179 simul
1783 1106 1833 1152 et
1859 1080 2035 1167 geni-V

2135 1116 2305 1168 ἠτον,
2351 1097 2649 1167 ἄφθαρτος
2676 1092 2826 1164 ὁμοῦ
2858 1091 2972 1179 ςιιαίΔ
2994 1089 3313 1179 γεννητόςέ
3356 1087 3415 1140 Ὀ
3584 1079 3681 1179 σύν

440 1197 546 1245 tu.
601 1189 699 1245 Est
746 1189 914 1259 igitur
965 1190 1081 1245 haec
1135 1190 1380 1246 severior
1425 1189 1546 1259 ejus
1591 1173 1787 1254 oratio,
1840 1202 2007 1259 quam

2135 1186 2519 1259 ιποτομώτερος
2548 1183 2709 1238 αύτοῦ
2736 1183 2893 1250 λόγος
2916 1174 3067 1244 οὗτός
3098 1180 3262 1240 ἐστιν,
3290 1177 3349 1232 δν
3370 1175 3493 1230 καθ’
3520 1173 3682 1247 ἡμῶν

440 1288 633 1334 contra
669 1295 769 1335 nos
799 1295 859 1335 se
885 1280 1223 1350 prolaturum
1255 1296 1379 1337 esse
1420 1279 1657 1337 minatus
1687 1287 1792 1346 est,
1836 1290 1895 1335 ut
1923 1294 2011 1332 ar-

2135 1278 2383 1352 ιροοίσειν
2414 1275 2729 1347 ὴπείλησεν,
2763 1275 2843 1337 εἰς
2868 1271 3087 1342 ἔλεγχον
3119 1269 3212 1323 τοῦ
3244 1267 3340 1340 τὴν
3367 1268 3557 1322 οὐσίαν
3585 1265 3684 1320 τοῦ

442 1376 575 1441 gnat
602 1378 655 1425 et
685 1371 978 1426 convincat
1009 1386 1110 1426 nos
1153 1370 1335 1427 dicere
1386 1371 1478 1428 Dei
1514 1373 1810 1428 essentiam
1856 1370 2009 1427 dete-

2135 1368 2247 1424 θεοῦ
2277 1368 2455 1438 λέγειν
2485 1367 2632 1438 ἡμᾶς
2655 1362 3012 1435 ἐπιμεμίχθαι
3046 1364 3160 1427 τοῖς
3198 1361 3460 1423 ἐναντίοις
3490 1377 3554 1413 τε
3587 1358 3687 1412 καὶ

440 1460 683 1516 rioribus
726 1470 781 1516 et
829 1462 1127 1517 contrariis
1181 1462 1475 1517 immistam
1531 1478 1672 1518 esse.
1722 1462 1833 1532 Ego
1882 1476 2013 1517 vero

2135 1464 2222 1525 rei;
2265 1460 2519 1531 χείροσιν.
2586 1455 2727 1526 Ἐγὼ
2762 1455 2816 1509 δὲ
2867 1453 3090 1526 φανερὸν
3138 1453 3234 1524 μὲν
3286 1450 3528 1523 ἠγοῦμαι
3570 1451 3688 1513 τοῖς

443 1559 691 1622 apertum
726 1560 780 1607 et
802 1553 1009 1608 clarum
1053 1553 1316 1610 existimo
1344 1553 1430 1609 his
1464 1554 1553 1623 qui
1593 1553 1646 1607 in
1678 1554 1879 1623 seipsis
1912 1552 2014 1606 ha-

447 1644 576 1700 bent
606 1643 822 1698 ﬁrmum
853 1651 907 1699 et
930 1644 1171 1699 validum
1202 1644 1454 1699 veritatis
1487 1644 1776 1713 judicium,
1805 1643 2011 1698 nullam

446 1734 502 1788 in
534 1734 618 1788 his
646 1732 809 1790 dictis
847 1735 1198 1805 schphantre
1235 1734 1364 1788 huic
1406 1734 1730 1804 magistrum
1760 1741 2013 1788 nostrum

449 1836 639 1879 ansam
675 1824 915 1886 dedisse.
969 1824 1063 1881 sed
1118 1825 1266 1881 hunc
1306 1840 1407 1895 pro
1459 1840 1558 1881 sua
1610 1825 1835 1881 libidine
1876 1824 2018 1879 dicta

450 1910 791 1977 distorsisse,
828 1921 994 1981 atque
1042 1912 1189 1967 hunc
1220 1913 1482 1984 puerilem
1521 1914 1875 1984 sophismatis
1906 1912 2022 1969 sive

450 2001 628 2054 cavilli
656 2001 841 2069 jocum
863 2001 1231 2058 conclusisse.
1261 2000 1649 2059 Verumtamen
1676 2014 1735 2059 ut
1764 2004 2023 2059 omnibus

356 2086 363 2101 “
452 2095 803 2151 manifestius
860 2094 966 2149 hoc
1018 2094 1327 2166 legentibus
1363 2095 1476 2158 tiat,
1533 2095 1668 2149 illud
1720 2095 1917 2149 iterum
1955 2095 2022 2149 ad

452 2185 680 2241 verbum
715 2184 980 2251 recitabo,
1025 2192 1080 2239 et
1115 2182 1207 2239 his
1229 2182 1483 2239 Eunomii
1519 2185 1683 2240 verba
1730 2200 2025 2255 apponam:

455 2270 941 2336 lncorruptibilem,
972 2272 1049 2325 ait
1080 2272 1271 2327 doctor
1300 2271 1398 2339 (α),
1444 2282 1494 2326 et
1531 2272 1819 2343 ingenitum
1856 2272 2026 2328 Deum

455 2360 821 2413 universorum
839 2360 1087 2428 dicimus,
1105 2361 1388 2415 secundum
1409 2354 1710 2433 iii/ferentes
1732 2361 2027 2417 intellectus

455 2450 835 2519 appticationes
887 2460 937 2506 et
984 2460 1260 2521 conceptus
1313 2453 1397 2508 his
1446 2451 1747 2507 nominibus
1805 2461 2029 2511 utentes:

458 2540 594 2596 Cum
627 2542 767 2596 enim
816 2551 958 2597 retro
998 2550 1119 2600 ante
1156 2544 1354 2600 sa'cuta
1402 2545 1734 2613 inspicimus,
1775 2559 2032 2612 superan-

461 2642 561 2687 tem
590 2648 792 2688 omnem
808 2635 1347 2706 circumscriptionem
1371 2636 1688 2705 invenientes
1714 2633 1812 2689 Dei
1838 2636 2027 2699 vitam,

459 2725 635 2792 ipsum
668 2725 956 2795 ingenitum
986 2726 1236 2782 dicimus.
1272 2727 1404 2782 Cum
1436 2742 1555 2781 vero
1590 2736 1810 2781 mentem
1845 2726 1914 2781 ad
1950 2743 2032 2782 su-

458 2815 811 2881 pervenientia
850 2817 1048 2871 stecuta
1088 2818 1434 2880 intendimus,
1471 2818 1611 2888 quod
1659 2817 2034 2873 indetermina—

466 2915 595 2969 tuin,
621 2908 910 2976 inﬁnitum,
937 2908 1186 2978 nulloque
1202 2910 1307 2977 ﬁne
1328 2909 1773 2978 comprehensum,
1798 2910 2034 2979 appella-

2114 1554 2420 1628 ὲρῤωμένον
2461 1551 2672 1623 ἔχουσιν
2704 1551 2762 1603 ὲν
2807 1550 3015 1612 ἑαυτοῖς
3042 1547 3103 1601 τὸ
3132 1546 3231 1617 τῆς
3262 1544 3523 1616 ἀληθείας
3555 1560 3690 1615 κρι-

2115 1650 2321 1721 τήριον,
2343 1647 2424 1700 ὅτι
2443 1643 2695 1714 οὐδεμίαν
2716 1643 2773 1695 ὲν
2806 1643 2918 1705 τοῖς
2943 1639 3249 1710 εἰρημένοις
3275 1637 3567 1698 δεδωκότος
3580 1632 3689 1721 ,τοῦ

2116 1719 2433 1796 διδασκάλου
2458 1735 2535 1806 τῷ
2563 1734 2871 1805 συκοφάντῃ
2898 1731 3088 1801 λαϐὴν,
3126 1728 3503 1801 παραποιήσας
3526 1719 3692 1789 οὗτος

2120 1831 2255 1904 πρὸς
2284 1830 2344 1883 τὸ
2376 1827 2564 1882 δοκοῦν
2592 1826 2660 1880 τά
2685 1823 2969 1896 εἰρημένα,
2993 1822 3091 1894 τὴν
3117 1820 3445 1893 μειρακιώδη
3470 1817 3694 1886 ταύτην

2120 1902 2213 1977 τοῦ
2244 1914 2573 1990 σοφίσματος
2604 1915 2821 1970 παιδιάν
2854 1912 3290 1985 ωνδιεπέρανεν.
3336 1910 3474 1980 Πλὴν
3502 1908 3582 1971 ὡς
3612 1902 3696 1960 ἂν

2122 2011 2471 2083 ἐκδηλότερον
2500 2010 2633 2061 πᾶσι
2661 2006 2867 2075 γένοιτο
2895 2007 3009 2068 τοῖς
3042 2002 3475 2074 ἐντυγχάνουσιν,
3504 2000 3695 2053 ἐκεῖνό

2121 2120 2181 2156 τε
2210 2100 2368 2155 πάλιν
2404 2099 2497 2153 ἐπὶ
2543 2097 2739 2165 λέξεως
2768 2094 3170 2165 ἀναγνώσομαι,
3193 2093 3287 2147 καὶ
3314 2089 3700 2160 ἀντιπαραθή-

2127 2211 2204 2247 σω
2231 2191 2439 2256 τούτοις
2462 2191 2529 2245 τὰ
2561 2188 2821 2262 Εὐνομίου
2851 2189 3090 2260 ῥήματα.
3145 2188 3489 2255 Ἀεοθαρτοη
3524 2180 3706 2252 φησὶν

2126 2285 2156 2338 ὁ
2177 2282 2511 2348 διδάσκαλος,
2534 2280 2630 2337 καί
2660 2278 2992 2351 ἀγέννητον
3016 2276 3162 2333 Θεὸν
3188 2274 3307 2330 τῶν
3333 2274 3493 2328 ὅλων
3516 2270 3703 2341 λέγοο

2123 2392 2257 2449 μεν,
2288 2375 2438 2432 κατὰ
2466 2373 2789 2444 διαφόρους
2816 2372 3097 2435 ἐπιϐολὰς
3135 2367 3257 2434 τοῖς
3280 2367 3535 2436 ὀνόμασι
3561 2363 3708 2417 τού-

2128 2486 2251 2534 τοις
2277 2464 2582 2536 χρώμενοι.
2630 2464 2816 2517 Ὅταν
2839 2462 2958 2531 μὲν
2996 2460 3106 2530 τὰρ
3145 2461 3231 2526 εἰς
3263 2457 3404 2523 τοὺς
3440 2455 3713 2512 κατόπιν

2129 2557 2345 2624 αἰῶνας
2370 2553 2825 2625 ἁποόλέψωμεν,
2875 2552 3444 2621 ὑπερεκπίπτουσαν
3488 2547 3715 2614 ,πάσης

2130 2647 2496 2721 περιγραφῆς
2541 2647 2923 2715 εὑρίσκοντες
2968 2642 3082 2710 τὴν
3144 2641 3297 2709 ζωὴν
3353 2637 3460 2693 τοῦ
3505 2636 3667 2692 Θεοῦ
3690 2674 3711 2698 .

2130 2739 2458 2810 ἀγέννητον
2490 2730 2677 2791 αὑτὸν
2716 2731 2987 2802 λέγομεν.
3039 2731 3217 2783 Ὅταν
3245 2727 3312 2781 δὲ
3360 2727 3484 2793 τοῖς
3522 2725 3721 2794 ἐπερο

2132 2829 2406 2901 χομένοις
2438 2826 2611 2883 αὶῶσι
2640 2824 2749 2879 τὸν
2784 2824 2934 2877 νοῦν
2969 2820 3394 2890 ὲπιϐιίλλωμεν,
3438 2816 3506 2871 τὸ
3544 2817 3725 2884 ἀόρι-

2132 2936 2284 2975 στον
2314 2920 2412 2974 καί
2440 2918 2705 2987 ἄπειρον,
2733 2917 2832 2971 καὶ
2863 2915 3061 2970 οὐδενί
3093 2910 3250 2968 τέλει
3291 2907 3723 2977 καταληπτὸν,

465 3012 584 3051 mus
627 2998 1045 3068 incorruptibile.
1092 2997 1160 3052 Ut
1196 3000 1359 3070 igitur
1382 2999 1522 3071 quod
1565 3003 1687 3055 vitta
1728 3001 1886 3070 ﬁnem
1930 3016 2034 3054 non

2136 3010 2702 3081 προσηγορεύοναμεν
2745 3006 3066 3076 ἄφθαρτον.
3148 3004 3248 3070 Ὠς
3294 2998 3406 3059 οὖν
3456 2998 3523 3055 τὸ
3556 3000 3732 3091 ατε-

465 3088 642 3152 habet,
673 3091 1113 3161 incorruptibite;
1140 3092 1215 3146 sic
1247 3092 1386 3163 quod
1421 3093 1682 3164 principio
1716 3093 1840 3148 vita
1870 3100 2034 3159 caret,

464 3180 757 3248 ingenitum
810 3182 1140 3235 nominatum
1192 3189 1273 3236 est
1337 3183 1773 3236 commentatione
1833 3175 2037 3244 nostra,

467 3273 559 3341 qui
588 3274 698 3326 haec
742 3273 1180 3341 contemptamur.
1230 3272 1329 3327 Hic
1372 3288 1555 3329 sermo
1597 3274 1768 3328 nostri
1800 3273 2042 3329 doctoris

469 3369 575 3425 cst,
610 3362 715 3417 hoc
751 3362 956 3418 docens
997 3378 1099 3418 nos
1132 3376 1229 3431 per
1259 3376 1323 3417 ea
1371 3377 1493 3432 quae
1528 3372 1658 3418 sunt
1700 3364 1869 3426 dicta,
1897 3362 2043 3433 quod

470 3450 580 3505 vita
610 3450 799 3505 divina
834 3465 957 3506 cum
986 3452 1057 3506 sit
1110 3459 1304 3504 natura
1333 3465 1445 3506 una
1491 3458 1546 3506 et
1577 3452 1631 3505 in
1669 3467 1729 3506 se
1757 3453 2041 3517 continua,

426 3540 431 3547 ’
473 3553 650 3610 neque
678 3553 708 3592 a
752 3540 1023 3610 principio
1070 3540 1259 3610 aliquo
1313 3540 1527 3610 incipit,
1586 3556 1762 3611 neque
1813 3541 2046 3604 termino

473 3630 967 3687 circumscribitur.
1031 3628 1098 3685 Et
1147 3630 1293 3701 quod
1355 3629 1607 3685 notiones
1654 3647 1775 3701 quae
1839 3633 1893 3686 in
1945 3632 2047 3688 hac

475 3721 661 3776 divina
706 3721 815 3776 vita
858 3720 1301 3785 considerantur,
1359 3722 1675 3778 nominibus
1721 3722 2046 3793 quibusdam

476 3812 606 3869 licet
632 3813 935 3869 declarare.
962 3813 1119 3881 Quod
1141 3814 1289 3869 enim
1325 3829 1433 3868 non
1459 3821 1542 3869 est
1570 3829 1635 3869 ex
1665 3815 1847 3886 aliqua
1879 3830 2049 3870 causa

477 3900 735 3977 ἀνάρχου,
778 3904 830 3959 id
864 3912 971 3967 est,
1027 3902 1296 3976 principio
1343 3904 1604 3967 carentis,
1652 3915 1706 3961 et
1726 3906 2049 3977 ἀγεννήτου,

478 3994 707 4065 ingeniti
733 4008 868 4049 voce
900 3994 1253 4050 enuntiamus
1286 4011 1300 4047 :
1343 3996 1600 4064 quodque
1636 3995 1786 4048 nullo
1818 3995 1925 4057 line
1952 4008 2051 4064 po-

478 4094 594 4141 test
622 4085 999 4141 circumscribi
1043 4100 1221 4156 neque
1254 4086 1306 4140 in
1342 4086 1623 4142 interitum
1650 4086 1903 4151 dissolvi,
1946 4087 2053 4140 hoc

481 4175 917 4247 incorruptibilis
962 4184 1019 4232 et
1057 4176 1416 4248 ἀτελευτήτου
1450 4177 1610 4232 tinem
1648 4192 1757 4231 non
1803 4177 2055 4233 habentis

483 4267 756 4338 signitlcat
802 4268 998 4323 dictio.
1059 4270 1238 4339 Atque
1298 4268 1403 4324 hoc
1453 4268 1643 4323 deﬁnit
1694 4276 1947 4338 oportere
1997 4269 2054 4323 in

2134 3105 2423 3171 λεύτητον
2455 3099 2559 3167 τῆς
2605 3097 2751 3167 ζωῆς
2781 3098 3111 3168 ἄφθαρτον,
3166 3094 3318 3149 οὕτω
3355 3093 3450 3147 καί
3500 3090 3573 3145 τὸ
3605 3090 3729 3144 ἆν-

2138 3209 2327 3262 αρχον
2379 3189 2567 3258 αὐτῆς
2605 3188 2935 3258 ἀγέννητον
2967 3184 3281 3253 ὠνομάσθη
3301 3223 3316 3247 ,
3366 3179 3438 3250 τῇ
3470 3181 3737 3248 ἐπινοίᾳ

2140 3285 2516 3353 θεωρούντων
2549 3279 2716 3351 ἡμῶν
2746 3279 2951 3333 ταῦτα.
3012 3271 3181 3339 Οὗτος
3210 3274 3302 3328 τοῦ
3332 3272 3664 3327 διδασκάλου
3698 3272 3735 3324 ὀ

2140 3373 2314 3442 λόγος.
2342 3370 2497 3425 τοῦτο
2538 3368 2805 3423 παιδεύων
2831 3367 2978 3438 ἡμᾶς
3005 3365 3093 3419 διὰ
3121 3365 3228 3418 τῶν
3274 3362 3604 3433 εἰρημένων,
3632 3360 3733 3413 ὅτι

2146 3463 2243 3533 μία
2270 3457 2402 3516 οὖσα
2439 3463 2504 3532 τῇ
2537 3459 2694 3529 φύσει
2734 3458 2827 3511 καὶ
2865 3458 3093 3526 συνεχὴς
3122 3454 3256 3525 πρὸς
3279 3452 3481 3522 ἑαυτὴν
3516 3452 3553 3520 ἠ
3596 3449 3737 3503 θεία

2145 3554 2278 3623 ζωὴ,
2307 3552 2428 3605 οὔτε
2454 3552 2561 3607 ἀπὸ
2589 3552 2760 3621 ἀρχῆς
2789 3566 2933 3613 τινος
2963 3548 3206 3619 ἄρχεται,
3227 3543 3354 3599 οὔτε
3386 3543 3587 3614 πέρατί
3614 3559 3739 3595 τινι

2147 3644 2559 3717 περιγράφεται.
2610 3643 2720 3695 Καὶ
2761 3640 2841 3693 ὅτι
2879 3639 2977 3702 τὰς
3005 3636 3469 3709 ὲπιθεωρουμένας
3495 3636 3569 3704 τῇ
3604 3634 3737 3704 ζωῇ

2145 3735 2316 3807 ταύτῃ
2354 3734 2561 3797 ἑννοίας
2614 3733 2790 3800 ἔξεστι
2844 3730 2912 3783 δι’
2952 3729 3228 3799 ὀνομάτων
3271 3726 3430 3780 τινῶν
3474 3722 3740 3794 φανερὰς

2148 3823 2621 3895 καταστῆσαι..Τῷ
2642 3840 2702 3876 τε
2726 3823 2833 3894 γὰρ
2862 3820 2937 3892 μὴ
2971 3819 3031 3885 ἐξ
3059 3819 3234 3881 αἰτίας
3261 3813 3398 3871 εἷναί
3433 3833 3606 3879 τινος.
3628 3815 3739 3867 διὰ

2148 3916 2246 3986 τῆς
2275 3914 2367 3968 τοῦ
2395 3914 2629 3984 ἀνάρχου
2657 3926 2717 3966 τε
2749 3911 2842 3964 καὶ
2863 3896 3155 3978 ἀγεννήτου
3180 3904 3359 3974 φωνῆς
3388 3901 3733 3987 ἐξαγγέλλο-

2155 4022 2271 4076 μεν,
2320 4003 2415 4057 καὶ
2457 4002 2535 4072 τῷ
2572 4000 2757 4073 μηδενί
2806 3997 3235 4070 περιγράφεσθαι
3264 3995 3423 4058 τέλει,
3463 3993 3604 4064 μηδὲ
3639 3994 3736 4055 εἰς

2154 4093 2357 4166 φθορὰν
2402 4092 2746 4154 διαλύεσθαι,
2796 4088 2954 4143 τοῦτο
3007 4089 3040 4158 ἠ
3080 4085 3172 4140 τοῦ
3206 4085 3476 4155 ἀφθάρτου
3526 4099 3592 4136 τε
3632 4082 3746 4135 καὶ

2155 4185 2507 4255 ἀτελευτήτου
2533 4181 2878 4253 διασημαίνει
2903 4180 3067 4246 λέξις.
3102 4179 3211 4232 Καὶ
3232 4176 3386 4230 τοῦτο
3409 4174 3745 4246 διορίζεται,

2155 4275 2217 4330 τὸ
2232 4276 2339 4329 δεῖν
2360 4275 2451 4328 ἐπὶ
2471 4274 2568 4346 τῆς
2587 4272 2735 4335 θείας
2757 4272 2901 4340 ζωῆς
2928 4272 2986 4324 τὸ
3015 4270 3113 4341 μὲν
3135 4270 3231 4340 τὴν
3257 4267 3427 4339 ἀρχὴν
3453 4264 3527 4336 μὴ
3559 4265 3745 4335 ἔχειν,

482 4358 667 4411 divina
710 4357 819 4411 vita
860 4357 1008 4428 quod
1064 4358 1391 4428 principium
1452 4372 1562 4412 non
1611 4358 1791 4421 habet,
1834 4357 2035 4427 ingenit

2160 4363 2463 4441 ἀγεννήτως
2517 4348 2653 4414 εἶναι
2704 4360 2901 4428 λέγειν,
2949 4360 3009 4412 τὸ
3069 4357 3125 4412 δὲ
3158 4356 3526 4423 ἀτελευτήτως
3564 4349 3744 4441 εἶναι,

483 4448 706 4503 nomine
739 4450 1081 4519 exprimere;
1133 4448 1281 4519 quod
1335 4462 1466 4504 vero
1503 4449 1609 4504 tino
1649 4457 1821 4512 caret,
1863 4449 2049 4503 incor-

420 4542 431 4551 ’
484 4539 744 4609 ruptibile
771 4540 1074 4629 nominare.
1110 4539 1381 4606 Quoniam
1419 4540 1688 4610 quidquid
1714 4555 1835 4596 esse
1862 4539 2048 4603 desiit,

484 4627 540 4681 in
574 4627 922 4684 abolitiOnem
962 4627 1112 4683 cadit
1166 4628 1422 4697 penitus;
1456 4628 1807 4684 abolitionem
1860 4636 2043 4683 autem

484 4718 606 4786 eius
633 4720 781 4789 quod
812 4726 919 4784 est,
952 4735 1075 4774 eum
1111 4719 1440 4781 audivimus,
1470 4719 1591 4788 ejus
1620 4719 1764 4788 quod
1796 4719 2052 4774 constitit

486 4808 769 4865 interitum
804 4810 1193 4866 intelleximus.
1231 4807 1364 4863 Eum
1416 4808 1580 4878 igitur
1626 4810 1722 4878 qui
1768 4822 2049 4878 nunquam

484 4915 612 4956 esse
644 4899 864 4960 desinit.
919 4902 1242 4972 alicnusquc
1272 4908 1360 4967 est
1398 4901 1466 4956 ab
1500 4902 1645 4956 omni
1690 4900 2059 4958 dissolutione

490 5006 615 5060 qua:
664 4982 729 5045 {ﬁt
788 5006 882 5060 per
922 4992 1389 5062 corruptionem,
1458 4991 1928 5060 incorruptibilcm
1982 4992 2060 5045 ait

495 5081 789 5137 norninari.

563 5172 705 5247 Quid
740 5173 906 5244 igitur
950 5172 1016 5227 ad
1053 5173 1167 5228 hate
1213 5171 1550 5228 Eunomius?
1597 5172 1679 5239 Si,
1716 5173 1914 5244 inquit,
1955 5191 2059 5244 qua

493 5267 613 5322 sita
634 5267 738 5335 ﬁne
763 5277 906 5321 caret
933 5273 1011 5321 est
1036 5265 1470 5333 incorruptibitis,
1499 5274 1548 5319 et
1582 5281 1687 5335 qua
1716 5266 1963 5334 principii
1986 5275 2064 5320 est

495 5372 676 5425 expers
706 5357 876 5413 solum
905 5367 983 5411 est
1012 5357 1294 5427 ingenitus,
1324 5365 1579 5423 quatenus
1618 5373 1722 5409 non
1760 5366 1837 5410 est
1868 5357 2065 5425 ingeni-

501 5456 605 5511 tus,
631 5449 834 5516 genitus
861 5448 978 5503 erit.
1007 5446 1139 5514 Quis
1167 5447 1300 5513 haec,
1320 5463 1353 5502 ο
1372 5445 1620 5510 Ευηοῐηί,
1660 5445 1752 5501 tibi
1787 5445 1933 5501 dedit
1953 5461 2063 5501 non

574 5640 654 5714 (α)
681 5640 856 5698 Verba
886 5644 1066 5701 Basilii
1093 5645 1189 5701 lib.
1223 5654 1407 5702 contra
1435 5645 1768 5701 Eunominm.

2157 4440 2431 4528 ἄφθαρτον
2477 4452 2882 4523 κατονομάζειν.
2928 4449 3146 4520 Ἐπειδὴ
3195 4450 3305 4502 πᾶν
3348 4447 3409 4500 τὺ
3449 4445 3545 4499 τοῦ
3590 4440 3771 4499 εἶναι·

2159 4545 2522 4615 παυσάμενον,
2570 4546 2627 4596 ὲν
2657 4540 2949 4613 ἀφανισμῷ
2983 4543 3191 4610 γίνεται
3233 4540 3442 4601 πάντως
3467 4553 3484 4568 ·
3534 4539 3750 4605 ἀφανι-

2160 4638 2292 4710 σμὸν
2318 4637 2376 4691 δὲ
2413 4636 2505 4690 τοῦ
2547 4636 2697 4699 ὄντος
2737 4634 3087 4697 ἀκούσαντες,
3128 4634 3228 4703 τὴν
3271 4632 3365 4686 τοῦ
3399 4629 3751 4694 συνεστῶτος

2159 4728 2362 4800 φθορὰν
2386 4729 2707 4798 ὲνοήσαμεν.
2743 4727 2846 4780 Τὸν
2872 4721 2963 4780 οὖν
2992 4725 3258 4796 μηδέποτε
3284 4721 3378 4775 τοῦ
3409 4717 3545 4775 εἶναι
3573 4721 3752 4773 παυό-

2160 4834 2346 4890 μενον,
2410 4815 2687 4889 ἀλλότριόν
2747 4830 2806 4868 τε
2839 4815 2936 4885 τῆς
2986 4813 3128 4866 κατὰ
3179 4810 3382 4882 φθορὰν
3434 4807 3750 4871 διαλύσεως

2159 4910 2309 4975 ὅντα,
2343 4908 2617 4981 ἄφθαρτον
2647 4905 3005 4978 ὀνομάζεσθαι
3039 4904 3206 4973 λέγει.

2238 5173 2303 5226 Τί
2331 5168 2425 5226 οὖν
2455 5170 2590 5242 πρὸς
2625 5170 2796 5223 ταῦτα
2830 5170 2859 5221 ὁ
2889 5167 3181 5238 Εὐνόμιοςς
3223 5165 3293 5219 Et
3320 5161 3470 5216 κατὰ
3493 5164 3561 5217 τὸ
3594 5161 3735 5217 ἀτε-

2167 5266 2477 5331 λεύτητον.
2513 5261 2666 5331 φησὶ,
2689 5259 2800 5329 τῆς
2829 5259 2976 5328 ζωῆς
2992 5259 3182 5327 μόνον
3203 5252 3379 5308 ἐστὶν
3412 5250 3742 5319 ἄφθαρτος,

2169 5356 2267 5410 καί
2301 5355 2449 5409 κατὰ
2471 5354 2538 5409 τὸ
2569 5354 2834 5423 ἄναρχον
2850 5353 3040 5421 μόνον
3065 5347 3413 5418 ἀγέννητοτς
3440 5342 3566 5397 καθ’
3591 5340 3623 5394 δ
3647 5339 3741 5409 μή

2168 5448 2337 5503 ἐστιν
2365 5447 2712 5517 ἀγέννητος,
2762 5445 3050 5515 γεννητὸς
3081 5440 3271 5496 ἔσται.
3317 5435 3418 5500 Τίς
3441 5426 3613 5487 ταῦτά
3650 5443 3741 5484 σοι
