4010 6212
284 232 412 288 1081

1377 235 1657 294 CONTRA
1695 236 2084 305 EUNOMIUM,
2125 239 2250 295 LIB.
2291 240 2408 296 XII.

3393 251 3530 309 1082

278 346 543 412 δέίωκεν,
580 342 626 402 ὦ
655 350 910 423 Εὐνόμιε,
940 353 1016 416 ὡς
1053 354 1130 426 μὴ
1165 354 1312 427 πάσῃ
1343 357 1760 428 συνθεωρεϊσθαι
1791 360 1856 428 τῇ

1965 357 2020 412 in
2056 359 2204 413 omni
2239 359 2350 412 vita
2398 358 2492 413 Dei
2532 356 3105 430 incorruptibilitatem
3151 363 3531 423 considerari?

282 443 398 513 ζωῇ
432 443 524 496 τοῦ
553 443 689 496 Θεοῦ
719 444 817 514 τὴν
843 445 1152 516 ἀφθαρσίαν
1177 464 1191 513 ;
1214 447 1307 512 Τίς
1332 447 1521 501 διελὼν
1556 453 1614 502 ὲν
1641 449 1733 502 δύο
1765 449 1862 522 τὴν

281 535 438 588 θείαν
473 537 615 607 ζωὴν
639 535 963 600 ἰδιαζούσαις
997 541 1200 607 φωναῖς
1240 539 1566 610 ἐπονομάζει
1596 540 1704 593 τῶν
1731 544 1862 612 ἡμι-

281 625 468 696 τόμων
486 627 764 697 ἑκάτερον,
785 627 924 680 ὥστε
948 621 1100 698 ᾧπερ
1120 630 1184 682 ἂν
1199 631 1451 702 τμήματι
1479 632 1862 704 τοῦτοςπροσῆν

280 717 344 770 τὸ
375 716 568 787 ὄνομα,
613 721 689 790 μὴ
734 723 1016 789 προσεῖναι
1049 721 1228 790 λέγειν
1261 722 1410 792 αὐτῷ
1434 725 1526 777 καὶ
1568 725 1628 777 τὸ
1654 725 1860 797 ἕτερον,

282 809 382 880 τῆς
413 809 512 879 σῆς
541 809 681 880 αὕτη
721 811 1072 882 διαλεκτικῆς
1104 812 1445 885 ἠδριμύτης,
1481 815 1542 868 τὸ
1567 815 1663 888 τὴν
1697 818 1864 890 ἀνάρ-

283 920 394 973 χως
416 897 585 956 οὖσαν
614 902 778 972 ζωὴν,
805 902 1050 975 φθαρτὴν
1073 907 1245 958 είπεῐν
1274 901 1432 972 εἶναι,
1457 908 1550 961 καὶ
1574 911 1637 979 τῇ
1658 910 1862 980 ἀφθάρο

281 1011 360 1065 τῳ
402 994 478 1065 μὴ
522 995 944 1064 συνθεωρεῖσθαι
987 997 1048 1050 τὸ
1094 998 1328 1068 ἄναρχον
1357 1014 1372 1030 ο
1413 1000 1629 1068 ὅμοιον,
1673 1001 1861 1072 ὥσπερ

281 1084 348 1139 ἂν
377 1087 536 1150 εἴτις
566 1087 778 1154 λογικόν
809 1105 867 1140 τε
899 1089 993 1141 καὶ
1027 1089 1119 1142 νοῦ
1154 1090 1246 1142 καὶ
1277 1092 1589 1162 ἐπιστήμης
1617 1092 1860 1146 δεκτικὸν

282 1175 374 1228 τὸν
409 1174 693 1244 ἄνθρωπον
724 1172 864 1230 εἶναι
890 1176 1059 1246 λέγοι,
1097 1179 1358 1250 ἑκάτερον
1389 1181 1712 1252 ὲφαρμόζων
1740 1182 1862 1234 τού-

281 1284 392 1320 των
440 1265 548 1320 τῶν
581 1267 860 1338 ὀνομάτων
895 1268 973 1338 τῷ
1003 1271 1368 1341 ὑποκειμένῳ,
1421 1275 1560 1327 κατά
1607 1273 1860 1343 διάφορον

283 1357 546 1428 ἐπιϐολήν
579 1375 636 1411 τε
667 1361 762 1412 καὶ
790 1360 1019 1422 ἔννοιαν,
1041 1361 1230 1414 ἔπειτα
1265 1363 1416 1433 παρά
1440 1375 1582 1426 τινος
1618 1363 1857 1416 τοιούτου

285 1450 762 1520 καταχλευάζοιτο,
795 1451 1081 1516 διεξιόντος
1109 1456 1176 1507 τὰ
1205 1454 1386 1524 ὃμοια.
1447 1457 1566 1508 Ὀτι
1603 1457 1651 1508 εί
1685 1457 1859 1510 δεκτι-

285 1542 380 1604 κὸς
409 1535 500 1594 νοῦ
551 1541 645 1594 καὶ
691 1545 997 1614 ἐπιστήμης
1038 1546 1066 1596 ὁ
1112 1545 1417 1615 ἄνθρωπος,
1469 1545 1683 1611 λογικὸς
1717 1548 1858 1600 κατά

284 1631 442 1684 τοῦτο
465 1627 604 1686 εἶναι
632 1634 693 1686 οὐ
717 1633 959 1697 δύναται,
978 1633 1112 1688 ἀλλά
1139 1635 1272 1688 καθὸ
1295 1635 1542 1698 δεκτικός
1575 1637 1722 1689 ἐστιν
1746 1639 1857 1690 ἐπι-

287 1727 522 1794 στήμης,
552 1723 710 1778 τοῦτο
741 1725 897 1794 μόνον
930 1725 1104 1788 ἔσται,
1137 1726 1198 1778 τὸ
1225 1725 1280 1778 δὲ
1312 1725 1497 1796 ἕτερον
1523 1726 1582 1780 οὐ
1617 1729 1856 1800 χωρήσει

286 1817 320 1886 ἠ
349 1815 538 1883 φύσις·
575 1817 668 1868 καὶ
698 1816 879 1881 πάλιν,
923 1818 970 1869 εί
991 1816 1205 1884 λογικὸν
1244 1817 1399 1888 ὁρίζῃ
1433 1815 1521 1868 τὸν
1553 1817 1854 1888 ἄνθρωπον,

284 1907 465 1959 οὐκέτι
527 1907 674 1976 αὐτῷ
737 1907 798 1958 τὸ
845 1906 1088 1960 δεκτικὸν
1156 1906 1256 1959 τοῦ
1317 1907 1408 1961 νοῦ
1459 1909 1852 1978 συγχωρήσεις.

287 1997 437 2050 Καθὸ
469 1997 578 2068 γάρ
609 1997 822 2066 λογικός
875 1999 1042 2061 ἐστιν,
1078 1997 1342 2067 ἀμέτοχος
1376 1997 1612 2061 διανοίας
1646 2000 1858 2053 ἀναδει-

285 2089 562 2158 χθήσεται.
620 2091 682 2142 Ei
727 2089 786 2141 δὲ
836 2089 1097 2160 πρόδηλον
1131 2090 1189 2142 ὲν
1224 2088 1433 2152 τούτοις
1459 2090 1574 2142 ἐστὶ
1611 2093 1770 2144 παντὶ
1800 2091 1858 2147 τὸ

285 2178 491 2245 γελοῖόν
511 2195 570 2231 τε
601 2180 695 2232 καὶ
727 2180 971 2250 ἀνόητον,
995 2180 1117 2232 οὐδὲ
1155 2181 1240 2232 ἐπ’
1275 2180 1485 2233 ἐκείνου
1518 2181 1732 2243 πάντως
1753 2185 1858 2253 ἀμ·

286 2269 521 2336 φίὸολον.
592 2270 880 2337 Ἀναγνοὺς
923 2271 1030 2340 γὰρ
1067 2270 1161 2324 τοῦ
1192 2271 1509 2324 διδασκάλου
1550 2273 1646 2343 τὴν
1676 2275 1854 2343 ῥῆσιν,

287 2360 444 2414 σκιὰν
461 2362 716 2432 εὑρήσεις
739 2361 837 2432 τὴν
863 2361 1077 2414 παιδιὰν
1096 2360 1188 2414 τοῦ
1215 2363 1561 2430 σοφίσματος.
1591 2363 1724 2416 Οὔτε
1750 2365 1858 2432 γὰρ

287 2455 343 2506 ἐν
374 2453 452 2523 τῷ
495 2455 638 2508 κατά
681 2455 771 2508 τὸν
811 2455 1094 2525 ἄνθρωπον
1122 2455 1477 2524 ὑποδείγματι
1511 2455 1570 2508 τὸ
1613 2456 1856 2510 δεκτικὸν

286 2545 386 2614 τῆς
412 2547 722 2615 ἐπιστήμης
747 2546 851 2599 ὑπὸ
889 2546 982 2598 τοῦ
1024 2545 1180 2615 λόγου
1227 2547 1510 2607 κωλύεται,
1559 2547 1592 2616 ἢ
1631 2546 1735 2599 ὑπὸ
1763 2547 1855 2599 τοῦ

286 2636 535 2690 δεκτικοῦ
578 2640 677 2708 τῆς
708 2637 944 2699 διανοίας
983 2638 1011 2689 6
1049 2638 1204 2704 λόγος
1232 2653 1244 2664 ·
1290 2635 1413 2688 οὔτε
1455 2637 1517 2689 τὸ
1547 2637 1716 2689 ἀΐδιον
1759 2639 1856 2706 τῆς

288 2727 436 2790 θείας
463 2726 626 2796 ζωῆς,
655 2728 687 2798 ἢ
722 2727 782 2780 τὸ
820 2726 1092 2797 ἄφθαρτον
1118 2728 1216 2780 οὐκ
1249 2727 1380 2797 ἔχει,
1412 2727 1508 2781 ἐὰν
1542 2728 1777 2798 ἄναρχον
1799 2726 1853 2801 ᾖ,

289 2817 322 2887 ἦ
357 2817 516 2889 εἴπερ
564 2817 661 2888 τὴν
703 2817 1012 2889 ἀφθαρσίαν
1052 2835 1134 2876 τις
1176 2817 1311 2888 αὐτῇ
1366 2807 1765 2888 μαρτυρήσειε,
1797 2819 1856 2870 τὸ

287 2905 709 2982 ἀνάρχως¹εἶναι
747 2909 1196 2980 ἀφαιρεθήσεται.
1254 2909 1391 2960 Ἀλλ’
1412 2909 1440 2961 ὁ
1470 2911 1535 2978 τῇ
1571 2909 1736 2980 τέχνῃ
1757 2908 1854 2978 τῆς

1965 447 2099 515 Quis
2130 450 2184 503 in
2211 449 2320 504 duo
2351 451 2585 519 partitus
2621 449 2860 505 divinam
2899 452 3064 505 vitam
3101 454 3332 512 vocibus
3367 472 3527 527 sepa-

1963 542 2122 594 ratim
2160 541 2600 612 signiﬁcantibus
2631 543 3050 598 semisectorum
3095 555 3386 617 utrumque
3427 564 3530 602 no-

1964 637 2157 700 minat,
2195 636 2268 688 ita
2299 644 2364 689 ut
2401 635 2856 707 quemadmodum
2904 638 2948 692 si
2980 639 3072 692 uni
3119 650 3398 710 segmento
3429 643 3530 698 hoc

1965 723 2165 779 inesset
2206 741 2426 792 nomen,
2457 726 2632 795 eidem
2667 727 2898 780 alterum
2927 742 3036 782 non
3062 744 3182 784 esse
3211 730 3390 785 dicat:
3416 732 3529 787 haec

1962 822 2069 866 tua:
2106 814 2406 871 dialecticae
2449 817 2746 882 subtilitas,
2799 817 2964 871 vitam
3017 833 3139 887 qua:
3185 826 3269 874 est
3321 822 3530 890 absque

1963 907 2232 977 principio
2265 909 2673 978 corruptibilem
2709 924 2831 964 esse
2857 908 3056 973 dicere,
3086 921 3139 964 et
3181 926 3305 964 cum
3341 911 3528 965 incor-

1963 997 2205 1066 ruptibili
2232 999 2376 1068 quod
2406 999 2660 1069 principii
2693 1007 2778 1054 est
2805 1015 3000 1067 expers
3027 1016 3134 1053 non
3159 1001 3524 1056 considerari.

1965 1085 2224 1143 Similiter
2263 1105 2328 1144 ac
2367 1092 2413 1144 si
2453 1090 2578 1159 quis
2630 1089 2774 1158 quod
2811 1089 3044 1145 rationis
3094 1100 3176 1145 est
3229 1093 3525 1162 particeps,

1961 1179 2162 1233 mentis
2193 1189 2247 1233 et
2293 1182 2534 1236 scientia:
2566 1196 2760 1250 capax,
2803 1180 3080 1235 hominem
3127 1198 3249 1237 esse
3297 1183 3525 1246 diceret,

1963 1277 2259 1339 utrumque
2289 1286 2486 1326 nomen
2517 1271 2762 1339 subjecto
2781 1272 3203 1327 accommodans
3225 1275 3524 1329 secundum

1961 1359 2296 1415 diﬁerentem
2336 1362 2535 1416 memis
2580 1369 2904 1431 conceptum
2945 1371 2998 1417 et
3047 1365 3524 1434 excogitationem,

1961 1451 2156 1504 deinde
2185 1468 2213 1504 a
2243 1455 2430 1506 nescio
2471 1469 2580 1520 quo
2622 1454 3055 1508 subsannaretur
3086 1455 3200 1508 haec
3237 1463 3290 1510 et
3327 1457 3526 1511 similia

1958 1549 2285 1609 exponente.
2320 1541 2473 1605 Quod
2504 1543 2548 1596 si
2585 1543 2783 1596 mentis
2805 1551 2858 1596 et
2884 1543 3125 1598 scientiae
3150 1559 3317 1613 capax
3338 1546 3522 1606 homo.

1962 1629 2193 1683 rationis
2225 1632 2497 1700 particeps
2530 1631 2831 1684 secundum
2865 1631 3099 1700 idipsum
3131 1648 3255 1687 esse
3296 1648 3404 1688 non
3439 1650 3529 1704 po-

1965 1727 2089 1785 test,
2125 1720 2218 1775 sed
2255 1731 2526 1790 quatenus
2558 1723 2802 1776 scientia:
2843 1731 2926 1777 est
2970 1724 3243 1793 particeps
3297 1725 3398 1779 hoc
3439 1741 3529 1780 so-

1959 1813 2069 1863 lum
2124 1812 2250 1875 erit,
2297 1812 2528 1865 alterum
2581 1827 2707 1866 vero
2743 1827 2848 1865 non
2899 1813 3148 1866 admittet
3198 1823 3433 1880 natura;
3473 1824 3529 1871 et

1959 1917 2175 1966 rursus,
2221 1902 2266 1956 si
2314 1903 2546 1956 rationis
2580 1903 2898 1972 participem
2951 1901 3184 1960 deﬁnias
3223 1905 3522 1975 hominem,

1959 2008 2067 2046 non
2105 1994 2533 2063 ampliusipsum
2567 1997 2765 2049 mentis
2797 2010 2919 2050 esse
2945 2009 3200 2066 capacem
3233 1999 3521 2055 concedis:

1957 2094 2064 2155 qua
2091 2089 2234 2141 enim
2266 2089 2495 2142 rationis
2513 2095 2595 2143 est
2623 2088 2918 2158 particeps,
2942 2089 3307 2161 intelligentia:
3329 2105 3525 2162 expers
3560 2127 3571 2136 ο

1959 2175 2448 2232 demonstrabitur.
2489 2177 2643 2243 Quod
2689 2177 2733 2232 si
2783 2177 3002 2248 planum
3044 2187 3126 2232 est
3168 2180 3344 2235 cuivis
3377 2183 3523 2250 quod

1961 2271 2015 2320 in
2047 2268 2131 2322 hi‘s
2153 2276 2239 2323 est
2270 2269 2559 2324 ridiculum
2587 2279 2868 2333 ctamcns,
2898 2285 3076 2339 neque
3100 2270 3152 2323 in
3184 2271 3277 2326 illo
3302 2287 3528 2342 prorsus

1959 2360 2063 2413 erit
2086 2358 2422 2432 ambiguum.
2455 2361 2588 2415 Nam
2623 2363 2668 2416 si
2699 2361 2940 2416 doctoris
2972 2361 3268 2418 dictionem
3307 2365 3525 2434 legeris,

1961 2454 2207 2506 umbram
2267 2454 2510 2509 invenies
2566 2454 2744 2508 cavilli
2789 2455 2992 2522 jocum.
3040 2453 3226 2524 Neque
3276 2456 3420 2511 enim
3469 2458 3523 2511 in

1958 2547 2204 2614 exemplo
2231 2547 2296 2599 de
2337 2547 2555 2600 homine
2598 2546 2842 2600 scicntia:
2872 2561 3041 2616 capax
3091 2561 3120 2598 a
3150 2547 3361 2602 ratione
3408 2563 3528 2617 pro-

1960 2636 2198 2698 hibetur,
2253 2637 2335 2689 vcl
2379 2652 2409 2689 a
2450 2637 2648 2690 mentis
2678 2637 2864 2704 capaci
2897 2637 3061 2690 ratio.
3104 2635 3292 2706 Neque
3324 2638 3525 2694 divinae

1959 2726 2082 2780 vitae
2138 2728 2415 2782 mternitas
2462 2728 2546 2781 vel
2609 2728 3022 2795 incorruptibile
3074 2743 3183 2782 non
3237 2729 3421 2793 habet,
3475 2731 3521 2784 si

1959 2819 2213 2888 principii
2264 2835 2458 2887 expcrs
2500 2819 2684 2880 fuerit,
2730 2820 2815 2873 vel
2865 2819 2910 2873 si
2954 2820 3524 2890 incorruptibilitatem

1959 2909 2082 2977 quis
2109 2909 2206 2978 ipsi
2246 2909 2574 2971 attribuerit,
2623 2916 2815 2961 natura
2855 2910 3123 2979 principio
3153 2921 3372 2966 carente
3399 2927 3526 2981 spo-

286 3002 628 3072 διαλεκτικῆς
678 3000 953 3070 ἀγχινοίας
1001 2999 1280 3070 ἀναζητῶν
1326 2998 1424 3068 τὴν
1471 2999 1748 3069 ἀλήθειαν,
1794 3001 1856 3052 ὲκ

1962 2999 2201 3053 liabitur.
2243 2999 2347 3053 Sed
2387 3000 2514 3054 dum
2552 2999 2847 3053 dialectica:
2897 3001 3132 3054 solertia:
3177 3009 3293 3057 arte
3330 3003 3527 3056 verita-

287 3092 395 3146 τῶν
427 3092 571 3147 ἰδίων
611 3091 688 3162 τῷ
721 3090 976 3162 ἡμετέρῳ
1009 3090 1150 3160 λόγῳ
1198 3089 1485 3160 παρενθεὶς
1514 3087 1550 3141 ἃ.
1587 3087 1856 3152 ἐϐούλετο,

287 3181 466 3252 ἑαυτῷ
501 3182 732 3252 μάχεται
761 3181 857 3234 καὶ
887 3181 1075 3232 ἑαυτὸν
1096 3180 1408 3250 ἀνατρέπει,
1435 3179 1543 3232 τῶν
1572 3178 1856 3248 ἡμετέρων

286 3273 348 3325 οὐ
382 3271 848 3341 προσαπτόμενος.
881 3270 954 3322 Τὸ
989 3269 1095 3340 γὰρ
1130 3270 1257 3339 παρ’
1283 3269 1436 3340 ἡμῶν
1457 3269 1608 3321 οὐδὲν
1639 3265 1709 3341 ἧν
1738 3270 1853 3321 ἔτε-

291 3380 415 3432 ρον,
461 3363 495 3433 ἢ
541 3363 600 3414 τὸ
651 3362 750 3432 τὴν
784 3361 1035 3430 ἀνάρχως
1072 3355 1235 3413 οὖσαν
1280 3359 1442 3429 ζωὴν,
1475 3359 1767 3429 ἀγέννητον
1787 3359 1854 3411 δι’

287 3452 528 3515 ἐπινοίας
553 3450 930 3521 ὀνομάζεσθαι,
976 3449 1095 3518 οὐχὶ
1132 3449 1398 3517 γίνεσθαι,
1427 3450 1520 3502 καὶ
1563 3451 1660 3520 τὴν
1693 3451 1770 3512 είς
1795 3449 1858 3502 τὸ

285 3545 538 3616 ἀόριστον
590 3541 916 3614 προϊοῦσαν,
981 3545 1049 3612 τῇ
1093 3540 1185 3594 τοῦ
1236 3540 1514 3611 ἀφθάρτου
1572 3542 1855 3610 σημαίνειν

288 3635 653 3707 προσηγορία,
677 3636 737 3686 οὐ
775 3637 945 3686 ποιεῖν
966 3633 1260 3705 ἄφθαρτον,
1293 3634 1428 3686 ἀλλά
1462 3634 1747 3703 σημαίνειν
1769 3629 1856 3686 οὗ·

287 3743 391 3778 σαν
420 3727 672 3796 τοιαύτην
698 3743 712 3756 ο
761 3724 901 3777 ὥστε
940 3724 1000 3777 τὸ
1035 3725 1133 3794 μὲν
1176 3723 1425 3794 ἀόριστον
1450 3724 1569 3776 καθ’
1599 3725 1854 3793 ἑκάτερον

284 3815 424 3871 εἶναι
453 3818 549 3888 τὴν
589 3817 738 3870 θείαν
766 3815 931 3886 ζωὴν,
973 3816 1067 3868 τυῦ
1114 3815 1470 3884 ὑποκειμένου
1527 3815 1656 3868 ἴδιον
1683 3810 1850 3866 εἶναι’

284 3911 348 3963 τὸ
375 3910 434 3962 δὲ
461 3909 632 3971 οὕτως
673 3909 706 3978 ἢ
737 3907 910 3970 οὕτως
948 3907 1013 3960 τά
1041 3906 1487 3976 ὲπιθεωρούμενα
1527 3906 1605 3975 τῷ
1637 3907 1856 3958 ὑποκει-

287 4002 436 4072 μένῳ
464 4003 705 4071 νοήματα
729 3998 1002 4067 λέγεσθαι,
1038 3998 1166 4069 περὶ
1202 3998 1300 4066 τὴν
1336 3999 1520 4067 φωνήν
1546 4000 1663 4049 ἐστι
1688 3997 1856 4066 μόνην

284 4093 385 4163 τὴν
434 4093 765 4164 ὲνδεικτικὴν
818 4091 910 4144 τοῦ
963 4089 1358 4160 σημαινομένου
1413 4091 1699 4158 νοήματος.
1760 4090 1854 4141 Ἓν

283 4187 468 4256 νόημα
501 4186 625 4249 περὶ
660 4185 758 4256 τὴν
794 4183 943 4236 θείαν
987 4181 1150 4251 ζωὴν,
1181 4181 1243 4234 τὸ
1283 4180 1356 4251 μὴ
1389 4179 1444 4244 ἐξ
1479 4180 1654 4243 αίτίας
1684 4180 1855 4247 αὐτὴν

283 4271 450 4339 εἶναι,
480 4272 635 4325 τοῦτο
667 4273 700 4343 ἡ
735 4271 825 4324 τοῦ
853 4272 1145 4340 ἀγεννήτου
1175 4269 1318 4332 λέξις
1343 4268 1670 4321 ἐνδείκνυται
1692 4285 1704 4297 ο
1739 4269 1854 4320 ἓτε-

1959 3099 2065 3145 tem
2099 3092 2357 3160 exquirit,
2407 3107 2472 3145 ex
2525 3093 2638 3146 suis
2692 3100 2878 3146 nostro
2926 3093 3164 3148 sermoni
3202 3109 3324 3164 qua:
3353 3096 3526 3151 voluit

1961 3183 2316 3252 interpositis,
2359 3198 2543 3238 secmn
2580 3183 2694 3252 ipse
2719 3194 2942 3254 pugnat,
2969 3199 3136 3253 seque
3159 3185 3334 3254 ipsum
3373 3195 3524 3236 ever-

1958 3272 2045 3335 tit,
2078 3281 2263 3325 nostra
2297 3286 2404 3324 non
2434 3271 2728 3342 attingens.
2762 3272 2916 3337 Quod
2947 3274 3092 3327 enim
3125 3275 3520 3338 asserebamus;

1958 3378 2067 3417 non
2121 3362 2271 3416 aliud
2322 3371 2458 3426 erat,
2495 3379 2656 3432 quam
2705 3364 2867 3416 vitam
2918 3365 3185 3434 principio
3225 3375 3524 3430 carentem,

1959 3454 2251 3524 ingenitam
2291 3469 2386 3523 per
2420 3455 2930 3509 commentationem
2972 3457 3264 3521 nominari,
3303 3472 3409 3510 non
3447 3456 3530 3527 gi-

1958 3544 2072 3613 gni,
2106 3550 2159 3597 et
2188 3559 2308 3612 qua:
2354 3545 2407 3597 in
2452 3545 2724 3599 inﬁnitum
2772 3546 3041 3614 procedit,
3090 3547 3530 3615 incorruptibilis

1959 3635 2318 3702 appellatione
2343 3635 2652 3704 signiﬁcare
2681 3650 2788 3688 nun
2819 3636 3290 3706 incorruptibilem
3323 3637 3527 3701 facere,

1959 3723 2050 3776 sed
2081 3738 2200 3776 eam
2230 3725 2393 3779 talem
2417 3740 2539 3779 esse
2564 3725 2874 3794 signiﬁcare
2900 3744 2913 3779 :
2948 3741 3116 3795 quare
3137 3727 3280 3796 quod
3307 3729 3526 3798 quidem

1960 3816 2167 3868 inﬁnita
2190 3827 2357 3870 estex
2383 3825 2614 3886 utraque
2638 3825 2788 3886 parte
2809 3817 2991 3870 divina
3014 3817 3145 3880 vita,
3171 3818 3271 3870 hoc
3294 3819 3526 3887 subjecti

1956 3915 2038 3959 est
2074 3907 2380 3975 proprium;
2413 3908 2558 3976 quod
2599 3916 2780 3960 autent
2815 3907 2895 3962 sic
2928 3907 3010 3961 vel
3034 3908 3132 3972 sic,
3163 3923 3284 3976 quae
3312 3908 3364 3961 in
3397 3909 3530 3963 sub-

1951 4000 2097 4068 jecto
2129 3999 2569 4067 conspiciuntur,
2607 3999 2854 4052 notiones
2892 3998 3166 4062 dicantur,
3192 4000 3294 4054 hoc
3328 3999 3382 4052 in
3415 3999 3530 4055 sola

1956 4105 2089 4144 voce
2122 4089 2374 4144 consistit
2415 4106 2536 4158 qua:
2576 4090 2853 4143 notionem
2890 4089 3248 4157 signiﬁcatam
3299 4089 3526 4145 iudieat.

1958 4180 2076 4235 Una
2111 4181 2163 4234 in
2187 4181 2369 4235 divina
2410 4181 2517 4233 vita
2560 4181 2711 4235 notio
2749 4188 2852 4241 est,
2890 4181 3032 4249 quod
3069 4181 3185 4250 ipsa
3219 4197 3324 4235 non
3356 4183 3428 4236 sit
3461 4198 3525 4237 ex

1957 4283 2149 4330 causa,
2223 4267 2366 4320 hanc
2417 4278 2596 4322 autem
2648 4268 2870 4338 ingeniti
2923 4269 3090 4322 dictio
3142 4270 3526 4338 demonstrat;

288 4385 381 4438 ρον
409 4366 587 4435 νόημα
624 4365 752 4436 περὶ
790 4362 887 4433 τὴν
922 4362 1089 4432 αὐτὴν
1133 4360 1278 4431 ζωὴν
1310 4360 1370 4412 τὸ
1409 4360 1656 4428 ἀόριστον
1689 4359 1853 4428 αὐτὴν

1961 4358 2128 4412 altera
2163 4357 2313 4410 notio
2336 4356 2403 4412 dc
2428 4359 2614 4412 eadem
2639 4359 2770 4422 vita,
2811 4360 2956 4428 quod
2986 4361 3101 4430 ipsa
3132 4363 3202 4414 sit
3231 4347 3439 4416 inﬁnita
3473 4372 3530 4418 et

283 4456 428 4512 εἶναι
469 4459 561 4510 καὶ
591 4456 962 4525 ἀτελεύτητον,
1003 4452 1158 4507 τοῦτο
1189 4455 1221 4522 ἡ
1251 4451 1345 4504 τοῦ
1378 4452 1652 4521 ἀφθάρτου
1691 4467 1857 4520 προσ-

284 4547 485 4618 ηγορία
513 4547 861 4615 παρίστησιν,
893 4543 1030 4596 ὥστε
1054 4544 1114 4595 τὸ
1140 4543 1236 4612 μὲν
1250 4543 1604 4612 ὑποκείμενον
1625 4542 1856 4611 ἄναρχον

283 4633 425 4690 εἶναι
450 4636 542 4688 καὶ
565 4634 942 4703 ἀτελεύτητον,
963 4634 1100 4702 ὅπερ
1123 4633 1268 4683 ἐστὶν
1295 4631 1434 4700 ὑπὲρ
1471 4633 1574 4685 πᾶν
1605 4631 1774 4700 ὄνομα
1797 4648 1856 4682 τε

283 4731 380 4782 καὶ
408 4729 606 4796 νόημα.
663 4726 735 4778 Τὸ
767 4725 822 4776 δὲ
857 4726 991 4794 μήτε
1045 4725 1104 4789 ἐξ
1139 4723 1316 4785 αἰτίας
1352 4723 1482 4775 αὐτὸ
1525 4719 1682 4785 εἶναι,
1722 4723 1855 4792 μήτε

281 4824 363 4884 εἰς
392 4821 454 4873 τὸ
476 4818 818 4888 ἀνύπαρκτόν
848 4832 975 4868 ποτε
998 4814 1361 4884 παρίστασθαι
1381 4852 1396 4877 ,
1449 4812 1620 4866 ταῦτα
1648 4812 1737 4866 διὰ
1756 4813 1855 4883 τῆς

279 4910 391 4964 τῶν
419 4910 696 4980 ὀνομάτων
725 4905 926 4960 τούτων
953 4905 1188 4967 ἐπινοίας
1221 4904 1558 4974 σημαίνεται.

353 5001 420 5053 Τί
445 5000 622 5052 τοίνυν
650 5000 714 5051 ἐκ
734 4997 839 5050 τῶν
865 4996 1145 5066 ἡμετέρων
1172 4995 1329 5047 αὑτὸν
1358 4995 1492 5064 πρὸς
1517 4995 1613 5065 τὴν
1630 4995 1852 5064 ἀνόητον

280 5089 486 5159 ταύτην
517 5088 734 5142 παιδιὰν
765 5084 1148 5154 παρεκίνησεν,
1180 5082 1318 5135 ὥστε
1353 5083 1511 5136 πάλιν
1543 5083 1856 5153 ἐπαναλαμο

280 5180 514 5232 δάνοντα
549 5177 608 5230 τὸ
644 5173 760 5230 ῐσον
790 5177 961 5228 εἰπεῖν
992 5172 1201 5235 τούτοις
1227 5174 1338 5236 τοῖς
1386 5175 1620 5244 ῥήμασιν
1656 5189 1669 5234 ;
1703 5175 1860 5227 Ἔστι

280 5271 414 5342 γὰρ,
434 5269 573 5323 κατά
597 5269 692 5340 μὲν
711 5268 770 5322 τὸ
795 5267 1049 5338 ἄναρχον,
1070 5264 1362 5335 ἀγέννητος
1378 5264 1511 5334 ὁμοῦ
1536 5266 1628 5317 καὶ
1654 5265 1859 5335 ἄφθαρ-

279 5373 407 5420 τκ·
458 5356 599 5410 κατά
631 5356 686 5408 δὲ
731 5355 792 5408 τὸ
837 5352 1222 5424 ἀτελεύτητον,
1276 5351 1547 5424 ἄφθαρτος
1595 5354 1728 5424 ὁμοῦ
1763 5357 1854 5408 καὶ

280 5449 560 5520 γεννητός.
609 5448 780 5502 Τοῦτο
812 5447 867 5500 δὲ
909 5445 1010 5500 κᾶν
1042 5445 1115 5517 μὴ
1157 5446 1287 5516 παρ’
1321 5446 1474 5515 ἡμῶν
1506 5445 1847 5518 διεςδκρινηΟῇ

279 5538 363 5607 τῷ
391 5540 554 5611 >6γῳ,
586 5541 748 5594 παντὶ
786 5538 1048 5610 πρόδηλόν
1081 5537 1192 5589 ἐστι
1238 5537 1314 5606 τῷ
1348 5537 1436 5589 καὶ
1463 5538 1707 5591 ὁπωσοῦν
1737 5541 1847 5591 δια-

282 5631 432 5695 νοίας
459 5631 756 5702 μετέχοντι,
777 5632 921 5696 ὅπως
942 5630 1056 5683 ἐστὶ
1078 5628 1474 5696 καταγέλαστόν
1502 5647 1554 5682 τε
1589 5632 1680 5682 καὶ
1705 5631 1852 5700 ἀνόη-

1960 4448 2066 4502 ﬁne
2096 4455 2304 4511 careat,
2349 4448 2489 4502 hanc
2513 4458 2692 4503 autem
2751 4450 3182 4519 incorruptibilis
3232 4453 3528 4521 appellatio

1958 4546 2308 4608 reprmsentat
2343 4557 2355 4593 :
2388 4540 2461 4592 ita
2505 4548 2562 4592 ut
2591 4539 2896 4609 subjectum
2931 4541 3148 4610 quidem
3178 4542 3446 4611 principio
3473 4551 3529 4597 et

1959 4629 2063 4683 ﬁne
2103 4637 2314 4694 careat,
2348 4629 2494 4700 quod
2525 4639 2610 4686 est
2645 4647 2811 4702 super
2845 4647 3007 4687 omne
3035 4647 3232 4687 nomen
3267 4643 3321 4688 et
3349 4634 3530 4688 notio-

1956 4735 2100 4783 nem,
2134 4721 2277 4790 quod
2307 4730 2484 4776 autem
2518 4721 2695 4790 ipsum
2726 4737 2900 4791 neque
2921 4737 2986 4777 ex
3016 4737 3183 4777 causa
3215 4731 3319 4785 est,
3352 4740 3529 4793 neque

1955 4812 2023 4866 ad
2076 4813 2127 4867 id
2176 4813 2321 4882 quod
2359 4829 2466 4868 non
2517 4823 2624 4878 est,
2660 4829 2898 4884 unquam
2951 4815 3223 4881 deveniet,
3286 4817 3402 4871 hzec
3434 4832 3530 4886 per

1957 4905 2234 4960 nominum
2265 4907 2458 4959 horum
2495 4907 3009 4961 commentationem
3055 4907 3455 4976 signiﬁcantur.

2026 4994 2164 5060 Quid
2214 4995 2378 5065 igitur
2407 5011 2471 5049 ex
2502 4995 2710 5051 nostris
2754 4995 2929 5065 ipsum
2975 4995 3040 5049 ad
3076 4996 3218 5049 hunc
3255 5002 3525 5050 amentem

1955 5095 2008 5141 et
2049 5088 2272 5141 stultum
2315 5086 2500 5154 jocum
2529 5088 2844 5150 commovit,
2891 5094 2949 5139 ut
2985 5101 3176 5142 rursus
3216 5101 3517 5150 resumens,

1956 5177 2098 5231 idem
2147 5178 2309 5231 etiam
2358 5179 2504 5230 dicat
2539 5177 2624 5231 his
2656 5176 2882 5231 verbis?
2914 5175 3006 5230 Est
3035 5177 3178 5232 enim
3225 5175 3526 5232 secundum

1957 5269 2100 5337 quod
2160 5274 2310 5321 caret
2363 5267 2634 5337 principio
2686 5267 2960 5336 ingenitus
3015 5267 3177 5321 simul
3232 5275 3287 5319 et
3345 5266 3525 5320 incor-

1963 5358 2265 5428 ruptibilis;
2311 5359 2610 5414 secundum
2656 5375 2784 5412 vero
2823 5357 2966 5426 quod
3000 5358 3158 5412 ﬁnem
3201 5374 3308 5412 non
3342 5358 3525 5421 habet,

1962 5448 2397 5517 incorruptibilis
2443 5448 2604 5502 simul
2657 5457 2709 5501 et
2743 5448 2976 5514 genitus.
3028 5448 3141 5501 lloc
3193 5455 3394 5509 autent,
3421 5446 3526 5502 etsi

1963 5556 2070 5594 non
2103 5554 2131 5593 a
2161 5540 2316 5594 nobis
2348 5554 2602 5594 sermone
2634 5538 2987 5606 dijudiraluut
3015 5548 3118 5603 cst,
3149 5535 3318 5593 cuivis
3349 5545 3522 5591 tamen

1964 5632 2043 5684 vel
2081 5646 2407 5701 quocunque
2458 5630 2616 5686 modo
2665 5630 2860 5686 mentis
2911 5629 3145 5699 compoti
3180 5631 3522 5700 perspicuum
