4010 6212
416 129 559 187 τοδε

1573 164 1589 203 Α
1617 118 1676 174 S.
1708 113 2037 172 GREGORII
2072 112 2363 170 NYSSENI

3532 121 3669 179 1085

415 250 518 303 est,
548 235 825 309 quomodo
870 233 1164 291 ridiculum
1208 239 1315 299 est,
1349 239 1405 287 et
1446 230 1706 287 amentiae
1752 232 1995 302 plenum,

2101 242 2209 292 τον,
2244 225 2441 297 μᾶλλον
2470 223 2526 280 δὲ
2559 226 2755 292 ἀσεϐὲς
2786 227 2881 282 καὶ
2907 228 3251 300 κατάκριτον.
3286 222 3359 302 Ὦ
3392 231 3501 303 γὰρ
3526 233 3669 308 λόγῳ

416 332 526 386 imo
569 344 698 385 vero
754 327 981 399 impium
1037 334 1091 382 et
1136 323 1632 380 condemnandum.
1685 323 1805 390 Quo
1850 322 1994 378 enim

417 438 675 478 sermone
727 419 999 476 construit
1057 406 1495 486 incorruptibilis
1550 415 1994 486 coniugationem

417 528 541 567 cum
595 527 663 567 eo
712 510 857 580 quod
899 516 983 564 est
1030 507 1286 578 principii
1330 522 1546 577 expers,
1595 507 1785 561 eodem
1834 506 1998 560 modo

417 618 580 657 omne
615 601 769 671 pium
806 607 859 656 et
883 598 990 654 Deo
1015 597 1273 653 decorum
1308 613 1504 653 nomen
1547 598 1707 652 habet
1740 596 1993 653 ludibrio.

418 690 537 746 Non
573 691 714 747 enim
739 692 914 746 solum
946 691 1061 745 hac
1085 688 1195 744 duo
1223 689 1277 742 in
1301 688 1483 743 divina
1506 688 1616 743 vita
1655 696 1994 758 spectantur,

418 795 545 837 esse
595 781 715 836 sine
764 780 1073 851 principio,
1123 784 1189 833 et’
1227 778 1505 832 interitum
1557 793 1667 833 non
1715 787 1995 850 appetere,

422 871 517 925 sed
567 870 732 925 etiam
770 870 1011 925 materia:
1062 885 1260 940 expers
1284 868 1463 922 etirze
1512 868 1733 924 nescius
1773 868 1995 933 dicitur,

423 960 892 1033 immutabilisque
951 969 1005 1017 et
1070 961 1454 1030 incorporeus,
1493 959 1902 1030 inaspectabilis
1945 968 2000 1013 et

424 1051 593 1121 ﬁgura
640 1066 875 1116 carens,
944 1060 1210 1121 vetusque
1255 1058 1310 1105 et
1366 1051 1548 1118 justus
1580 1092 1595 1114 ,
1653 1060 1706 1105 et
1750 1051 1869 1106 alite
1910 1050 1997 1105 in-

425 1140 792 1195 numerabiles
836 1154 957 1210 qua
1008 1141 1065 1195 in
1116 1140 1301 1194 divina
1341 1141 1452 1194 vita
1511 1140 1763 1196 notiones
1811 1141 1997 1195 consi-

425 1232 716 1295 derantur,
770 1245 1004 1303 quarum
1060 1245 1289 1300 quaque
1341 1232 1395 1285 in
1459 1231 1638 1301 seipsa
1695 1232 1997 1286 secundum

426 1322 755 1391 peculiarem
813 1329 869 1376 et
935 1331 1247 1392 separatam
1310 1323 1556 1378 notitiam
1619 1323 1999 1394 signiﬁcativis

424 1412 655 1467 vocibus
704 1413 1043 1469 enuntiatur.
1104 1413 1310 1480 Quot-is
1354 1414 1517 1485 igitur
1568 1415 1790 1470 nomine
1849 1414 1996 1484 quod

2096 318 2492 382 κατασκευάζει
2514 318 2612 389 τὴν
2626 318 2720 371 τοῦ
2738 318 3012 390 ἀφθάρτου
3031 321 3169 391 πρὸς
3186 322 3245 375 τὸ
3265 322 3500 395 ἄναρχον
3520 328 3673 391 συζυο

2097 408 2242 477 γίαν,
2266 407 2344 478 τῷ
2375 407 2522 479 αὐτῷ
2543 408 2728 480 τρόπῳ
2756 410 2953 472 παντὸς
2977 411 3230 476 εύσεϐοὖς
3249 431 3305 466 τε
3332 416 3424 468 καὶ
3447 415 3646 488 θεοπρε

2058 536 2069 541 -
2098 500 2231 563 ποῦς
2251 500 2576 564 καταπαίζει
2597 501 2874 571 ὀνόματος.
2894 501 2969 554 Ού
2991 502 3099 574 γὰρ
3123 504 3284 573 μόνον
3300 505 3367 559 τά
3383 505 3477 559 δύο
3499 504 3679 561 ταῦτα

2098 594 2224 664 περὶ
2241 594 2340 663 τὴν
2351 591 2500 645 θείαν
2516 592 2797 664 θεωρεῖται
2813 592 2977 665 ζωὴν,
2991 594 3051 647 τὸ
3065 595 3312 666 ἀνάρχως
3330 614 3387 650 τε
3405 593 3567 660 εἶναι,
3582 601 3677 652 καῖ

2098 682 2302 754 φθορὰν
2327 682 2400 754 μὴ
2423 682 2761 754 προσίεσθαι,
2775 683 2909 737 ἀλλά
2927 682 3024 737 καί⁵
3039 683 3200 746 ἀῦλός
3216 702 3275 737 τε
3294 686 3388 738 καὶ
3407 687 3689 757 ἀόργητος

2095 775 2332 843 λέγεται,
2362 773 2628 847 ἀτρεπτός
2652 790 2713 827 τε
2743 774 2837 831 καὶ
2873 773 3182 845 ἀσώματος,
3211 775 3443 847 ἀόρατός
3479 795 3537 830 τε
3578 778 3679 831 καῖ

2097 865 2521 936 ἀσχημάτιστος,
2550 863 2754 936 ἀληθής
2768 882 2827 919 τε
2853 866 2945 918 καὶ
2964 865 3192 929 δίκαιος,
3219 869 3314 920 καὶ
3341 867 3476 922 ἄλλα
3499 868 3683 939 μυρία

2099 958 2228 1029 περὶ
2242 957 2340 1029 τὴν
2360 956 2508 1010 θείαν
2526 957 2677 1029 ζωήν
2694 959 2809 1010 ἐστι
2825 958 3094 1027 νοήματα,
3111 950 3184 1011 ὧν
3203 956 3434 1011 ἕκαστον
3450 960 3535 1028 ἐφ’
3551 961 3679 1013 ἐαυ-

2097 1048 2190 1102 τοῦ
2227 1046 2367 1101 κατά
2407 1064 2528 1101 τινα
2563 1047 2866 1112 ἰδιάζουσαν
2914 1046 3120 1100 ἔννοιαν
3152 1050 3271 1111 ταῖς
3313 1051 3679 1117 σημαντικαῖς

2099 1138 2303 1208 φωναῖς
2317 1122 2717 1205 ἐξαγγέλλεται.
2733 1135 2905 1189 Παντὶ
2919 1134 3097 1187 τοίνυν
3111 1135 3354 1205 ὀνόματι,
3370 1134 3451 1205 τῷ
3467 1153 3534 1205 ση
3543 1152 3680 1205 μαν-

2097 1228 2232 1299 τικῷ
2257 1229 2358 1298 τῆς
2390 1225 2727 1299 θεοπρεποῦς
2771 1226 3093 1298 ὑπολήψεως
3120 1267 3135 1292 ,
3171 1227 3347 1294 ἔξεστι
3374 1227 3681 1299 συμπλέξαι

2099 1321 2196 1392 τὴν
2226 1319 2603 1391 ὲπινοηθεῖσαν
2628 1318 2779 1389 παρά
2814 1318 2908 1373 τοῦ
2941 1318 3204 1390 Εὐνομίου
3250 1319 3394 1373 κατά
3426 1320 3489 1373 τὸ
3516 1320 3677 1374 ἀλλό-

2097 1426 2253 1464 κοτον
2279 1410 2537 1478 συζυγίαν
2560 1427 2570 1437 ·
2600 1404 2735 1473 οἷον,
2766 1408 2829 1462 τὸ
2856 1409 3017 1463 ἀῦλόν
3041 1426 3101 1462 τε
3125 1410 3217 1462 καὶ
3250 1410 3544 1481 ἀόργητον,
3574 1412 3681 1481 ἀμ-

304 1790 315 1815 ι
427 1781 573 1847 quod
627 1778 984 1834 immateriale
1009 1784 1119 1842 est,
1171 1786 1227 1833 et
1272 1777 1417 1849 quod
1457 1777 1552 1833 ira:
1585 1793 1803 1850 expers,
1837 1779 1998 1836 ambo

2099 1501 2299 1573 φότερα
2327 1501 2540 1569 λέγεται
2586 1499 2714 1570 περὶ
2755 1497 2853 1569 τὴν
2893 1498 3041 1552 Θείαν
3086 1497 3248 1569 ζωὴν,
3289 1498 3405 1551 ἀλλ’
3441 1499 3503 1551 ού
3537 1499 3679 1552 κατά

2102 1595 2202 1665 τῆς
2228 1594 2395 1663 αὐτῆς
2422 1593 2659 1656 διανοίας
2686 1592 2962 1667 ἑκάτερον.
2998 1591 3072 1644 Τδ
3103 1592 3202 1662 μὲν
3223 1590 3332 1662 γὰρ
3352 1591 3680 1665 καθαρεύειν

2105 1685 2292 1754 ὑλικῆς
2337 1683 2616 1756 ἐπιμιξίας
2650 1684 2711 1736 τὸ
2751 1682 2936 1747 Θεῖον,
3001 1681 3088 1734 διὰ
3135 1682 3233 1751 τῆς
3273 1681 3435 1736 ἀύκου
3466 1682 3680 1745 ἑννοίας

2105 1776 2427 1846 ὲνοήσαμεν.
2493 1775 2582 1827 Ἑν
2614 1773 2673 1827 δὲ
2719 1772 2798 1843 τῷ
2840 1773 3092 1845 ἀοργήτῳ
3122 1776 3156 1845 ἡ
3194 1772 3536 1844 ἀλλοτρίωσις
3573 1775 3691 1827 τοῦκ
3749 1825 3757 1831 ,

2105 1868 2246 1923 κατά
2276 1867 2375 1939 τὴν
2417 1866 2583 1938 ὀργὴν
2632 1865 2837 1928 πάθους
2871 1864 3209 1936 σημαίνεται.
3266 1866 3677 1936 Ἐπιδραμεῖται

2105 1962 2281 2016 τοίνυν
2303 1960 2397 2013 καὶ
2415 1959 2645 2024 τούτοις,
2668 1958 2809 2013 κατά
2837 1957 2897 2011 τὸ
2926 1958 3098 2020 είκὸς,
3132 1960 3161 2011 ὁ
3182 1957 3461 2027 Εὐνόμιος,
3500 1958 3595 2010 καὶ
3622 1957 3685 2010 re

2103 2051 2221 2109 ἴσον
2246 2056 2306 2108 ἐν
2336 2056 2446 2116 τοῖς
2474 2052 2783 2124 εἰρημένοις
2822 2051 3130 2121 ὀρχήσεται.
3181 2049 3338 2116 Λέξει
3384 2050 3497 2121 γάρ
3534 2050 3695 2101 κατά

2104 2147 2196 2200 τὸν
2223 2145 2383 2199 αὐτὸν
2426 2143 2618 2216 εῑρμδν
2665 2143 2763 2212 τὴν
2791 2141 3017 2196 ἀτοπίαν
3052 2140 3377 2211 συμπλέκων
3398 2156 3411 2167 ·
3446 2138 3509 2191 Et
3545 2139 3689 2190 καθ’)

2107 2237 2432 2309 κεχώρισται
2479 2234 2580 2305 τῆς
2636 2234 2828 2303 ὑλικῆς
2882 2232 3191 2304 ἐπιμιξίας,
3233 2232 3395 2295 amo;
3435 2231 3686 2299 λέγεται,

2107 2331 2247 2382 κατὰ
2270 2326 2427 2380 τοῦτο
2454 2326 2553 2378 οὐκ
2580 2324 2729 2378 ἔσται
2763 2325 3051 2394 ἀόργητος,
3080 2323 3174 2377 καὶ
3200 2325 3247 2375 εί
3291 2321 3370 2393 τῷ
3400 2322 3479 2392 μὴ
3511 2335 3685 2392 προσ-

2112 2418 2283 2473 ίεσθαι
2304 2417 2401 2489 τὴν
2430 2417 2598 2487 ὀργήν
2629 2417 2774 2469 ἐστιν
2807 2415 3093 2486 ἀόργητος,
3129 2414 3308 2468 οὐκέτι
3335 2414 3567 2467 δυνατὸν
3596 2414 3697 2466 ἐπ’

2108 2512 2268 2566 αὑτοῦ
2298 2509 2672 2581 ὁμολογεῖσθαι
2700 2509 2760 2563 τὸ
2786 2508 2963 2571 ἆῦ).ον,
2992 2507 3126 2562 ἀλλά
3147 2507 3284 2561 κατὰ
3307 2509 3491 2560 πᾶσαν
3514 2506 3688 2573 ἀνάγ-

431 2597 688 2654 mistione
732 2607 1053 2670 segregatus
1092 2610 1194 2666 est,
1230 2600 1605 2659 immaterialis
1638 2606 1858 2671 dicitur,
1910 2622 1996 2663 se-

2108 2620 2211 2674 κην
2243 2604 2299 2655 ὲν
2337 2602 2435 2672 μὲν
2463 2600 2541 2671 τῷ
2578 2600 2898 2671 καθαρεύειν
2927 2599 3075 2670 ὕλης,
3115 2599 3275 2662 ἄῦλος
3300 2596 3436 2668 ὁμοῦ
3468 2597 3564 2650 καί⁸
3594 2597 3685 2666 ὀρ-

431 2690 671 2746 cundum
724 2690 827 2746 hoc
860 2707 968 2746 non
1015 2690 1118 2747 erit
1163 2692 1257 2747 ira:
1298 2709 1513 2765 expers,
1547 2703 1601 2751 et
1644 2698 1687 2752 si
1728 2699 1854 2768 quia
1893 2715 1996 2754 non

2108 2695 2256 2760 γίλος
2280 2690 2739 2761 ἀναδειχθήσεται,
2769 2693 2826 2742 ὲν
2853 2689 2910 2742 δὲ
2937 2688 3013 2759 τῷ
3035 2688 3130 2759 τὴν
3154 2687 3322 2759 ὀργὴν
3357 2687 3432 2756 μὴ
3468 2686 3693 2756 προιινίε⁴

432 2780 767 2837 iracundiam
816 2783 1041 2852 appetit,
1085 2791 1169 2838 est
1214 2783 1306 2840 irae
1351 2801 1565 2849 exsors,
1617 2804 1725 2843 non
1769 2793 1996 2862 amplius

2112 2784 2254 2848 σθαι,
2284 2783 2547 2855 ἀόργητός
2576 2799 2637 2835 τε
2674 2784 2768 2836 καὶ
2798 2780 2977 2845 ύλικὸς
3009 2781 3148 2833 κατά
3167 2780 3361 2834 ταύτὸν
3392 2778 3697 2848 εὑρεθήσεο

433 2873 492 2929 in
532 2888 597 2929 eo
649 2880 829 2944 potest
878 2873 1021 2942 quod
1071 2883 1154 2930 est
1202 2873 1564 2934 immaterialc
1616 2883 1861 2949 concedi,
1908 2888 1996 2941 sed

2110 2895 2231 2932 ται·
2288 2875 2458 2939 οὕτως
2498 2873 2593 2928 καὶ
2641 2875 2730 2926 ἐπὶ
2773 2873 2881 2926 τῶν
2920 2872 3091 2926 ἄλλων
3146 2872 3396 2944 εὑρήσεις
3438 2871 3691 2924 πάντων.

433 2966 581 3021 omni
635 2964 961 3020 necessitate
1013 2979 1079 3019 eo
1129 2967 1274 3036 quod
1339 2969 1409 3024 sit
1454 2985 1483 3023 a
1534 2973 1758 3028 materia
1811 2991 1996 3045 purus,

2109 2969 2219 3024 Καὶ
2247 2969 2295 3020 εί
2332 2968 2498 3031 δοκεῖ,
2538 2964 2826 3036 προθῶμεν
2873 2964 3067 3034 ἑτέραν
3106 2962 3364 3031 συζυγίαν
3398 2962 3691 3032 ὀνομάτων

435 3054 812 3110 immaterialis
858 3053 1021 3109 simul
1060 3060 1114 3109 et
1166 3056 1463 3112 iracundus
1509 3059 1996 3133 demonstrabitur;

2107 3057 2379 3128 τοιαύτην,
2415 3056 2476 3108 τὸ
2519 3054 2782 3125 ἄτρεπτον
2826 3052 2969 3120 λέγω
2995 3053 3088 3107 καὶ
3113 3053 3173 3106 τὸ
3205 3050 3515 3123 ἀσώματον.
3560 3052 3699 3106 Τῶν

433 3151 492 3200 et
542 3159 650 3215 qua
682 3144 737 3199 in
771 3144 907 3198 iram
938 3157 1047 3198 non
1083 3144 1296 3212 incidit,
1336 3162 1442 3201 non
1483 3149 1777 3206 iracundus
1809 3160 1863 3207 et
1889 3170 1996 3207 ma-

2106 3148 2214 3219 γὰρ
2239 3146 2331 3200 δύο
2354 3147 2552 3200 τούτων
2578 3146 2855 3215 ὀνομάτων
2878 3144 3136 3215 ἑκατέρου
3157 3143 3295 3197 κατὰ
3318 3143 3415 3215 τὴν
3446 3144 3691 3209 ἰδιάζου-

437 3235 647 3290 terialis
690 3235 881 3290 eodem
931 3238 1095 3293 modo
1146 3239 1453 3292 invenietur
1500 3256 1513 3292 :
1562 3240 1641 3293 sic
1684 3250 1737 3295 et
1786 3242 1841 3296 in
1885 3244 1996 3299 aliis

2110 3257 2206 3293 σαν
2243 3240 2475 3309 ἔμφασιν
2492 3238 2595 3290 ’ἐπὶ
2623 3237 2720 3307 τῆς
2763 3236 2912 3300 θείας
2940 3237 3246 3307 λεγομένων
3278 3235 3445 3305 ζωῆς,
3480 3237 3693 3306 ὁμοίως

432 3323 688 3379 omnibus
739 3323 1003 3381 invenies.
1048 3326 1115 3381 Et
1161 3327 1208 3383 si
1258 3326 1456 3396 placet.
1487 3328 1714 3381 alteram
1746 3330 1996 3401 coniuga-

2107 3330 2200 3383 καὶ
2228 3328 2312 3382 ἐπ’
2359 3327 2602 3398 αὐτῶν-ὴ
2649 3324 2742 3380 τοῦ
2770 3327 3037 3396 Εὐνομίου
3085 3327 3245 3396 σοφία
3277 3327 3690 3382 κατασκευάσει

432 3415 633 3469 tionem
679 3414 842 3469 talem
885 3411 1281 3486 proponamus,
1313 3417 1459 3488 quod
1513 3418 1856 3475 immutabile
1899 3430 1996 3488 est,

2106 3420 2204 3491 τὴν
2231 3419 2478 3474 ἀτοπίαν.
2541 3418 2604 3472 El
2629 3421 2735 3491 γὰρ
2764 3419 2826 3472 τὸ
2864 3418 2953 3472 ἀεὶ
2983 3418 3243 3482 ὡσαύτως
3274 3418 3392 3489 ἔχον
3420 3422 3487 3490 τῇ
3527 3423 3686 3491 φωνῇ

415 3504 559 3560 dico
601 3512 657 3560 et
699 3506 1102 3576 incorporeum.
1151 3510 1289 3563 Cum
1338 3510 1481 3567 enim
1534 3510 1726 3567 horum
1770 3514 1996 3570 duorum

2105 3510 2198 3576 τοῦ
2221 3506 2487 3583 ἀτρέπτου
2519 3510 2862 3582 σημαίνεται,
2907 3509 3002 3562 καὶ
3031 3509 3093 3563 τὺ
3136 3509 3317 3582 νοερὸν
3344 3509 3444 3579 τῆς
3467 3510 3686 3574 οὐσίας,

435 3595 716 3651 nominum
742 3605 1035 3669 utrumque
1057 3600 1359 3655 secundum
1399 3601 1673 3671 prepriam
1720 3611 1773 3657 et
1802 3603 1996 3659 distin-

2105 3605 2138 3674 ἡ
2166 3602 2257 3656 τοῦ
2288 3601 2578 3672 ἀσωμάτου
2605 3602 2943 3672 προσηγορία
2976 3601 3324 3672 παρίστησιν.
3376 3602 3525 3672 Ἐρεῖ
3547 3602 3689 3655 πᾶν·

432 3693 577 3739 ctam
627 3686 1080 3758 signiﬁcationem
1129 3690 1197 3744 de
1242 3674 1590 3746 divina/vita
1638 3690 1880 3757 dicatur,
1928 3694 1996 3750 si-

2103 3710 2211 3757 τως
2241 3693 2309 3747 τὰ
2342 3692 2479 3747 αὒτά
2507 3692 2602 3746 καὶ
2641 3693 2734 3744 ἐπὶ
2767 3685 2973 3745 τούτων
3019 3695 3047 3746 ὁ
3077 3693 3355 3763 Εύνόμιος,
3383 3693 3466 3746 ὅτι
3497 3693 3684 3763 ἀσύμ-

433 3775 633 3832 utiliter
669 3788 724 3832 et
767 3779 822 3832 in
874 3779 959 3834 his
993 3780 1245 3834 Eunomii
1286 3780 1553 3851 sapientia
1600 3791 1879 3840 construet
1906 3785 1996 3839 ab-

2105 3784 2245 3838 6ατά
2275 3786 2392 3837 ἐστι
2425 3785 2518 3838 καὶ
2560 3783 2835 3854 ἀλλότρια,
2874 3783 2971 3837 καὶ
3000 3784 3371 3855 ἀκοινωνητως
3402 3778 3515 3855 ἔχει
3545 3786 3691 3856 πρὸς

427 1502 539 1559 Deo
558 1504 812 1559 decoram
847 1511 897 1559 et
926 1505 1338 1560 convenientem
1365 1506 1674 1574 Opinionem
1702 1505 1991 1576 signiﬁcet,

427 1594 551 1649 licet
594 1594 751 1665 juxta
793 1595 941 1649 illam
986 1596 1352 1666 prodigiosam
1389 1595 1456 1650 ab
1485 1594 1750 1650 Eunomia
1778 1596 1997 1667 excogi-

428 1693 598 1740 tatam
648 1687 1035 1757 cogitationem
1082 1696 1408 1742 connectere
1453 1704 1467 1741 :
1516 1688 1749 1759 exempli
1798 1690 1995 1760 gratia,

427 1867 497 1923 de
523 1867 705 1922 divina
729 1868 838 1921 vita
876 1868 1154 1935 dicuntur,
1191 1869 1288 1925 sed
1329 1884 1437 1925 non
1468 1869 1523 1923 in
1557 1869 1744 1925 eadem
1779 1880 2000 1927 senten-

427 1960 502 2014 tia
536 1968 846 2030 utrumque.
878 1959 1011 2015 Nam
1048 1977 1079 2016 a
1112 1961 1379 2017 materiali
1411 1960 1759 2030 permistione
1784 1962 1996 2018 Numen

429 2066 626 2122 porum
668 2067 809 2118 esse,
858 2069 954 2123 per
997 2054 1371 2109 immaterialis
1426 2055 1705 2110 notionem
1740 2057 2001 2125 cognovi~

430 2159 579 2197 mus.
622 2143 681 2197 In
726 2158 793 2197 eo
838 2157 967 2216 vero
1021 2144 1167 2214 quod
1213 2145 1309 2199 ira:
1361 2152 1447 2200 est
1482 2161 1702 2216 expers,
1744 2147 2000 2202 alienatio

429 2234 500 2288 ab
546 2234 643 2288 irae
687 2233 1099 2303 perturbatione
1125 2235 1486 2304 signiﬁcatur.
1517 2238 1618 2294 Per
1665 2238 1780 2293 haec
1807 2238 1996 2310 igitur,

431 2334 491 2379 ut
515 2331 598 2380 est
625 2323 941 2388 verisimile,
972 2336 1127 2381 curet
1150 2325 1469 2396 Eunomius,
1511 2330 1809 2400 eodemque
1839 2331 1999 2385 modo

433 2415 487 2469 in
527 2415 641 2469 haec
698 2414 844 2468 dicta
903 2416 1209 2472 insultabit.
1269 2416 1423 2474 Dicet
1472 2420 1616 2475 enim
1677 2423 1793 2492 pari
1856 2439 2001 2478 nexu

345 2572 353 2580 .
431 2503 824 2560 absurditatem
873 2514 1206 2564 connectens
1237 2526 1253 2564 :
1283 2504 1343 2563 Si
1372 2524 1480 2581 qua
1515 2525 1545 2565 a
1579 2513 1844 2567 materiali
1880 2528 2003 2583 per-

431 3867 773 3923 surditatem.
820 3868 876 3923 Si
905 3871 1050 3925 enim
1093 3871 1238 3941 quod
1273 3887 1486 3942 semper
1530 3874 1721 3929 eodem
1756 3875 1917 3930 modo
1945 3893 1996 3932 se

2102 3874 2305 3946 ἀλληλα
2333 3875 2401 3929 τά
2431 3878 2541 3938 τοῖς
2573 3874 2831 3945 ὀνόμασιν
2871 3875 3279 3947 ὲνθεωρούμενα
3301 3877 3521 3940 τούτοις
3564 3882 3689 3939 νοΐ,-

431 3958 612 4021 babet,
662 3975 796 4015 voce
840 3961 1195 4018 immutabilis
1220 3963 1581 4033 signiﬁcatur,
1611 3972 1665 4019 et
1698 3954 1996 4037 incorporei

2106 3983 2271 4037 ματα.
2334 3966 2422 4018 Ἐν
2473 3966 2572 4035 μὲν
2600 3964 2730 4036 ίγὰρ
2762 3964 2839 4035 τῷ
2878 3965 3105 4018 πάντοτε
3141 3966 3399 4030 ὡσαύτως
3443 3967 3596 4037 ἔχειν
3623 3968 3689 4022 τὸ

431 4049 722 4119 appellatio
779 4051 1006 4106 materia
1065 4052 1513 4125 abstractam‘et
1577 4054 1996 4113 intellectualem

2101 4056 2253 4110 Θεῖον
2274 4096 2287 4117 ,
2328 4056 2487 4126 μόνον
2520 4057 2786 4128 ἄτρεπτον
2812 4056 2961 4111 ἔσται
2990 4057 3083 4111 καὶ
3110 4058 3210 4111 ούκ
3237 4057 3526 4128 ἀσώματον
3545 4078 3560 4089 ·
3626 4062 3682 4112 ἐν

429 4141 723 4194 essentiam
768 4147 1148 4212 repraesentat,
1205 4143 1351 4199 dicet
1401 4144 1650 4216 profecto
1693 4147 1884 4202 eadem
1943 4148 1996 4203 in

2102 4150 2157 4203 δὲ
2181 4149 2258 4221 τῷ
2286 4148 2456 4221 νοερῷ
2479 4166 2537 4201 τε
2565 4149 2657 4202 καὶ
2678 4148 2847 4202 ἀειδεῖ
2881 4148 2979 4220 τῆς
3000 4150 3206 4213 ούσίας,
3229 4149 3291 4202 τὸ
3320 4150 3417 4220 μὲν
3447 4150 3679 4219 ἀσώμα-

429 4231 517 4286 his
549 4229 870 4298 Eunomius,
903 4235 1049 4305 quod
1079 4235 1350 4293 dissident
1376 4246 1430 4293 et
1468 4238 1647 4294 aliena
1701 4249 1828 4296 sunt
1874 4241 1996 4295 nul-

2102 4258 2191 4295 τον
2227 4241 2358 4312 ἔχει,
2409 4239 2503 4293 τοῦ
2544 4241 2599 4293 δὲ
2635 4240 2906 4311 ἀτρέπτου
2949 4239 3315 4313 κεχώρισται⁸
3365 4242 3506 4296 ὥστε
3538 4261 3679 4313 συμ-

430 4324 645 4393 lamque
665 4325 808 4380 inter
828 4340 886 4381 se
905 4327 1341 4383 communionem
1366 4337 1419 4385 et
1443 4331 1758 4387 societatem
1777 4332 1996 4401 habentl

2101 4333 2327 4397 ϐαίνειν,
2359 4334 2485 4387 ὅταν
2523 4335 2621 4403 μὲν
2653 4335 2714 4387 τὸ
2749 4333 3103 4387 ἀναλλοίωτον
3132 4335 3225 4386 ἐπὶ
3246 4335 3347 4405 τῆς
3368 4320 3520 4399 θείας
3544 4336 3680 4389 θεω-

432 4426 557 4482 ιιιιιε
596 4413 649 4465 in
697 4412 784 4468 his
819 4414 1132 4470 nominibus
1156 4417 1596 4486 considerantur,
1629 4422 1906 4475 notiones.
1942 4422 1996 4474 in

2103 4427 2275 4497 ρεῖται
2324 4422 2489 4494 ζωῆς,
2546 4423 2683 4494 μετά
2722 4424 2817 4478 τοῦ
2870 4406 3138 4495 ἀτρέπτου
3180 4426 3273 4479 καὶ
3318 4426 3476 4497 σῶμα
3507 4426 3681 4497 αὐτὴν

426 4517 494 4555 eo
525 4502 671 4557 enim
709 4505 856 4574 quod
886 4521 1085 4560 numen
1108 4506 1296 4562 eodem
1325 4508 1486 4563 modo
1517 4524 1576 4566 se
1604 4510 1788 4574 habet,
1826 4512 1996 4566 solum

2101 4510 2239 4569 εἶναι
2273 4512 2806 4577 κατασκευάζεσθαι·
2864 4514 2993 4568 ὅταν
3023 4515 3081 4569 δὲ
3112 4515 3175 4568 τὸ
3207 4517 3390 4587 νοερὸν
3420 4515 3678 4586 ἐξετάζηοο

429 4590 768 4649 immutabile
783 4595 888 4649 erit
906 4604 959 4649 et
982 4609 1091 4649 non
1121 4594 1504 4665 incorporeum
1529 4614 1545 4666 ;
1569 4597 1624 4652 in
1652 4599 1996 4656 intellectuali

2101 4626 2208 4672 ται,
2263 4606 2397 4676 ὁμοῦ
2445 4623 2503 4659 τε
2553 4605 2840 4677 ἀσώματον
2885 4607 3054 4679 αὐτὴν
3088 4603 3251 4676 εἶναι,
3292 4610 3385 4663 καὶ
3436 4610 3675 4680 τρεπτὴν

427 4700 559 4741 vero
607 4695 661 4743 et
710 4686 932 4743 informi
977 4688 1236 4753 essentia,
1276 4687 1421 4758 quod
1474 4689 1857 4760 incorporeum
1909 4700 1994 4748 est

2101 4696 2447 4768 διορίζεσθαι.

429 4777 611 4845 habet,
662 4779 734 4835 ab
790 4780 1115 4836 immutabili
1170 4793 1350 4836 autem
1398 4791 1709 4852 separatum
1787 4793 1913 4841 est:
1983 4789 2054 4844 ita
2098 4800 2153 4846 ut
2191 4806 2312 4845 cum
2338 4788 2558 4858 quidem
2585 4789 2731 4859 quod
2774 4791 3110 4846 immutabile
3134 4802 3218 4849 est
3250 4795 3302 4848 in
3338 4796 3519 4850 divina
3558 4792 3671 4853 vita

428 4872 831 4939 consideratur,
870 4886 994 4927 cum
1028 4872 1353 4929 immutabili
1401 4873 1614 4929 accidat
1641 4876 1812 4947 ipsam
1838 4880 2001 4935 etiam
2036 4897 2238 4952 corpus
2286 4894 2410 4935 esse
2454 4883 2663 4946 astrui;
2708 4897 2830 4936 cum
2863 4898 2995 4937 vero
3059 4878 3425 4943 intellectuale
3481 4888 3674 4961 exqui-

427 4963 591 5028 ritur,
637 4964 752 5020 sive
796 4963 942 5034 quod
986 4977 1014 5016 a
1051 4964 1276 5018 materia
1309 4964 1643 5020 abstractum
1683 4976 1789 5031 est,
1835 4971 2001 5026 simul
2036 4988 2157 5029 esse
2199 4974 2576 5043 incorpoream
2624 4983 2678 5028 et
2724 4975 3037 5031 mutabilem
3087 4978 3318 5034 deliniri.

497 5052 622 5110 Haec
663 5061 792 5109 sunt
820 5051 1068 5108 Eunomii
1108 5053 1269 5108 docta
1303 5063 1497 5109 contra
1531 5057 1816 5113 veritatem
1844 5074 1997 5114 com-

426 5151 627 5200 menta.
676 5142 817 5211 Quid
862 5144 1008 5200 enim
1059 5159 1199 5215 opus
1243 5151 1327 5200 est
1364 5147 1547 5199 omnia
1579 5159 1994 5219 persequentem

427 5233 483 5289 ia
539 5237 825 5307 nugatoria
881 5238 1201 5308 garrulitate
1243 5236 1564 5308 producere,
1619 5240 1887 5311 siquidem
1939 5241 1993 5296 in

2166 5061 2350 5115 Ταῦτα
2378 5061 2472 5115 τοῦ
2507 5062 2770 5134 Εὐνομίου
2819 5064 2890 5118 τά
2936 5066 3074 5132 σοφά
3108 5066 3247 5123 κατά
3274 5069 3376 5140 τῆς
3412 5071 3669 5145 ἀληθείας

2095 5154 2227 5225 εύρή
2238 5170 2400 5223 ματα.
2460 5153 2525 5206 Τί
2559 5153 2667 5224 γὰρ
2697 5154 2779 5208 δεῖ
2809 5144 2972 5210 πᾶσιν
3002 5158 3281 5226 ἐπεξιόντα
3321 5164 3667 5233 παρατείνειν

2094 5244 2151 5295 ἐν
2174 5242 2457 5316 ἀδολεσχίᾳ
2484 5243 2574 5297 τὸν
2600 5244 2786 5313 λόγον;
2822 5248 2977 5300 Ἔστι
2996 5248 3105 5321 γὰρ
3120 5251 3317 5320 ὁμοίως
3342 5252 3437 5306 ἐπὶ
3454 5254 3665 5308 πάντων

425 5324 681 5385 omnibus
728 5329 959 5386 similem
991 5329 1134 5386 hanc
1183 5329 1309 5386 licet
1338 5331 1631 5387 amentiam
1675 5340 1730 5387 et
1764 5333 1995 5388 rationis

2101 5335 2191 5405 τὴν
2238 5336 2458 5415 ἀλογίαν
2495 5335 2697 5407 ταύτην
2747 5339 3294 5412 κατασκευαζομένην
3344 5341 3659 5397 θεάσασθαι·

424 5416 694 5476 defectum
730 5423 977 5492 praestrui
1013 5424 1353 5481 ‘observare?
1390 5424 1603 5482 Etenim
1641 5436 1693 5482 et
1721 5427 1864 5497 quod
1898 5443 1992 5483 ve-

426 5521 572 5576 rum,
611 5514 667 5565 et
708 5511 851 5581 quod
886 5513 1118 5583 justum,
1147 5515 1399 5573 similiter
1427 5512 1568 5574 inter
1597 5531 1655 5574 se
1688 5516 1986 5574 secundum

2098 5424 2191 5477 καὶ
2220 5424 2329 5497 γὰρ
2354 5427 2448 5477 καὶ
2482 5425 2542 5478 τὸ
2568 5426 2819 5498 ἀληθινὸν
2845 5429 2939 5481 καὶ
2965 5430 3026 5483 τὸ
3062 5430 3267 5485 δίκαιον
3291 5433 3495 5503 ὁμοίως
3513 5431 3661 5500 ἀλλή-

2098 5516 2207 5579 λοις
2255 5518 2395 5570 κατά
2436 5516 2533 5586 τὴν
2580 5517 2949 5589 προλαϐοῦσαν
2992 5520 3197 5594 πλοκὴν
3240 5524 3658 5595 μαχεσθήσεται.
