4010 6212
302 204 469 293 Γιοδες

1318 261 1343 270 ε
1377 205 1656 266 CONTRA
1695 201 2080 271 EUNOMIUM,
2119 203 2251 261 LIB.
2291 204 2407 262 XII.

3440 209 3580 268 i086
3602 230 3603 235 ‘

328 330 496 383 Ἄλλο
523 324 633 396 γὰρ
662 326 761 397 τῆς
795 326 1082 398 ἀληθείας,
1129 327 1223 383 καὶ
1263 328 1449 402 ἓτερον
1480 329 1574 384 τοῦ
1606 329 1814 384 δικαίου
1846 328 1908 382 τὸ

2014 328 2405 400 praecedentem
2453 290 2795 401 complexum
2846 328 3188 402 pugnabunt.
3223 328 3386 385 Aliud
3429 331 3578 387 enim

327 418 729 493 σημαινόμενον
745 460 762 485 ,
797 417 938 472 ὥστε
983 421 1159 475 εἰπεῖν
1196 421 1263 475 ἂν
1288 422 1353 475 ὲκ
1377 420 1470 475 τοῦ
1494 421 1785 476 ἀκολούθου
1811 419 1905 475 καὶ

325 512 459 584 περὶ
490 506 696 562 τούτων
735 508 1026 578 Εὐνόμιον,
1061 508 1140 580 τῷ
1170 511 1267 581 μὲν
1296 509 1487 581 δικαίῳ
1506 510 1569 563 τὸ
1594 508 1794 579 ἀληθὲς
1826 508 1900 580 μὴ

326 604 627 672 παρεῖναι,
678 601 745 670 τῇ
794 598 851 652 δὲ
897 599 1124 671 ἀληθείᾳ
1161 600 1365 657 λείπειν
1415 602 1476 656 τὸ
1505 602 1748 656 δίκαιον·
1813 603 1908 655 καὶ

328 691 682 763 συμϐαίνειν,
731 690 860 743 ὅταν
890 689 952 743 τὸ
999 691 1096 761 τῆς
1127 690 1337 756 ἀδικίας
1364 691 1642 763 ἀλλότριον
1674 692 1767 746 ἐπὶ
1810 690 1906 745 τοῦ

329 780 464 833 θεοῦ
493 780 578 843 τίς
613 776 910 850 λογίζηται,
929 779 1134 835 δίκαιον
1167 781 1260 835 καὶ
1279 780 1472 850 ψευδὲς
1502 776 1642 835 εἶναι
1661 781 1719 834 τὸ
1753 781 1907 835 Θεῖον

224 891 243 911 ο
329 870 471 926 κατά
503 868 700 923 ταύτὸν
720 868 1135 938 ἀποφαίνεσθαι.
1183 869 1309 924 Ἐὰν
1336 871 1393 924 δὲ
1414 871 1513 942 τὴν
1539 871 1674 943 πρὸς
1696 872 1756 925 τὺ
1775 871 1909 942 ψεῦ-

328 961 416 1024 δος
443 960 611 1034 αὐτοῦ
657 960 1007 1032 ἀλλοτρίωσιν
1038 961 1401 1033 λογιζώμεθα,
1440 963 1639 1035 ἀληθὲς
1671 961 1788 1033 ἅμα
1814 963 1911 1017 καὶ

298 1052 514 1108 ’ἄδικον
547 1051 975 1133 κατασκευάζειν
1006 1054 1066 1108 τὸ
1097 1053 1269 1108 Θεῖον.
1330 1054 1517 1119 Οὕτως
1562 1055 1625 1109 τὸ
1658 1055 1907 1125 ἀόρατον,

328 1141 504 1205 οὕτως
551 1142 612 1195 τὸ
659 1143 1086 1213 ἀσχημάτιστον.
1142 1144 1389 1211 Ἐξέσται
1434 1147 1541 1219 γὰρ
1579 1145 1668 1201 διά
1703 1146 1909 1200 τούτων

329 1233 472 1287 κατά
497 1227 599 1301 τὴν
619 1229 970 1302 ὁμοιότροπον
990 1229 1363 1303 πρωκτεθείσι
1386 1230 1598 1302 σοφίαν,
1621 1234 1757 1307 μήτε
1773 1232 1910 1305 ὲντῷ

329 1324 724 1395 ἀσχηματίστῳ
753 1324 815 1378 τὸ
849 1324 1079 1396 ἀόρατον
1110 1321 1244 1379 εἶναι
1289 1325 1501 1395 λέγειν,
1567 1327 1703 1399 μήτε
1746 1328 1804 1381 ὲν
1830 1327 1909 1399 τῷ

329 1417 551 1492 ἀοράτῳ
590 1415 769 1486 λέγειν
810 1417 871 1471 τὸ
902 1404 1344 1489 ἀσχημάτιστον-
1383 1418 1545 1473 Ἀλλά
1576 1418 1654 1490 τῷ
1683 1418 1781 1489 μὲν
1814 1420 1908 1473 ἀο-

331 1512 484 1583 ράτῳ
525 1508 819 1583 συμπλέξει
846 1508 908 1562 τὸ
954 1509 1161 1580 σχῆμα,
1206 1509 1398 1581 ὁρατὸν
1429 1509 1487 1563 δὲ
1526 1509 1616 1563 διά
1646 1510 1745 1579 τῆς
1775 1510 1908 1564 ἀνα-

334 1602 573 1673 στροφῆς
612 1599 1008 1656 κατασκευάσει
1042 1600 1101 1655 sb
1128 1600 1557 1672 ἀσχημάτιστον.
1604 1599 1789 1654 Ταῦτα
1812 1600 1909 1655 καὶ

2005 419 2275 488 veritatis,
2322 428 2378 475 et
2407 420 2553 476 aliud
2593 421 2726 490 justi
2757 420 3146 489 signiﬁcatum,
3172 420 3249 475 ita
3290 427 3351 474 ut
3394 419 3584 476 Euno-

2005 509 2150 567 mius
2191 525 2258 565 ex
2315 510 2706 580 consequentia
2758 510 2920 565 etiam
2966 509 3034 565 de
3081 510 3167 566 his
3214 511 3381 577 dicat,
3428 510 3581 581 justo

2006 600 2225 669 quidem
2248 616 2437 656 verum
2462 616 2570 654 non
2601 600 2815 664 adesse,
2856 615 2885 654 a
2917 602 3144 655 veritate
3177 608 3356 655 autem
3389 600 3583 657 abesse

2005 692 2248 763 justum;
2294 699 2350 747 et
2390 693 2729 764 contingere,
2780 699 2839 747 ut
2867 707 2991 746 cum
3031 691 3176 761 quod
3221 692 3291 748 ab
3315 692 3581 763 iniustitia

2007 791 2092 837 est
2122 781 2382 849 alienum,
2430 784 2485 839 in
2532 782 2641 840 Deo
2691 784 2817 856 quis
2846 785 3067 856 regitat,
3103 764 3313 854 justum
3345 794 3400 841 et
3436 802 3585 842 men-

2007 874 2198 930 dacem
2230 875 2399 932 Deum
2430 892 2555 932 esse
2581 877 2770 933 eodem
2802 877 2962 931 modo
2994 877 3328 948 pronuntiet.
3365 879 3420 931 Si
3452 893 3582 934 vero

2009 981 2038 1019 a
2069 966 2354 1022 mendacio
2380 968 2764 1023 alienationem
2796 968 2917 1039 ejus
2942 968 3353 1033 ratiocinemur,
3384 984 3576 1024 verum

2008 1057 2172 1111 simul
2211 1066 2266 1113 et
2298 1059 2563 1128 injustum
2600 1058 2768 1115 Deum
2799 1068 3135 1116 astruamus.
3166 1059 3259 1116 Sic
3287 1061 3580 1127 invisibile,

2008 1146 2090 1201 sic
2128 1149 2274 1217 quod
2330 1150 2514 1222 ﬁgura:
2548 1158 2633 1206 est
2666 1163 2881 1220 expers.
2913 1149 3121 1205 Licebit
3163 1150 3309 1205 enim
3344 1164 3441 1220 per
3469 1151 3585 1205 haec

2008 1238 2313 1294 secundum
2359 1240 2593 1297 similem
2647 1240 2733 1295 his
2780 1255 2904 1311 quae
2944 1241 3099 1312 prius
3129 1241 3377 1312 exposita
3429 1249 3581 1304 sunt,

2009 1329 2336 1398 sapientiam
2396 1330 2600 1396 dicere,
2650 1346 2826 1401 neque
2875 1332 2926 1387 ei
2977 1331 3123 1400 quod
3176 1332 3349 1403 ﬁgura
3405 1340 3582 1398 caret,

2009 1420 2283 1477 invisibile
2308 1422 2525 1488 inesse;
2561 1439 2737 1492 neque
2774 1424 2979 1478 visibili
3008 1424 3151 1493 quod
3192 1424 3362 1492 ﬁgura
3409 1430 3582 1478 caret.

2011 1507 2116 1565 Sed
2178 1512 2397 1580 quidem
2462 1514 2517 1569 in
2568 1513 2830 1568 invisibili
2890 1515 3121 1585 ﬁguram
3168 1516 3584 1585 complectetur,

2008 1602 2230 1658 visibile
2288 1613 2469 1659 autem
2530 1620 2628 1675 per
2675 1604 2943 1674 ejusmodi
2999 1605 3392 1670 inversionem,
3440 1606 3583 1674 quod

332 1671 427 1747 ﬁeri
453 1671 665 1747 τούτων
678 1692 865 1757 εἰπὼν,
893 1692 929 1748 ἃ.
953 1693 1081 1761 περὶ
1111 1693 1208 1745 τοῦ
1232 1693 1510 1764 ἀφθάρτου
1539 1709 1598 1745 τε
1627 1693 1721 1746 καὶ
1744 1692 1911 1764 ἀνάρ-

2014 1693 2197 1763 ﬁgurae
2244 1703 2330 1750 est
2371 1671 2589 1765 expers,
2638 1671 2941 1753 construct.
2997 1696 3123 1752 Haec
3176 1698 3338 1753 etiam
3384 1671 3588 1752 tle—bis

331 1800 430 1854 χου
464 1782 898 1853 ὲτεχνολόγησεν,
922 1783 1026 1847 ὅτι,
1056 1782 1226 1836 Ὅταν
1248 1783 1309 1836 τὸ
1328 1782 1617 1836 ἀσύνθετον
1642 1781 1741 1852 τῆς
1760 1780 1912 1844 θείας

234 1862 237 1865 ’
333 1872 481 1944 ζωῆς
495 1872 856 1945 λογιζώμεθα,
871 1874 1275 1947 ἀσχημάτιστον
1304 1873 1403 1944 μὲν
1430 1871 1600 1943 αὐτὴν
1620 1870 1912 1943 ὁμολογοῦο

334 1985 457 2042 μεν,
478 1967 537 2020 οὐ
564 1969 670 2039 μὴν
693 1969 787 2021 καὶ
808 1968 1059 2039 ἀόρατον.
1095 1969 1206 2021 Καὶ
1226 1969 1352 2021 ὅταν
1377 1966 1504 2036 περὶ
1526 1964 1620 2019 τοῦ
1647 1966 1723 2036 μὴ
1750 1963 1912 2021 δύνα-

335 2064 461 2119 σθαι
481 2064 808 2134 σωματικοῖς
823 2060 1118 2130 ὀφθαλμοῖς
1135 2059 1228 2112 τὸν
1243 2057 1374 2113 Θεὸν
1397 2057 1524 2111 ἰδεῖν
1546 2057 1909 2129 ἐννοήσωμεν,

330 2152 395 2209 τὸ
418 2156 649 2227 ἀόρατον
686 2153 833 2223 αὐτῷ
886 2154 1364 2223 συγχωρήσαντες,
1404 2149 1465 2203 τὸ
1489 2148 1595 2214 ἔξω
1634 2151 1911 2220 σχήματος

331 2242 472 2301 εἶναι
494 2246 555 2301 οὐ
588 2244 981 2316 συνθησόμεθα.
1023 2245 1089 2299 Ei
1115 2244 1172 2297 δὲ
1194 2241 1369 2296 ταῦτα
1403 2239 1787 2311 καταγέλαστα
1807 2243 1911 2295 πά-

335 2354 420 2391 σιν
455 2337 657 2409 ὁμοίως
701 2338 848 2390 δοκεῖ
887 2337 980 2391 καὶ
1013 2335 1239 2407 ἀνόητα,
1287 2333 1423 2388 πολὺ
1461 2332 1660 2404 μᾶλλον
1689 2333 1911 2387 ἐκείνων

332 2430 432 2501 τὴν
456 2429 688 2484 ἀτοπίαν
719 2431 747 2483 ὁ
776 2428 900 2483 νοῦν
931 2428 1069 2499 ἔχων
1097 2425 1562 2496 καταψηφίσεται,
1601 2425 1723 2478 ὅθεν
1745 2415 1913 2496 ὁρμηο

335 2521 450 2586 θεὶς
472 2523 501 2574 ὁ
541 2520 699 2589 λόγος
741 2520 834 2574 ἐπὶ
879 2520 1053 2573 ταῦτα
1089 2518 1155 2572 δι’
1206 2516 1500 2572 ἀκολούθου
1547 2517 1647 2588 τὴν
1685 2518 1910 2571 ἀτοπίαν

316 2592 670 2683 προήγαγεν.
716 2610 853 2664 Ἀλλ’
880 2610 1309 2681 ἐπιλαμϐάνεται
1339 2609 1439 2680 τῆς
1465 2606 1561 2661 τοῦ
1594 2607 1911 2662 διδασκάλου

334 2703 544 2774 φωνῆς,
570 2702 647 2766 ὠς
678 2703 739 2757 οὐ
772 2702 1000 2767 δεόντως
1029 2703 1087 2755 ὲν
1115 2701 1193 2773 τῷ
1223 2700 1565 2771 ἀτελευτήτῳ
1602 2698 1911 2771 θεωρούσης

332 2794 396 2849 τὸ
420 2794 716 2866 ἄφθαρτον,
739 2795 835 2848 καὶ
866 2796 924 2848 ἐν
953 2793 1031 2866 τῷ
1056 2793 1317 2865 ἀφθάρτῳ
1346 2790 1573 2865 νοούσης
1601 2789 1663 2843 τὸ
1692 2783 1912 2843 ἀτελεύ-

333 2904 520 2960 τητον.
553 2886 759 2941 Οὐκοῦν
790 2885 852 2940 τὸ
892 2886 1269 2958 παραπλήσιον
1295 2887 1362 2957 τῇ
1401 2882 1651 2954 ἀγχινοίᾳ
1678 2880 1771 2936 τοῦ
1809 2880 1911 2934 E6-

2010 1798 2136 1839 cmn
2193 1786 2414 1850 dixerit,
2463 1802 2584 1856 qum
2634 1787 2704 1840 de
2754 1787 3155 1857 incorruptibili
3206 1798 3260 1843 ct
3317 1788 3587 1858 principio

2010 1883 2233 1928 carente
2283 1876 2631 1944 excogitavit.
2687 1875 2885 1941 Quod,
2938 1879 3157 1948 quando
3209 1879 3408 1932 divina:
3462 1878 3587 1932 vitm

2010 1962 2154 2033 quod
2180 1973 2260 2018 est
2292 1964 2664 2020 inconcretum
2700 1967 2909 2022 ratione
2929 1968 3382 2038 contemplamur,
3409 1967 3585 2036 ipsam

2013 2052 2197 2123 ﬁgurae
2245 2063 2524 2124 expertem
2577 2058 2923 2122 conﬁtemur,
2958 2074 3066 2114 non
3116 2059 3244 2113 item
3280 2057 3588 2127 inaspecta-

2011 2142 2205 2198 bilem.
2256 2142 2321 2197 Et
2374 2160 2498 2199 cum
2539 2146 2903 2217 cogitabimus
2949 2148 3220 2204 neminem
3255 2146 3422 2202 Deum
3466 2162 3589 2202 cor-

2013 2235 2192 2303 poreis
2212 2235 2386 2289 oculis
2409 2236 2593 2292 videre
2620 2252 2802 2308 posse,
2829 2238 3102 2295 invisibile
3122 2239 3172 2294 ci
3200 2238 3585 2304 concedentes,

2010 2342 2164 2384 extra
2194 2329 2424 2401 ﬁguram
2460 2346 2583 2386 esse
2618 2348 2726 2387 non
2754 2335 3177 2390 consentiemus.
3214 2332 3368 2399 Quod
3400 2334 3446 2387 si
3476 2332 3592 2388 haec

2012 2423 2267 2477 omnibus
2311 2423 2543 2478 ridicula
2579 2423 2838 2480 videntur
2869 2425 3122 2481 similiter
3152 2434 3208 2480 et
3238 2440 3269 2479 a
3318 2434 3500 2481 mente
3535 2433 3591 2479 et

2011 2520 2220 2571 ratione
2264 2515 2425 2570 devia
2464 2524 2518 2571 et
2563 2517 2761 2587 aliena,
2812 2520 2987 2572 multo
3032 2519 3208 2588 magis
3250 2519 3465 2574 illorum
3495 2519 3592 2574 ab-

2011 2608 2355 2671 surditatem,
2380 2609 2473 2679 qui
2500 2617 2679 2665 mente
2709 2596 2872 2672 valet,
2904 2626 3004 2665 suo
3040 2610 3299 2680 suffragio
3332 2611 3591 2666 condem-

2012 2698 2180 2763 nabit,
2204 2699 2348 2754 unde
2373 2699 2596 2754 incitata
2613 2701 2791 2755 oratio
2811 2701 2876 2757 ad
2898 2702 3131 2779 haec’per
3145 2702 3589 2757 consecutionem

2011 2788 2401 2844 absurditatem
2445 2788 2692 2847 adduxit.
2753 2791 2860 2846 Sed
2908 2794 3152 2848 doctoris
3197 2808 3384 2848 vocem
3441 2809 3591 2847 mor-

2010 2879 2167 2933 dicus
2213 2881 2411 2950 carpit,
2460 2876 2603 2950 quod
2653 2896 2761 2935 non
2803 2883 3193 2939 convenienter
3234 2883 3289 2937 in
3343 2897 3410 2938 eo
3442 2882 3592 2952 quod

336 2980 525 3051 τομίου
545 2979 639 3033 καὶ
661 2982 823 3050 ἡμεῖς
847 2979 1237 3050 γελοιάσωμεν.
1272 2976 1648 3064 Ἐξετάσωμεν
1676 2973 1783 3045 γάρ
1811 2972 1909 3044 τὴν

2015 2969 2119 3026 ﬁne
2164 2979 2314 3026 caret
2365 2982 2575 3041 spectet
2621 2972 2769 3043 quod
2816 2982 2902 3030 est
2948 2975 3400 3044 incorruptibile;
3451 2975 3590 3029 etin

334 3069 776 3141 τοιαύτηναῦτοῦ
803 3069 1028 3142 γνώμην
1065 3069 1192 3140 περὶ
1230 3066 1337 3122 τῶν
1367 3060 1645 3135 ὀνομάτων
1681 3064 1905 3131 τούτων,

337 3160 465 3230 ἥτις
495 3160 661 3214 ἐστίν.

415 3521 592 3575 Ἄλλο
627 3538 681 3576 τι
732 3520 865 3591 φησὶ
917 3518 997 3586 τῷ
1029 3506 1442 3591 σημαινομένῳ
1486 3522 1553 3576 τὸ
1593 3523 1913 3591 ἀτελεύτη-

337 3624 450 3663 τον
472 3604 624 3663 εἶναι
649 3609 807 3678 παρὰ
837 3608 902 3663 τὸ
929 3609 1251 3678 ἄφθαρτον,
1283 3608 1320 3677 ἢ
1352 3608 1423 3663 ἐν
1454 3610 1526 3664 τὰ
1549 3609 1657 3664 δύο
1685 3610 1913 3680 συνθή-

214 3770 227 3785 ο
340 3715 531 3754 σεται.
558 3700 783 3755 Ἀλλέι
794 3697 913 3769 μὲν
931 3698 1001 3753 ἐν
1022 3700 1323 3769 ἀμφότερα
1345 3698 1625 3769 nam,qu
1652 3699 1913 3769 ἡμετέρῳ

339 3788 1114 3859 συναγορεύσειλόγῳειδὲ
1135 3788 1289 3843 ἄλλο
1314 3786 1466 3856 φησι
1495 3788 1599 3844 τοῦ
1611 3788 1914 3859 ἀφθάρτου

340 3874 493 3934 εἶναι
508 3881 603 3933 καὶ
623 3880 826 3949 ἕτερον
835 3879 940 3933 τοῦ
955 3879 1352 3949 ἀτελευτήτου
1362 3878 1429 3932 τὸ
1444 3882 1911 3951 σημαινόμενον

341 3969 573 4041 ἀνάγκη
595 3969 762 4025 πᾶσα
776 3970 873 4024 ἐπὶ
893 3970 1010 4024 τῶν
1020 3970 1350 4039 ἀλλοτρίως
1363 3968 1627 4039 ἐχόντων
1636 3971 1785 4040 πρὸς
1804 3972 1915 4027 ἀλ-

339 4064 524 4128 ληλα,
536 4059 621 4129 μὴ
638 4060 703 4114 τὸ
724 4060 867 4114 αὐτὸ
891 4055 1042 4115 εἶναι
1063 4059 1213 4115 κατὰ
1231 4058 1349 4127 τὴν
1369 4061 1622 4128 δύναμιν
1640 4059 1720 4126 τῷ
1739 4059 1917 4128 ἑτέρῳ

340 4152 410 4205 τὸ
428 4152 649 4221 ἕτερον.
677 4152 911 4207 οὐκοῦν
931 4154 985 4206 ει
998 4151 1155 4220 ἄλλη
1182 4151 1289 4206 τοῦ
1311 4151 1611 4221 ἀφθάρτου
1631 4153 1670 4221 ἠ
1689 4151 1912 4218 ἔννοια,

344 4244 443 4297 καὶ
461 4243 567 4297 τοῦ
585 4241 985 4308 ἀτελευτήτου
1003 4242 1189 4297 πάλιν
1204 4241 1373 4310 ἑτέρα
1387 4285 1403 4308 ,
1420 4242 1519 4296 καί
1533 4243 1664 4297 ἐστι
1685 4243 1916 4297 τούτων

2012 3062 2416 3132 ὶαεοττυριῑιήιί
2466 3077 2577 3117 non
2625 3071 2775 3119 recte
2828 3064 3094 3137 intelligat
3146 3065 3289 3135 quod
3319 3065 3592 3120 inﬁnitum

2010 3157 2114 3205 est.
2176 3148 2323 3221 Ergo
2363 3151 2508 3220 quod
2562 3165 2670 3206 non
2724 3152 2975 3209 absimile
3005 3162 3088 3209 est
3120 3155 3189 3209 ab
3222 3153 3474 3208 Eunomii
3504 3168 3595 3209 so.

2011 3239 2206 3303 lertia,
2257 3255 2360 3296 nos
2408 3241 2574 3296 etiam
2629 3242 2936 3297 riserimus.
3002 3241 3393 3298 Examinemus
3447 3243 3593 3298 enim

2010 3331 2184 3409 ipsius
2217 3333 2546 3389 sententiam
2580 3332 2650 3390 de
2685 3334 2770 3389 his
2800 3335 3141 3401 nominibus,
3171 3351 3294 3406 qua:
3335 3336 3460 3391 talis
3487 3346 3590 3393 est.

2082 3422 2246 3477 Aliud
2267 3422 2393 3493 quid
2443 3424 2624 3494 inquit
2668 3440 2761 3495 per
2781 3424 3138 3495 signiﬁcatum
3164 3425 3434 3494 inﬁnitum
3456 3436 3590 3492 esse,

2013 3512 2163 3566 aliud
2207 3513 2629 3583 incorruptibile,
2675 3514 2755 3568 vel
2793 3530 2955 3568 unum
2988 3513 3150 3568 ambo
3181 3514 3291 3569 Ita'c
3317 3532 3429 3571 esse
3458 3517 3593 3587 fate-

2014 3604 2175 3658 bixur.
2207 3603 2310 3659 Sed
2341 3606 2389 3659 si
2422 3622 2584 3660 unum
2616 3607 2770 3661 ambo
2809 3607 2976 3670 dicat,
3003 3616 3183 3663 nostro
3208 3610 3437 3663 sermoni
3461 3611 3594 3664 asti-

2013 3694 2319 3762 pulabitur;
2366 3695 2414 3748 si
2464 3705 2636 3748 autem
2678 3696 2909 3749 alterum
2948 3695 3077 3749 dicit
3109 3712 3223 3751 esse
3262 3698 3592 3766 incorrupti-

2015 3784 2156 3845 bilis,
2205 3792 2257 3837 et
2304 3783 2531 3839 alterum
2576 3785 2771 3852 inﬁniti
2818 3784 3198 3856 signiﬁcatum,
3238 3788 3593 3841 necessarium

2012 3884 2088 3929 est
2133 3875 2344 3930 omnino
2394 3876 2455 3928 in‘
2502 3875 2583 3928 his
2626 3890 2744 3945 qua:
2790 3874 2999 3930 diversa
3034 3884 3157 3929 sunt
3207 3875 3345 3929 inter
3377 3893 3453 3940 se,
3490 3892 3590 3930 non

2014 3965 2154 4019 idem
2204 3981 2317 4019 esse
2351 3964 2636 4019 secundum
2663 3967 2950 4034 potentiam
2996 3981 3113 4018 cum
3142 3965 3315 4020 altera
3342 3965 3591 4022 alterunt.

2019 4056 2157 4127 Ergo
2189 4058 2236 4111 si
2285 4059 2397 4111 alia
2440 4056 2855 4127 incorruptibilis
2904 4057 3072 4120 notio,
3132 4065 3182 4112 et
3214 4058 3321 4127 ﬁne
3364 4060 3592 4114 carentis

2016 4164 2204 4203 rursus
2256 4148 2386 4214 alia,
2438 4158 2487 4202 et
2521 4149 2710 4201 [torum
2748 4157 2828 4202 est
2864 4155 3145 4217 utrumque
3192 4146 3330 4218 quod
3376 4164 3479 4202 non
3514 4158 3593 4204 est

2019 4239 2290 4302 alterum;
2338 4253 2502 4306 neque
2542 4237 2942 4306 incorruptibile
2982 4237 3128 4291 dabit
3174 4254 3285 4293 esse
3318 4239 3459 4307 quod
3488 4241 3594 4308 ﬁne

343 4329 627 4398 ἑκάτερον
642 4329 785 4397 ὅπερ
796 4331 906 4384 οὐκ
922 4329 1053 4384 ἔστι
1072 4330 1134 4382 τὸ
1149 4329 1371 4399 ἓτερον*
1388 4330 1526 4384 οὔτε
1539 4329 1606 4385 τὸ
1620 4331 1912 4399 ἄφθαρτον

2021 4338 2186 4395 caret,
2238 4343 2398 4397 neque
2448 4326 2588 4397 quod
2636 4337 2716 4381 est
2766 4329 2890 4398 ﬁnis
2933 4343 3116 4396 expers
3152 4328 3592 4399 incorruptibile:

344 4421 743 4489 ἀτελεύτητον
752 4418 903 4475 εἶναι
919 4414 1113 4486 δώσει,
1132 4422 1270 4475 οὔτε
1288 4422 1682 4489 ἀτελεύτητον
1697 4420 1919 4491 ἇφθαρυ

348 4529 475 4567 τον·
501 4513 664 4567 ἀλλά
682 4511 946 4581 φθαρτὸν
960 4511 1258 4582 μενέσται
1289 4511 1355 4566 τὸ
1370 4513 1765 4580 ἀτελεύτητον
1782 4552 1798 4579 ,
1829 4531 1920 4568 τε-

350 4604 649 4673 λευτητὸν
662 4604 730 4658 δὲ
753 4605 820 4658 τὸ
845 4603 1165 4673 ἄφθαρτον.
1207 4604 1367 4658 Ἀλλά
1394 4603 1760 4676 παραιτοῦμαι
1791 4605 1919 4669 τοὺς

351 4696 792 4766 ἐντυγχάνοντας,
814 4695 889 4766 μὴ
914 4694 1035 4748 καθ’
1048 4693 1404 4767 ήμῶντρέψαι
1416 4693 1512 4764 τὴν
1527 4695 1619 4749 ἐπὶ
1631 4694 1709 4766 τῷ
1724 4695 1919 4765 γελοίῳ

244 4812 275 4831 ὀ
348 4788 711 4856 κατάγνωσιν.
728 4784 913 4839 Ταῦτα
927 4784 1035 4855 γὰρ
1062 4786 1094 4855 ἡ
1103 4787 1223 4854 μεῖς
1235 4785 1368 4856 πρὸς
1382 4784 1474 4838 τὸν
1494 4784 1811 4857 γελοιαστὴν
1826 4787 1919 4839 ὑπ’

346 4877 592 4948 ἀνάγκης
624 4876 949 4947 ἐπαίξαμεν,
981 4875 1067 4928 ἵνα
1095 4874 1183 4927 διὰ
1213 4874 1314 4944 τῆς
1342 4874 1529 4946 ὁμοίας
1555 4876 1773 4939 παιδιᾶς
1819 4875 1919 4946 τὴν

350 4966 683 5041 μειρακιώδη
701 4965 792 5020 τοῦ
807 4966 1136 5036 σοφίσματος
1156 4963 1317 5018 αὐτοῦ
1337 4964 1538 5036 πλοκὴν
1553 4965 1915 5037 διαλύσωμεν.

360 5058 502 5113 Ἀλλ’
522 5061 572 5112 εί
594 5057 668 5129 μὴ
690 5056 827 5129 βαρύ
839 5073 899 5109 τε
914 5055 1007 5109 καὶ
1023 5055 1250 5126 ὀχληρὸν
1265 5056 1376 5118 τοῖς
1393 5056 1775 5126 ἐντυγχάνουσι
1796 5058 1921 5127 φαί-

346 5167 510 5217 νοιτο,
540 5151 641 5204 οὐκ
664 5150 888 5220 ἄκαιρον
912 5145 984 5200 ’ἂν
1010 5146 1096 5217 ειη
1132 5144 1293 5199 πάλιν
1325 5145 1419 5199 ἐπὶ
1446 5145 1642 5212 λέξεως
1666 5133 1919 5204 ἐκθέσθαι

346 5242 442 5296 τοῦ
475 5242 737 5310 Εὑνομίου
762 5239 832 5293 τὰ
859 5240 1098 5311 ῥήματα.
1137 5238 1202 5290 Et
1233 5235 1381 5291 κατά
1406 5235 1470 5289 τὸ
1499 5236 1917 5305 ἀτελεύτητον,

348 5332 505 5404 φησὶ,
522 5330 630 5401 τῆς
650 5329 798 5401 ζωῆς
816 5329 1006 5399 μόνον
1022 5312 1196 5381 ἐστίν
1209 5326 1527 5397 ἄφθαρτος,
1558 5327 1658 5381 καὶ
1685 5330 1834 5384 κατὰ
1853 5332 1918 5384 τὸ

346 5424 616 5495 ἄναρχον
622 5424 812 5494 μόνον
823 5416 1409 5492 ἀπέννητοςβαθὸμή
1422 5418 1591 5473 ἐστιν
1600 5419 1917 5490 ἄφθαρτος,

347 5514 606 5583 φθαρτὸς
629 5511 800 5567 ἔσται
820 5526 834 5539 ·
867 5508 963 5564 καὶ
980 5506 1125 5564 καθύ
1135 5505 1220 5576 μή
1235 5505 1405 5560 ἐστιν
1418 5507 1762 5577 ἀγέννητος,
1786 5528 1920 5580 τεν-

345 5606 529 5676 νητὲς
554 5605 745 5661 ἔσται.
777 5603 883 5660 Καὶ
918 5596 1270 5657 ὶπαναλασὼν
1291 5598 1352 5652 τὸ
1370 5600 1500 5655 αὐτὸ
1532 5603 1712 5671 πάλιν,
1731 5605 1913 5677 φησίν·

2020 4422 2110 4475 sed
2155 4417 2495 4487 eorruptibite
2525 4417 2735 4489 quidem
2775 4421 2875 4474 erit
2911 4419 3050 4489 quod
3082 4420 3241 4489 ﬁnem
3267 4438 3369 4475 non
3416 4422 3590 4488 habet,

2016 4522 2065 4565 et
2098 4510 2253 4579 ﬁnem
2282 4507 2477 4563 habens
2501 4509 2641 4579 quod
2665 4520 2745 4564 est
2771 4510 3193 4579 incorruptione.
3233 4512 3339 4566 Sed
3364 4514 3593 4569 lectores

2017 4600 2284 4671 deprecor
2326 4614 2396 4654 ne
2433 4614 2534 4655 nos
2584 4600 2656 4655 ob
2698 4600 2888 4655 isthicc
2921 4601 3148 4655 ridenda
3180 4600 3590 4658 condemnent‘:

2018 4691 2133 4748 hmo
2173 4689 2319 4747 enini
2354 4706 2455 4745 nos
2498 4690 2763 4747 adversus
2804 4692 3106 4747 irrisorem~
3126 4707 3235 4762 prae
3269 4694 3594 4749 necessitate

2019 4782 2275 4844 lusimus,
2330 4790 2390 4835 ut
2451 4797 2548 4851 per
2596 4781 2830 4837 similem
2880 4782 3084 4849 lusum,
3124 4782 3421 4853 juvenilem
3472 4783 3593 4853 ejus

2020 4864 2382 4945 sophismatis
2424 4887 2624 4927 nexum
2679 4871 3067 4929 dissolvamus.
3124 4874 3230 4929 Sed
3279 4875 3326 4930 si
3374 4889 3483 4928 non
3517 4875 3594 4930 le-

2018 4965 2275 5036 gentibus
2317 4977 2481 5033 grave
2517 4972 2575 5016 et
2612 4962 2901 5018 molestum
2949 4964 3221 5031 videatur,
3252 4963 3396 5020 baud
3430 4964 3596 5020 fuerit

2020 5053 2484 5124 intempeStivum,
2520 5052 2715 5109 iterum
2759 5055 2825 5109 ad
2859 5058 3082 5111 verbum
3115 5071 3385 5127 exponere
3415 5055 3595 5111 Euno-

2020 5143 2116 5199 mii
2160 5142 2328 5197 dicta.
2383 5141 2464 5207 Si,
2517 5143 2716 5214 inquit,
2775 5162 2880 5215 qua
2914 5148 3033 5201 vita:
3093 5148 3217 5215 ﬁnis
3266 5157 3343 5201 est
3388 5162 3593 5217 expers,

2020 5234 2192 5290 solum
2241 5242 2320 5288 est
2366 5236 2807 5305 incorruptibilis,
2868 5247 2919 5292 et
2972 5254 3075 5309 qua
3114 5240 3373 5309 principio
3425 5250 3591 5305 caret,

2019 5327 2190 5381 solum
2243 5335 2322 5380 est
2357 5327 2643 5395 ingenitus,
2691 5337 2949 5408 quatenus
3001 5346 3105 5384 non
3143 5339 3222 5386 est
3275 5332 3595 5400 incorrupti-

2024 5417 2167 5480 bilis,
2208 5417 2572 5486 corruptibilis
2617 5419 2742 5485 erit,
2792 5430 2842 5475 et
2883 5431 3140 5489 quatenus
3193 5440 3296 5478 non
3338 5433 3415 5479 est
3450 5425 3593 5494 inge-

2026 5513 2190 5576 nitus,
2226 5512 2431 5582 genitus
2479 5512 2600 5567 erit.
2644 5511 2709 5567 Et
2758 5523 3048 5586 postquam
3085 5514 3230 5574 idem
3276 5515 3592 5586 resumpsit.

2026 5617 2218 5661 rursus
2275 5601 2451 5675 inquit
2483 5601 2642 5675 :Erit
2697 5605 2879 5677 igitur,
2928 5618 3185 5679 quatenus
3228 5617 3308 5667 est
3345 5607 3591 5681 principii
