  <div class='ocr_page' id='page_1' title='image "/cluster/home/n/w/nwhite01/storage/ocr_20150623/45/hvd.32044073501876/561.png"; bbox 0 0 4010 6212; ppageno 0'>
   <div class='ocr_carea' id='block_1_1' title="bbox 368 224 1239 282">
    <p class='ocr_par' dir='ltr' id='par_1_1' title="bbox 368 224 1239 282">
     <span class='ocr_line' id='line_1_1' title="bbox 368 224 1239 282; baseline -0.001 -7"><span class='ocrx_word' id='word_1_1' title='bbox 368 224 504 282; x_wconf 68' lang='grc'><strong>108⁵1</strong></span> <span class='ocrx_word' id='word_1_2' title='bbox 880 242 885 249; x_wconf 89' lang='grc'><strong>·</strong></span> <span class='ocrx_word' id='word_1_3' title='bbox 1211 248 1239 274; x_wconf 74' lang='grc' dir='ltr'><strong>ο</strong></span> 
     </span>
    </p>
   </div>
   <div class='ocr_carea' id='block_1_2' title="bbox 1616 161 3598 257">
    <p class='ocr_par' dir='ltr' id='par_1_2' title="bbox 1616 161 3598 257">
     <span class='ocr_line' id='line_1_2' title="bbox 1616 161 3598 257; baseline -0.003 1"><span class='ocrx_word' id='word_1_4' title='bbox 1616 201 1676 257; x_wconf 88' lang='lat' dir='ltr'><strong>s.</strong></span> <span class='ocrx_word' id='word_1_5' title='bbox 1702 193 2028 257; x_wconf 78' lang='lat' dir='ltr'><strong>GltEGOltll</strong></span> <span class='ocrx_word' id='word_1_6' title='bbox 2061 168 2359 252; x_wconf 68' lang='lat' dir='ltr'><strong>msém</strong></span> <span class='ocrx_word' id='word_1_7' title='bbox 2692 161 2711 179; x_wconf 83' lang='grc'><em>’</em></span> <span class='ocrx_word' id='word_1_8' title='bbox 2862 228 2863 231; x_wconf 35' lang='grc' dir='ltr'><strong>γ</strong></span> <span class='ocrx_word' id='word_1_9' title='bbox 3466 193 3598 252; x_wconf 73' lang='lat' dir='ltr'><strong>less</strong></span> 
     </span>
    </p>
   </div>
   <div class='ocr_carea' id='block_1_3' title="bbox 366 311 1968 406">
    <p class='ocr_par' dir='ltr' id='par_1_3' title="bbox 366 320 1968 406">
     <span class='ocr_line' id='line_1_3' title="bbox 366 320 1968 406; baseline -0.013 -13"><span class='ocrx_word' id='word_1_10' title='bbox 366 348 572 400; x_wconf 67' lang='lat' dir='ltr'><strong>exsors,</strong></span> <span class='ocrx_word' id='word_1_11' title='bbox 611 332 874 406; x_wconf 68' lang='lat' dir='ltr'><strong>ingenitus</strong></span> <span class='ocrx_word' id='word_1_12' title='bbox 921 329 1079 385; x_wconf 78' lang='lat' dir='ltr'><strong>simul</strong></span> <span class='ocrx_word' id='word_1_13' title='bbox 1120 337 1170 383; x_wconf 81' lang='lat' dir='ltr'><strong>et</strong></span> <span class='ocrx_word' id='word_1_14' title='bbox 1201 324 1596 394; x_wconf 79' lang='lat' dir='ltr'><strong>corruptibilis;</strong></span> <span class='ocrx_word' id='word_1_15' title='bbox 1623 338 1714 393; x_wconf 85' lang='lat' dir='ltr'><strong>per</strong></span> <span class='ocrx_word' id='word_1_16' title='bbox 1733 320 1786 375; x_wconf 80' lang='lat' dir='ltr'><strong>id</strong></span> <span class='ocrx_word' id='word_1_17' title='bbox 1816 335 1932 374; x_wconf 72' lang='lat' dir='ltr'><strong>vero</strong></span> <span class='ocrx_word' id='word_1_18' title='bbox 1961 358 1968 378; x_wconf 78' lang='grc'><strong>.</strong></span> 
     </span>
    </p>
   </div>
   <div class='ocr_carea' id='block_1_4' title="bbox 2069 311 3609 406">
    <p class='ocr_par' dir='ltr' id='par_1_4' title="bbox 2069 311 3609 385">
     <span class='ocr_line' id='line_1_4' title="bbox 2069 311 3609 385; baseline -0.001 -17"><span class='ocrx_word' id='word_1_19' title='bbox 2069 316 2242 370; x_wconf 77' lang='grc' dir='ltr'>Εσται</span> <span class='ocrx_word' id='word_1_20' title='bbox 2294 315 2408 385; x_wconf 84' lang='grc' dir='ltr'>ἆρα</span> <span class='ocrx_word' id='word_1_21' title='bbox 2461 315 2610 368; x_wconf 84' lang='grc' dir='ltr'>κατὰ</span> <span class='ocrx_word' id='word_1_22' title='bbox 2652 313 2771 383; x_wconf 77' lang='grc' dir='ltr'><strong>μὲν</strong></span> <span class='ocrx_word' id='word_1_23' title='bbox 2817 313 2884 367; x_wconf 81' lang='grc' dir='ltr'>τὸ</span> <span class='ocrx_word' id='word_1_24' title='bbox 2934 313 3195 383; x_wconf 70' lang='grc' dir='ltr'>ἄναρχον</span> <span class='ocrx_word' id='word_1_25' title='bbox 3214 356 3229 379; x_wconf 93' lang='grc'><strong>,</strong></span> <span class='ocrx_word' id='word_1_26' title='bbox 3279 311 3609 381; x_wconf 64' lang='grc' dir='ltr'>ἀπὲκ-γητος</span> 
     </span>
    </p>
   </div>
   <div class='ocr_carea' id='block_1_5' title="bbox 367 403 1968 499">
    <p class='ocr_par' dir='ltr' id='par_1_5' title="bbox 367 403 1932 499">
     <span class='ocr_line' id='line_1_5' title="bbox 367 403 1932 499; baseline -0.012 -15"><span class='ocrx_word' id='word_1_27' title='bbox 367 428 504 499; x_wconf 76' lang='lat' dir='ltr'><strong>quod</strong></span> <span class='ocrx_word' id='word_1_28' title='bbox 528 425 631 497; x_wconf 74' lang='lat' dir='ltr'><strong>ﬁne</strong></span> <span class='ocrx_word' id='word_1_29' title='bbox 652 403 794 479; x_wconf 60' lang='lat' dir='ltr'><strong>caret</strong></span> <span class='ocrx_word' id='word_1_30' title='bbox 829 416 1243 489; x_wconf 83' lang='lat' dir='ltr'><strong>incorruptibilis</strong></span> <span class='ocrx_word' id='word_1_31' title='bbox 1282 417 1442 473; x_wconf 77' lang='lat' dir='ltr'><strong>simul</strong></span> <span class='ocrx_word' id='word_1_32' title='bbox 1466 426 1516 471; x_wconf 82' lang='lat' dir='ltr'><strong>et</strong></span> <span class='ocrx_word' id='word_1_33' title='bbox 1543 416 1768 488; x_wconf 82' lang='lat' dir='ltr'><strong>genitus.</strong></span> <span class='ocrx_word' id='word_1_34' title='bbox 1798 411 1932 466; x_wconf 81' lang='lat' dir='ltr'><strong>Nam</strong></span> 
     </span>
    </p>
   </div>
   <div class='ocr_carea' id='block_1_6' title="bbox 2069 403 3613 499">
    <p class='ocr_par' dir='ltr' id='par_1_6' title="bbox 2069 403 3613 478">
     <span class='ocr_line' id='line_1_6' title="bbox 2069 403 3613 478; baseline -0.005 -15"><span class='ocrx_word' id='word_1_35' title='bbox 2069 408 2181 478; x_wconf 80' lang='grc' dir='ltr'>μοῦ</span> <span class='ocrx_word' id='word_1_36' title='bbox 2216 406 2313 460; x_wconf 76' lang='grc' dir='ltr'>καὶ</span> <span class='ocrx_word' id='word_1_37' title='bbox 2349 405 2643 476; x_wconf 71' lang='grc' dir='ltr'>φθαρτὸς,</span> <span class='ocrx_word' id='word_1_38' title='bbox 2679 405 2828 460; x_wconf 84' lang='grc' dir='ltr'>κατὰ</span> <span class='ocrx_word' id='word_1_39' title='bbox 2856 404 2925 458; x_wconf 71' lang='grc' dir='ltr'>δὲ</span> <span class='ocrx_word' id='word_1_40' title='bbox 2959 405 3024 458; x_wconf 87' lang='grc' dir='ltr'>τὸ</span> <span class='ocrx_word' id='word_1_41' title='bbox 3064 404 3467 471; x_wconf 71' lang='grc' dir='ltr'>ἀτελεύτητον</span> <span class='ocrx_word' id='word_1_42' title='bbox 3493 444 3508 467; x_wconf 96' lang='grc'><strong>,</strong></span> <span class='ocrx_word' id='word_1_43' title='bbox 3545 403 3613 455; x_wconf 77' lang='lat' dir='ltr'><strong>d—</strong></span> 
     </span>
    </p>
   </div>
   <div class='ocr_carea' id='block_1_7' title="bbox 368 505 1933 587">
    <p class='ocr_par' dir='ltr' id='par_1_7' title="bbox 368 505 1933 587">
     <span class='ocr_line' id='line_1_7' title="bbox 368 505 1933 587; baseline -0.01 -16"><span class='ocrx_word' id='word_1_44' title='bbox 368 531 490 587; x_wconf 68' lang='lat' dir='ltr'><strong>quze</strong></span> <span class='ocrx_word' id='word_1_45' title='bbox 551 515 733 584; x_wconf 87' lang='lat' dir='ltr'><strong>inepte</strong></span> <span class='ocrx_word' id='word_1_46' title='bbox 783 520 837 567; x_wconf 88' lang='lat' dir='ltr'><strong>et</strong></span> <span class='ocrx_word' id='word_1_47' title='bbox 886 510 1199 581; x_wconf 77' lang='lat' dir='ltr'><strong>importune</strong></span> <span class='ocrx_word' id='word_1_48' title='bbox 1248 522 1584 579; x_wconf 83' lang='lat' dir='ltr'><strong>supervacua</strong></span> <span class='ocrx_word' id='word_1_49' title='bbox 1637 505 1933 569; x_wconf 73' lang='lat' dir='ltr'><strong>interserit,</strong></span> 
     </span>
    </p>
   </div>
   <div class='ocr_carea' id='block_1_8' title="bbox 370 594 1937 677">
    <p class='ocr_par' dir='ltr' id='par_1_8' title="bbox 370 594 1937 677">
     <span class='ocr_line' id='line_1_8' title="bbox 370 594 1937 677; baseline -0.009 -15"><span class='ocrx_word' id='word_1_50' title='bbox 370 612 720 677; x_wconf 67' lang='lat' dir='ltr'><strong>utpotequaa</strong></span> <span class='ocrx_word' id='word_1_51' title='bbox 763 601 934 656; x_wconf 80' lang='lat' dir='ltr'><strong>nihilo</strong></span> <span class='ocrx_word' id='word_1_52' title='bbox 987 601 1111 671; x_wconf 90' lang='lat' dir='ltr'><strong>plus</strong></span> <span class='ocrx_word' id='word_1_53' title='bbox 1157 600 1223 655; x_wconf 88' lang='lat' dir='ltr'><strong>ad</strong></span> <span class='ocrx_word' id='word_1_54' title='bbox 1266 599 1535 655; x_wconf 76' lang='lat' dir='ltr'><strong>sermonis</strong></span> <span class='ocrx_word' id='word_1_55' title='bbox 1565 594 1937 668; x_wconf 86' lang='lat' dir='ltr'><strong>praestructio-</strong></span> 
     </span>
    </p>
   </div>
   <div class='ocr_carea' id='block_1_9' title="bbox 364 690 1940 764">
    <p class='ocr_par' dir='ltr' id='par_1_9' title="bbox 364 690 1940 764">
     <span class='ocr_line' id='line_1_9' title="bbox 364 690 1940 764; baseline -0.009 -11"><span class='ocrx_word' id='word_1_56' title='bbox 364 702 498 753; x_wconf 81' lang='lat' dir='ltr'><strong>’nem</strong></span> <span class='ocrx_word' id='word_1_57' title='bbox 544 694 859 759; x_wconf 82' lang='lat' dir='ltr'><strong>conferunt,</strong></span> <span class='ocrx_word' id='word_1_58' title='bbox 909 701 1194 764; x_wconf 83' lang='lat' dir='ltr'><strong>praetereo.</strong></span> <span class='ocrx_word' id='word_1_59' title='bbox 1245 690 1352 746; x_wconf 86' lang='lat' dir='ltr'><strong>Sed</strong></span> <span class='ocrx_word' id='word_1_60' title='bbox 1382 701 1694 745; x_wconf 88' lang='lat' dir='ltr'><strong>nostrorum</strong></span> <span class='ocrx_word' id='word_1_61' title='bbox 1729 696 1940 742; x_wconf 75' lang='lat' dir='ltr'><strong>Sermo-</strong></span> 
     </span>
    </p>
   </div>
   <div class='ocr_carea' id='block_1_10' title="bbox 373 777 1938 855">
    <p class='ocr_par' dir='ltr' id='par_1_10' title="bbox 373 777 1938 855">
     <span class='ocr_line' id='line_1_10' title="bbox 373 777 1938 855; baseline -0.01 -9"><span class='ocrx_word' id='word_1_62' title='bbox 373 805 506 846; x_wconf 89' lang='lat' dir='ltr'><strong>num</strong></span> <span class='ocrx_word' id='word_1_63' title='bbox 558 782 918 854; x_wconf 80' lang='lat' dir='ltr'><strong>sententiam,</strong></span> <span class='ocrx_word' id='word_1_64' title='bbox 972 801 1036 841; x_wconf 81' lang='lat' dir='ltr'><strong>ex</strong></span> <span class='ocrx_word' id='word_1_65' title='bbox 1074 785 1276 855; x_wconf 85' lang='lat' dir='ltr'><strong>quibus</strong></span> <span class='ocrx_word' id='word_1_66' title='bbox 1341 783 1431 837; x_wconf 88' lang='lat' dir='ltr'><strong>hic</strong></span> <span class='ocrx_word' id='word_1_67' title='bbox 1480 782 1597 852; x_wconf 86' lang='lat' dir='ltr'><strong>ipse</strong></span> <span class='ocrx_word' id='word_1_68' title='bbox 1655 777 1938 850; x_wconf 89' lang='lat' dir='ltr'><strong>apposuit,</strong></span> 
     </span>
    </p>
   </div>
   <div class='ocr_carea' id='block_1_11' title="bbox 373 869 1940 950">
    <p class='ocr_par' dir='ltr' id='par_1_11' title="bbox 373 869 1940 950">
     <span class='ocr_line' id='line_1_11' title="bbox 373 869 1940 950; baseline -0.01 -13"><span class='ocrx_word' id='word_1_69' title='bbox 373 881 551 937; x_wconf 77' lang='lat' dir='ltr'><strong>cuivis</strong></span> <span class='ocrx_word' id='word_1_70' title='bbox 594 889 728 950; x_wconf 89' lang='lat' dir='ltr'><strong>puto</strong></span> <span class='ocrx_word' id='word_1_71' title='bbox 776 879 936 933; x_wconf 88' lang='lat' dir='ltr'><strong>l&#39;acile</strong></span> <span class='ocrx_word' id='word_1_72' title='bbox 984 890 1108 932; x_wconf 88' lang='lat' dir='ltr'><strong>esse</strong></span> <span class='ocrx_word' id='word_1_73' title='bbox 1165 872 1489 945; x_wconf 73' lang='lat' dir='ltr'><strong>intelligere,</strong></span> <span class='ocrx_word' id='word_1_74' title='bbox 1536 872 1681 943; x_wconf 90' lang='lat' dir='ltr'><strong>quod</strong></span> <span class='ocrx_word' id='word_1_75' title='bbox 1737 869 1940 924; x_wconf 89' lang='lat' dir='ltr'><strong>nullam</strong></span> 
     </span>
    </p>
   </div>
   <div class='ocr_carea' id='block_1_12' title="bbox 374 963 1946 1029">
    <p class='ocr_par' dir='ltr' id='par_1_12' title="bbox 374 963 1946 1029">
     <span class='ocr_line' id='line_1_12' title="bbox 374 963 1946 1029; baseline -0.009 -1"><span class='ocrx_word' id='word_1_76' title='bbox 374 971 572 1029; x_wconf 78' lang='lat' dir='ltr'><strong>habent</strong></span> <span class='ocrx_word' id='word_1_77' title='bbox 631 969 1070 1025; x_wconf 84' lang='lat' dir='ltr'><strong>communionem</strong></span> <span class='ocrx_word' id='word_1_78' title='bbox 1129 979 1255 1021; x_wconf 90' lang='lat' dir='ltr'><strong>eum</strong></span> <span class='ocrx_word' id='word_1_79' title='bbox 1314 978 1378 1020; x_wconf 91' lang='lat' dir='ltr'><strong>ea</strong></span> <span class='ocrx_word' id='word_1_80' title='bbox 1428 963 1774 1019; x_wconf 79' lang='lat' dir='ltr'><strong>accusatione</strong></span> <span class='ocrx_word' id='word_1_81' title='bbox 1824 974 1946 1029; x_wconf 72' lang='lat' dir='ltr'><strong>qua:</strong></span> 
     </span>
    </p>
   </div>
   <div class='ocr_carea' id='block_1_13' title="bbox 375 1051 1944 1131">
    <p class='ocr_par' dir='ltr' id='par_1_13' title="bbox 375 1051 1944 1131">
     <span class='ocr_line' id='line_1_13' title="bbox 375 1051 1944 1131; baseline -0.011 -11"><span class='ocrx_word' id='word_1_82' title='bbox 375 1071 568 1120; x_wconf 84' lang='lat' dir='ltr'><strong>contra</strong></span> <span class='ocrx_word' id='word_1_83' title='bbox 592 1077 695 1119; x_wconf 92' lang='lat' dir='ltr'><strong>nos</strong></span> <span class='ocrx_word' id='word_1_84' title='bbox 715 1061 787 1116; x_wconf 87' lang='lat' dir='ltr'><strong>ab</strong></span> <span class='ocrx_word' id='word_1_85' title='bbox 805 1060 926 1131; x_wconf 92' lang='lat' dir='ltr'><strong>ipso</strong></span> <span class='ocrx_word' id='word_1_86' title='bbox 945 1066 1267 1130; x_wconf 68' lang='lat' dir='ltr'><strong>praestructa</strong></span> <span class='ocrx_word' id='word_1_87' title='bbox 1315 1063 1435 1122; x_wconf 89' lang='lat' dir='ltr'><strong>est;</strong></span> <span class='ocrx_word' id='word_1_88' title='bbox 1478 1051 1944 1122; x_wconf 88' lang='lat' dir='ltr'><strong>incorruptibilcm</strong></span> 
     </span>
    </p>
   </div>
   <div class='ocr_carea' id='block_1_14' title="bbox 373 1142 1947 1220">
    <p class='ocr_par' dir='ltr' id='par_1_14' title="bbox 373 1142 1947 1220">
     <span class='ocr_line' id='line_1_14' title="bbox 373 1142 1947 1220; baseline -0.009 -10"><span class='ocrx_word' id='word_1_89' title='bbox 373 1152 542 1219; x_wconf 75' lang='lat' dir='ltr'><strong>enim,</strong></span> <span class='ocrx_word' id='word_1_90' title='bbox 589 1161 645 1209; x_wconf 88' lang='lat' dir='ltr'><strong>et</strong></span> <span class='ocrx_word' id='word_1_91' title='bbox 697 1149 1215 1220; x_wconf 44' lang='lat' dir='ltr'><strong>ingenitumrDeum</strong></span> <span class='ocrx_word' id='word_1_92' title='bbox 1260 1149 1641 1203; x_wconf 84' lang='lat' dir='ltr'><strong>universorum</strong></span> <span class='ocrx_word' id='word_1_93' title='bbox 1688 1142 1947 1206; x_wconf 84' lang='lat' dir='ltr'><strong>dicimus,</strong></span> 
     </span>
    </p>
   </div>
   <div class='ocr_carea' id='block_1_15' title="bbox 375 1238 1951 1316">
    <p class='ocr_par' dir='ltr' id='par_1_15' title="bbox 375 1238 1951 1316">
     <span class='ocr_line' id='line_1_15' title="bbox 375 1238 1951 1316; baseline -0.006 -17"><span class='ocrx_word' id='word_1_94' title='bbox 375 1248 450 1300; x_wconf 85' lang='lat' dir='ltr'><strong>ait</strong></span> <span class='ocrx_word' id='word_1_95' title='bbox 501 1245 783 1316; x_wconf 74' lang='lat' dir='ltr'><strong>magister,</strong></span> <span class='ocrx_word' id='word_1_96' title='bbox 809 1242 1110 1298; x_wconf 88' lang='lat' dir='ltr'><strong>secundum</strong></span> <span class='ocrx_word' id='word_1_97' title='bbox 1144 1241 1390 1296; x_wconf 82' lang='lat' dir='ltr'><strong>diversos</strong></span> <span class='ocrx_word' id='word_1_98' title='bbox 1429 1238 1631 1294; x_wconf 84' lang='lat' dir='ltr'><strong>mentis</strong></span> <span class='ocrx_word' id='word_1_99' title='bbox 1654 1244 1951 1306; x_wconf 89' lang='lat' dir='ltr'><strong>conceptus</strong></span> 
     </span>
    </p>
   </div>
   <div class='ocr_carea' id='block_1_16' title="bbox 375 1327 1947 1400">
    <p class='ocr_par' dir='ltr' id='par_1_16' title="bbox 375 1327 1947 1400">
     <span class='ocr_line' id='line_1_16' title="bbox 375 1327 1947 1400; baseline -0.006 -9"><span class='ocrx_word' id='word_1_100' title='bbox 375 1336 463 1391; x_wconf 85' lang='lat' dir='ltr'><strong>his</strong></span> <span class='ocrx_word' id='word_1_101' title='bbox 513 1336 827 1391; x_wconf 77' lang='lat' dir='ltr'><strong>nominibus</strong></span> <span class='ocrx_word' id='word_1_102' title='bbox 874 1341 1111 1389; x_wconf 82' lang='lat' dir='ltr'><strong>utentes.</strong></span> <span class='ocrx_word' id='word_1_103' title='bbox 1163 1331 1299 1387; x_wconf 83' lang='lat' dir='ltr'><strong>Nam</strong></span> <span class='ocrx_word' id='word_1_104' title='bbox 1347 1332 1405 1386; x_wconf 91' lang='lat' dir='ltr'><strong>in</strong></span> <span class='ocrx_word' id='word_1_105' title='bbox 1450 1347 1539 1398; x_wconf 90' lang='lat' dir='ltr'><strong>eo,</strong></span> <span class='ocrx_word' id='word_1_106' title='bbox 1571 1329 1773 1400; x_wconf 90' lang='lat' dir='ltr'><strong>inquit,</strong></span> <span class='ocrx_word' id='word_1_107' title='bbox 1805 1327 1947 1398; x_wconf 90' lang='lat' dir='ltr'><strong>quod</strong></span> 
     </span>
    </p>
   </div>
   <div class='ocr_carea' id='block_1_17' title="bbox 376 1424 1949 1498">
    <p class='ocr_par' dir='ltr' id='par_1_17' title="bbox 376 1424 1949 1498">
     <span class='ocr_line' id='line_1_17' title="bbox 376 1424 1949 1498; baseline -0.006 -16"><span class='ocrx_word' id='word_1_108' title='bbox 376 1442 593 1483; x_wconf 73' lang='lat' dir='ltr'><strong>oxnnem</strong></span> <span class='ocrx_word' id='word_1_109' title='bbox 647 1425 1218 1498; x_wconf 89' lang='lat' dir='ltr'><strong>circumscriptionem</strong></span> <span class='ocrx_word' id='word_1_110' title='bbox 1273 1424 1598 1480; x_wconf 71' lang='lat' dir='ltr'><strong>saeculorum</strong></span> <span class='ocrx_word' id='word_1_111' title='bbox 1640 1427 1949 1491; x_wconf 80' lang='lat' dir='ltr'><strong>exsuperet,</strong></span> 
     </span>
    </p>
   </div>
   <div class='ocr_carea' id='block_1_18' title="bbox 377 1514 1951 1587">
    <p class='ocr_par' dir='ltr' id='par_1_18' title="bbox 377 1514 1951 1587">
     <span class='ocr_line' id='line_1_18' title="bbox 377 1514 1951 1587; baseline -0.006 -11"><span class='ocrx_word' id='word_1_112' title='bbox 377 1519 680 1576; x_wconf 86' lang='lat' dir='ltr'><strong>secundum</strong></span> <span class='ocrx_word' id='word_1_113' title='bbox 721 1532 938 1573; x_wconf 87' lang='lat' dir='ltr'><strong>omnem</strong></span> <span class='ocrx_word' id='word_1_114' title='bbox 969 1518 1283 1575; x_wconf 84' lang='lat' dir='ltr'><strong>distantiam</strong></span> <span class='ocrx_word' id='word_1_115' title='bbox 1321 1515 1639 1587; x_wconf 86' lang='lat' dir='ltr'><strong>temporalis</strong></span> <span class='ocrx_word' id='word_1_116' title='bbox 1675 1514 1951 1569; x_wconf 82' lang='lat' dir='ltr'><strong>extensio-</strong></span> 
     </span>
    </p>
   </div>
   <div class='ocr_carea' id='block_1_19' title="bbox 2035 492 3641 569">
    <p class='ocr_par' dir='ltr' id='par_1_19' title="bbox 2035 492 3641 569">
     <span class='ocr_line' id='line_1_19' title="bbox 2035 492 3641 569; baseline -0.006 -15"><span class='ocrx_word' id='word_1_117' title='bbox 2035 501 2296 569; x_wconf 74' lang='grc' dir='ltr'>φθαρτος</span> <span class='ocrx_word' id='word_1_118' title='bbox 2327 497 2476 567; x_wconf 80' lang='grc' dir='ltr'>ὁμοῦ</span> <span class='ocrx_word' id='word_1_119' title='bbox 2514 497 2614 551; x_wconf 76' lang='grc' dir='ltr'>καὶ</span> <span class='ocrx_word' id='word_1_120' title='bbox 2641 492 2942 567; x_wconf 49' lang='lat' dir='ltr'><strong>rea-19116;.</strong></span> <span class='ocrx_word' id='word_1_121' title='bbox 2975 494 3086 559; x_wconf 80' lang='grc' dir='ltr'><strong>Τὰς</strong></span> <span class='ocrx_word' id='word_1_122' title='bbox 3120 494 3229 567; x_wconf 83' lang='grc' dir='ltr'>γὰρ</span> <span class='ocrx_word' id='word_1_123' title='bbox 3259 494 3521 563; x_wconf 76' lang='grc' dir='ltr'>ἀκαίρως</span> <span class='ocrx_word' id='word_1_124' title='bbox 3555 493 3641 546; x_wconf 77' lang='grc' dir='ltr'><strong>ἐν.</strong></span> 
     </span>
    </p>
   </div>
   <div class='ocr_carea' id='block_1_20' title="bbox 2036 584 3618 660">
    <p class='ocr_par' dir='ltr' id='par_1_20' title="bbox 2036 584 3618 660">
     <span class='ocr_line' id='line_1_20' title="bbox 2036 584 3618 660; baseline -0.002 -18"><span class='ocrx_word' id='word_1_125' title='bbox 2036 586 2115 658; x_wconf 83' lang='grc' dir='ltr'>τῷ</span> <span class='ocrx_word' id='word_1_126' title='bbox 2159 589 2309 659; x_wconf 82' lang='grc' dir='ltr'><strong>μέσῳ</strong></span> <span class='ocrx_word' id='word_1_127' title='bbox 2341 588 2449 642; x_wconf 86' lang='grc' dir='ltr'><strong>τῶν</strong></span> <span class='ocrx_word' id='word_1_128' title='bbox 2482 586 2751 659; x_wconf 81' lang='grc' dir='ltr'><strong>περιττῶν</strong></span> <span class='ocrx_word' id='word_1_129' title='bbox 2782 586 3125 660; x_wconf 79' lang='grc' dir='ltr'><strong>παρενθήκας</strong></span> <span class='ocrx_word' id='word_1_130' title='bbox 3160 586 3237 648; x_wconf 89' lang='grc' dir='ltr'>ὼς</span> <span class='ocrx_word' id='word_1_131' title='bbox 3269 585 3421 638; x_wconf 77' lang='grc' dir='ltr'>οὐδὲν</span> <span class='ocrx_word' id='word_1_132' title='bbox 3451 584 3618 639; x_wconf 81' lang='grc' dir='ltr'>πλέον</span> 
     </span>
    </p>
   </div>
   <div class='ocr_carea' id='block_1_21' title="bbox 2039 676 3614 750">
    <p class='ocr_par' dir='ltr' id='par_1_21' title="bbox 2039 676 3614 750">
     <span class='ocr_line' id='line_1_21' title="bbox 2039 676 3614 750; baseline -0.002 -17"><span class='ocrx_word' id='word_1_133' title='bbox 2039 683 2119 743; x_wconf 82' lang='grc' dir='ltr'>εἰς</span> <span class='ocrx_word' id='word_1_134' title='bbox 2146 680 2245 750; x_wconf 74' lang='grc' dir='ltr'>τὴν</span> <span class='ocrx_word' id='word_1_135' title='bbox 2278 678 2372 733; x_wconf 77' lang='grc' dir='ltr'>τοῦ</span> <span class='ocrx_word' id='word_1_136' title='bbox 2404 679 2563 747; x_wconf 81' lang='grc' dir='ltr'><strong>λόγου</strong></span> <span class='ocrx_word' id='word_1_137' title='bbox 2598 678 2939 749; x_wconf 80' lang='grc' dir='ltr'>κατασκευὴν</span> <span class='ocrx_word' id='word_1_138' title='bbox 2966 676 3323 740; x_wconf 80' lang='grc' dir='ltr'><strong>συντελούσας</strong></span> <span class='ocrx_word' id='word_1_139' title='bbox 3350 676 3614 747; x_wconf 86' lang='grc' dir='ltr'>παρίημι.</span> 
     </span>
    </p>
   </div>
   <div class='ocr_carea' id='block_1_22' title="bbox 2053 763 3620 841">
    <p class='ocr_par' dir='ltr' id='par_1_22' title="bbox 2053 763 3620 841">
     <span class='ocr_line' id='line_1_22' title="bbox 2053 763 3620 841; baseline -0.003 -17"><span class='ocrx_word' id='word_1_140' title='bbox 2053 770 2212 824; x_wconf 76' lang='grc' dir='ltr'>Ἀλλὰ</span> <span class='ocrx_word' id='word_1_141' title='bbox 2235 771 2333 841; x_wconf 75' lang='grc' dir='ltr'><strong>τὴν</strong></span> <span class='ocrx_word' id='word_1_142' title='bbox 2364 770 2463 841; x_wconf 80' lang='grc' dir='ltr'>μὲν</span> <span class='ocrx_word' id='word_1_143' title='bbox 2490 769 2727 825; x_wconf 71' lang='grc' dir='ltr'>διάνοιαν</span> <span class='ocrx_word' id='word_1_144' title='bbox 2752 770 2859 823; x_wconf 83' lang='grc' dir='ltr'>τῶν</span> <span class='ocrx_word' id='word_1_145' title='bbox 2887 768 3169 841; x_wconf 77' lang='grc' dir='ltr'><strong>ἡμετέρων</strong></span> <span class='ocrx_word' id='word_1_146' title='bbox 3193 768 3387 836; x_wconf 84' lang='grc' dir='ltr'>λόγων,</span> <span class='ocrx_word' id='word_1_147' title='bbox 3418 770 3511 835; x_wconf 78' lang='grc' dir='ltr'>ἀφ’</span> <span class='ocrx_word' id='word_1_148' title='bbox 3540 763 3620 823; x_wconf 78' lang='grc' dir='ltr'>ὧν</span> 
     </span>
    </p>
   </div>
   <div class='ocr_carea' id='block_1_23' title="bbox 2042 856 3614 933">
    <p class='ocr_par' dir='ltr' id='par_1_23' title="bbox 2042 856 3614 933">
     <span class='ocr_line' id='line_1_23' title="bbox 2042 856 3614 933; baseline -0.004 -15"><span class='ocrx_word' id='word_1_149' title='bbox 2042 864 2201 926; x_wconf 73' lang='grc' dir='ltr'>αὐτὸς</span> <span class='ocrx_word' id='word_1_150' title='bbox 2223 858 2375 926; x_wconf 78' lang='grc' dir='ltr'>οὗτος</span> <span class='ocrx_word' id='word_1_151' title='bbox 2398 861 2682 933; x_wconf 85' lang='grc' dir='ltr'>παρέθετο,</span> <span class='ocrx_word' id='word_1_152' title='bbox 2708 860 2869 914; x_wconf 75' lang='grc' dir='ltr'>παντὶ</span> <span class='ocrx_word' id='word_1_153' title='bbox 2893 859 3071 932; x_wconf 80' lang='grc' dir='ltr'>ῥᾴδιον</span> <span class='ocrx_word' id='word_1_154' title='bbox 3088 856 3240 929; x_wconf 72' lang='grc' dir='ltr'>οἶμαι</span> <span class='ocrx_word' id='word_1_155' title='bbox 3262 860 3614 930; x_wconf 79' lang='grc' dir='ltr'><strong>κατανοῆσαι,</strong></span> 
     </span>
    </p>
   </div>
   <div class='ocr_carea' id='block_1_24' title="bbox 2043 948 3621 1022">
    <p class='ocr_par' dir='ltr' id='par_1_24' title="bbox 2043 948 3621 1022">
     <span class='ocr_line' id='line_1_24' title="bbox 2043 948 3621 1022; baseline -0.001 -17"><span class='ocrx_word' id='word_1_156' title='bbox 2043 953 2118 1016; x_wconf 86' lang='grc' dir='ltr'>ὡς</span> <span class='ocrx_word' id='word_1_157' title='bbox 2145 952 2395 1022; x_wconf 80' lang='grc' dir='ltr'>οὐδεμίαν</span> <span class='ocrx_word' id='word_1_158' title='bbox 2413 950 2655 1021; x_wconf 76' lang='grc' dir='ltr'>ἔχουσαν-</span> <span class='ocrx_word' id='word_1_159' title='bbox 2667 949 2947 1004; x_wconf 85' lang='grc' dir='ltr'>κοινωνίαν</span> <span class='ocrx_word' id='word_1_160' title='bbox 2988 950 3123 1020; x_wconf 82' lang='grc' dir='ltr'>πρὸς</span> <span class='ocrx_word' id='word_1_161' title='bbox 3149 948 3248 1019; x_wconf 79' lang='grc' dir='ltr'>τὴν</span> <span class='ocrx_word' id='word_1_162' title='bbox 3278 962 3621 1003; x_wconf 76' lang='grc' dir='ltr'><strong>κατασκευιι⁹</strong></span> 
     </span>
    </p>
   </div>
   <div class='ocr_carea' id='block_1_25' title="bbox 2047 1040 3627 1114">
    <p class='ocr_par' dir='ltr' id='par_1_25' title="bbox 2047 1040 3627 1114">
     <span class='ocr_line' id='line_1_25' title="bbox 2047 1040 3627 1114; baseline -0.001 -19"><span class='ocrx_word' id='word_1_163' title='bbox 2047 1042 2267 1097; x_wconf 75' lang='grc' dir='ltr'>σθεῖσαν</span> <span class='ocrx_word' id='word_1_164' title='bbox 2330 1042 2478 1114; x_wconf 81' lang='grc' dir='ltr'>αὐτῷ</span> <span class='ocrx_word' id='word_1_165' title='bbox 2540 1040 2661 1095; x_wconf 89' lang='grc' dir='ltr'>καθ’</span> <span class='ocrx_word' id='word_1_166' title='bbox 2703 1041 2862 1112; x_wconf 75' lang='grc' dir='ltr'>ἡμῶν</span> <span class='ocrx_word' id='word_1_167' title='bbox 2907 1041 3257 1112; x_wconf 80' lang='grc' dir='ltr'>κατηγορίαν.</span> <span class='ocrx_word' id='word_1_168' title='bbox 3309 1040 3627 1112; x_wconf 78' lang='grc' dir='ltr'>Ἀφθαρτον</span> 
     </span>
    </p>
   </div>
   <div class='ocr_carea' id='block_1_26' title="bbox 2047 1132 3629 1206">
    <p class='ocr_par' dir='ltr' id='par_1_26' title="bbox 2047 1132 3629 1206">
     <span class='ocr_line' id='line_1_26' title="bbox 2047 1132 3629 1206; baseline -0.001 -18"><span class='ocrx_word' id='word_1_169' title='bbox 2047 1134 2157 1204; x_wconf 89' lang='grc' dir='ltr'><strong>γάρ</strong></span> <span class='ocrx_word' id='word_1_170' title='bbox 2186 1135 2279 1188; x_wconf 76' lang='grc' dir='ltr'>καὶ</span> <span class='ocrx_word' id='word_1_171' title='bbox 2303 1133 2593 1206; x_wconf 83' lang='grc' dir='ltr'>ἀγέννητον</span> <span class='ocrx_word' id='word_1_172' title='bbox 2615 1133 2707 1187; x_wconf 79' lang='grc' dir='ltr'>τὸν</span> <span class='ocrx_word' id='word_1_173' title='bbox 2735 1134 2865 1188; x_wconf 77' lang='grc' dir='ltr'>Θεὸν</span> <span class='ocrx_word' id='word_1_174' title='bbox 2890 1133 2998 1186; x_wconf 85' lang='grc' dir='ltr'><strong>τῶν</strong></span> <span class='ocrx_word' id='word_1_175' title='bbox 3019 1133 3155 1186; x_wconf 86' lang='grc' dir='ltr'>ὅλων</span> <span class='ocrx_word' id='word_1_176' title='bbox 3174 1132 3425 1203; x_wconf 85' lang='grc' dir='ltr'>λέγομεν,</span> <span class='ocrx_word' id='word_1_177' title='bbox 3456 1134 3629 1202; x_wconf 73' lang='grc' dir='ltr'>φησὶν</span> 
     </span>
    </p>
   </div>
   <div class='ocr_carea' id='block_1_27' title="bbox 2044 1224 3628 1297">
    <p class='ocr_par' dir='ltr' id='par_1_27' title="bbox 2044 1224 3628 1297">
     <span class='ocr_line' id='line_1_27' title="bbox 2044 1224 3628 1297; baseline -0.001 -16"><span class='ocrx_word' id='word_1_178' title='bbox 2044 1224 2076 1282; x_wconf 76' lang='lat' dir='ltr'><strong>b</strong></span> <span class='ocrx_word' id='word_1_179' title='bbox 2105 1227 2437 1291; x_wconf 84' lang='grc' dir='ltr'>διδάσκαλος,</span> <span class='ocrx_word' id='word_1_180' title='bbox 2474 1225 2614 1281; x_wconf 86' lang='grc' dir='ltr'><strong>κατά</strong></span> <span class='ocrx_word' id='word_1_181' title='bbox 2647 1225 2938 1297; x_wconf 76' lang='grc' dir='ltr'><strong>διαφόρους</strong></span> <span class='ocrx_word' id='word_1_182' title='bbox 2966 1225 3221 1288; x_wconf 78' lang='grc' dir='ltr'>ὲπισολάς</span> <span class='ocrx_word' id='word_1_183' title='bbox 3249 1227 3361 1288; x_wconf 77' lang='grc' dir='ltr'>τοῖς</span> <span class='ocrx_word' id='word_1_184' title='bbox 3395 1225 3628 1295; x_wconf 79' lang='grc' dir='ltr'>ὀνόμασι</span> 
     </span>
    </p>
   </div>
   <div class='ocr_carea' id='block_1_28' title="bbox 2048 1314 3626 1389">
    <p class='ocr_par' dir='ltr' id='par_1_28' title="bbox 2048 1314 3626 1389">
     <span class='ocr_line' id='line_1_28' title="bbox 2048 1314 3626 1389; baseline -0.001 -20"><span class='ocrx_word' id='word_1_185' title='bbox 2048 1314 2257 1380; x_wconf 83' lang='grc' dir='ltr'><strong>τούτοις</strong></span> <span class='ocrx_word' id='word_1_186' title='bbox 2320 1315 2608 1388; x_wconf 80' lang='grc' dir='ltr'>χρώμενοι.</span> <span class='ocrx_word' id='word_1_187' title='bbox 2670 1315 2743 1368; x_wconf 87' lang='lat' dir='ltr'><strong>Tb</strong></span> <span class='ocrx_word' id='word_1_188' title='bbox 2792 1315 2901 1384; x_wconf 85' lang='grc' dir='ltr'>γὰρ</span> <span class='ocrx_word' id='word_1_189' title='bbox 2956 1315 3382 1389; x_wconf 71' lang='grc' dir='ltr'>ὑπερεκπίπτειν</span> <span class='ocrx_word' id='word_1_190' title='bbox 3438 1316 3626 1379; x_wconf 68' lang='grc' dir='ltr'>αὐτὸν,</span> 
     </span>
    </p>
   </div>
   <div class='ocr_carea' id='block_1_29' title="bbox 2052 1406 3629 1478">
    <p class='ocr_par' dir='ltr' id='par_1_29' title="bbox 2052 1406 3629 1478">
     <span class='ocr_line' id='line_1_29' title="bbox 2052 1406 3629 1478; baseline 0.001 -18"><span class='ocrx_word' id='word_1_191' title='bbox 2052 1407 2205 1478; x_wconf 66' lang='grc' dir='ltr'>φησὶ,</span> <span class='ocrx_word' id='word_1_192' title='bbox 2242 1407 2341 1478; x_wconf 78' lang='grc' dir='ltr'><strong>τῆς</strong></span> <span class='ocrx_word' id='word_1_193' title='bbox 2378 1407 2488 1461; x_wconf 84' lang='grc' dir='ltr'><strong>τῶν</strong></span> <span class='ocrx_word' id='word_1_194' title='bbox 2527 1407 2738 1461; x_wconf 78' lang='grc' dir='ltr'>αἰώνων</span> <span class='ocrx_word' id='word_1_195' title='bbox 2778 1406 3125 1478; x_wconf 72' lang='grc' dir='ltr'><strong>περιγραφῆς</strong></span> <span class='ocrx_word' id='word_1_196' title='bbox 3174 1406 3311 1460; x_wconf 82' lang='grc' dir='ltr'><strong>κατά</strong></span> <span class='ocrx_word' id='word_1_197' title='bbox 3357 1411 3466 1460; x_wconf 78' lang='grc' dir='ltr'>πᾶν</span> <span class='ocrx_word' id='word_1_198' title='bbox 3510 1407 3629 1462; x_wconf 80' lang='grc' dir='ltr'><strong>διὰ-</strong></span> 
     </span>
    </p>
   </div>
   <div class='ocr_carea' id='block_1_30' title="bbox 2055 1499 3635 1571">
    <p class='ocr_par' dir='ltr' id='par_1_30' title="bbox 2055 1499 3635 1571">
     <span class='ocr_line' id='line_1_30' title="bbox 2055 1499 3635 1571; baseline -0.001 -18"><span class='ocrx_word' id='word_1_199' title='bbox 2055 1517 2237 1571; x_wconf 88' lang='grc' dir='ltr'>στημα</span> <span class='ocrx_word' id='word_1_200' title='bbox 2267 1500 2364 1570; x_wconf 88' lang='grc' dir='ltr'><strong>τῆς</strong></span> <span class='ocrx_word' id='word_1_201' title='bbox 2394 1501 2648 1570; x_wconf 88' lang='grc' dir='ltr'>χρονικῆς</span> <span class='ocrx_word' id='word_1_202' title='bbox 2689 1500 3074 1569; x_wconf 80' lang='grc' dir='ltr'>παρατάσεως,</span> <span class='ocrx_word' id='word_1_203' title='bbox 3122 1499 3233 1551; x_wconf 76' lang='grc' dir='ltr'>εἴτε</span> <span class='ocrx_word' id='word_1_204' title='bbox 3263 1499 3325 1552; x_wconf 83' lang='grc' dir='ltr'>τὸ</span> <span class='ocrx_word' id='word_1_205' title='bbox 3369 1499 3635 1570; x_wconf 77' lang='grc' dir='ltr'>ἐξαρχῆς,</span> 
     </span>
    </p>
   </div>
   <div class='ocr_carea' id='block_1_31' title="bbox 378 1589 1968 1716">
    <p class='ocr_par' dir='ltr' id='par_1_31' title="bbox 378 1607 1952 1683">
     <span class='ocr_line' id='line_1_31' title="bbox 378 1607 1952 1683; baseline -0.005 -16"><span class='ocrx_word' id='word_1_206' title='bbox 378 1613 489 1675; x_wconf 88' lang='lat' dir='ltr'><strong>nis.</strong></span> <span class='ocrx_word' id='word_1_207' title='bbox 518 1612 634 1669; x_wconf 85' lang='lat' dir='ltr'><strong>sive</strong></span> <span class='ocrx_word' id='word_1_208' title='bbox 659 1610 805 1683; x_wconf 89' lang='lat' dir='ltr'><strong>quod</strong></span> <span class='ocrx_word' id='word_1_209' title='bbox 843 1620 927 1667; x_wconf 88' lang='lat' dir='ltr'><strong>est</strong></span> <span class='ocrx_word' id='word_1_210' title='bbox 965 1627 994 1664; x_wconf 89' lang='lat' dir='ltr'><strong>a</strong></span> <span class='ocrx_word' id='word_1_211' title='bbox 1023 1609 1312 1682; x_wconf 87' lang='lat' dir='ltr'><strong>principio,</strong></span> <span class='ocrx_word' id='word_1_212' title='bbox 1352 1608 1470 1664; x_wconf 77' lang='lat' dir='ltr'><strong>sive</strong></span> <span class='ocrx_word' id='word_1_213' title='bbox 1502 1607 1648 1678; x_wconf 88' lang='lat' dir='ltr'><strong>quod</strong></span> <span class='ocrx_word' id='word_1_214' title='bbox 1693 1607 1952 1677; x_wconf 84' lang='lat' dir='ltr'><strong>deinceps</strong></span> 
     </span>
    </p>
   </div>
   <div class='ocr_carea' id='block_1_32' title="bbox 2069 1589 3634 1716">
    <p class='ocr_par' dir='ltr' id='par_1_32' title="bbox 2069 1589 3634 1716">
     <span class='ocr_line' id='line_1_32' title="bbox 2069 1589 3634 1662; baseline -0.001 -18"><span class='ocrx_word' id='word_1_215' title='bbox 2069 1591 2164 1645; x_wconf 73' lang='grc' dir='ltr'>εἴτε</span> <span class='ocrx_word' id='word_1_216' title='bbox 2193 1592 2254 1644; x_wconf 78' lang='grc' dir='ltr'>τὸ</span> <span class='ocrx_word' id='word_1_217' title='bbox 2288 1591 2484 1662; x_wconf 77' lang='grc' dir='ltr'>ἑφεξῆς</span> <span class='ocrx_word' id='word_1_218' title='bbox 2513 1589 2859 1661; x_wconf 78' lang='grc' dir='ltr'><strong>λογιζόμεθα,</strong></span> <span class='ocrx_word' id='word_1_219' title='bbox 2887 1589 2949 1643; x_wconf 80' lang='grc' dir='ltr'><strong>τὸ</strong></span> <span class='ocrx_word' id='word_1_220' title='bbox 2977 1589 3096 1643; x_wconf 80' lang='grc' dir='ltr'>καθ’</span> <span class='ocrx_word' id='word_1_221' title='bbox 3125 1590 3387 1661; x_wconf 78' lang='grc' dir='ltr'>ἑκατέραν</span> <span class='ocrx_word' id='word_1_222' title='bbox 3420 1590 3634 1644; x_wconf 76' lang='grc' dir='ltr'>ἔννοιαν</span> 
     </span>
     <span class='ocr_line' id='line_1_33' title="bbox 2069 1682 3634 1716; baseline 0 0"><span class='ocrx_word' id='word_1_223' title='bbox 2069 1685 2148 1716; x_wconf 65' lang='grc' dir='ltr'>..το</span> <span class='ocrx_word' id='word_1_224' title='bbox 2184 1682 2351 1716; x_wconf 60' lang='grc' dir='ltr'>ιιι-ειη,</span> <span class='ocrx_word' id='word_1_225' title='bbox 2396 1682 2538 1716; x_wconf 58' lang='lat' dir='ltr'><strong>n.3,</strong></span> <span class='ocrx_word' id='word_1_226' title='bbox 2578 1682 2824 1716; x_wconf 59' lang='grc' dir='ltr'><strong>μηκιι..</strong></span> <span class='ocrx_word' id='word_1_227' title='bbox 2871 1699 2925 1716; x_wconf 67' lang='grc' dir='ltr'><strong>...ε</strong></span> <span class='ocrx_word' id='word_1_228' title='bbox 2973 1682 3060 1716; x_wconf 73' lang='grc' dir='ltr'><strong>νηι</strong></span> <span class='ocrx_word' id='word_1_229' title='bbox 3099 1682 3502 1716; x_wconf 57' lang='grc' dir='ltr'><strong>λρεηινηημη-η.</strong></span> <span class='ocrx_word' id='word_1_230' title='bbox 3566 1682 3634 1716; x_wconf 77' lang='grc' dir='ltr'><strong>..λ</strong></span> 
     </span>
    </p>
   </div>
   <div class='ocr_carea' id='block_1_33' title="bbox 379 1682 1968 1774">
    <p class='ocr_par' dir='ltr' id='par_1_33' title="bbox 379 1682 1955 1774">
     <span class='ocr_line' id='line_1_34' title="bbox 379 1682 1955 1774; baseline -0.004 -15"><span class='ocrx_word' id='word_1_231' title='bbox 379 1704 649 1774; x_wconf 74' lang='lat' dir='ltr'><strong>sequitur,</strong></span> <span class='ocrx_word' id='word_1_232' title='bbox 678 1682 1097 1766; x_wconf 78' lang='lat' dir='ltr'><strong>ratiocinemur,</strong></span> <span class='ocrx_word' id='word_1_233' title='bbox 1133 1700 1279 1772; x_wconf 90' lang='lat' dir='ltr'><strong>quod</strong></span> <span class='ocrx_word' id='word_1_234' title='bbox 1329 1699 1631 1756; x_wconf 89' lang='lat' dir='ltr'><strong>secundum</strong></span> <span class='ocrx_word' id='word_1_235' title='bbox 1667 1705 1955 1766; x_wconf 88' lang='lat' dir='ltr'><strong>utramque</strong></span> 
     </span>
    </p>
   </div>
   <div class='ocr_carea' id='block_1_34' title="bbox 2069 1682 3635 1774">
    <p class='ocr_par' dir='ltr' id='par_1_34' title="bbox 2069 1682 3635 1755">
     <span class='ocr_line' id='line_1_35' title="bbox 2069 1682 3635 1755; baseline -0.002 -18"><span class='ocrx_word' id='word_1_236' title='bbox 2069 1685 2149 1755; x_wconf 75' lang='grc' dir='ltr'><strong>τῆς</strong></span> <span class='ocrx_word' id='word_1_237' title='bbox 2183 1682 2351 1736; x_wconf 80' lang='grc' dir='ltr'>ἀϊδίου</span> <span class='ocrx_word' id='word_1_238' title='bbox 2396 1682 2538 1753; x_wconf 80' lang='grc' dir='ltr'>ζωῆς</span> <span class='ocrx_word' id='word_1_239' title='bbox 2577 1682 2824 1753; x_wconf 88' lang='grc' dir='ltr'>ἀόριστόν</span> <span class='ocrx_word' id='word_1_240' title='bbox 2871 1699 2927 1735; x_wconf 85' lang='grc' dir='ltr'><strong>τε</strong></span> <span class='ocrx_word' id='word_1_241' title='bbox 2973 1682 3068 1736; x_wconf 74' lang='grc' dir='ltr'><strong>καὶ</strong></span> <span class='ocrx_word' id='word_1_242' title='bbox 3099 1682 3533 1752; x_wconf 84' lang='grc' dir='ltr'>ἀπερίγραπτον,</span> <span class='ocrx_word' id='word_1_243' title='bbox 3566 1682 3635 1735; x_wconf 74' lang='grc' dir='ltr'><strong>τὸ</strong></span> 
     </span>
    </p>
   </div>
   <div class='ocr_carea' id='block_1_35' title="bbox 380 1789 1956 1860">
    <p class='ocr_par' dir='ltr' id='par_1_35' title="bbox 380 1789 1956 1860">
     <span class='ocr_line' id='line_1_36' title="bbox 380 1789 1956 1860; baseline -0.005 -9"><span class='ocrx_word' id='word_1_244' title='bbox 380 1795 662 1851; x_wconf 89' lang='lat' dir='ltr'><strong>notionem</strong></span> <span class='ocrx_word' id='word_1_245' title='bbox 719 1803 937 1849; x_wconf 61' lang='lat' dir='ltr'><strong>aeternae</strong></span> <span class='ocrx_word' id='word_1_246' title='bbox 975 1794 1099 1848; x_wconf 65' lang='lat' dir='ltr'><strong>vitae</strong></span> <span class='ocrx_word' id='word_1_247' title='bbox 1140 1792 1522 1860; x_wconf 89' lang='lat' dir='ltr'><strong>inﬁnitumque</strong></span> <span class='ocrx_word' id='word_1_248' title='bbox 1555 1797 1610 1845; x_wconf 84' lang='lat' dir='ltr'><strong>et</strong></span> <span class='ocrx_word' id='word_1_249' title='bbox 1658 1789 1956 1844; x_wconf 88' lang='lat' dir='ltr'><strong>incircum-</strong></span> 
     </span>
    </p>
   </div>
   <div class='ocr_carea' id='block_1_36' title="bbox 381 1878 1958 1956">
    <p class='ocr_par' dir='ltr' id='par_1_36' title="bbox 381 1878 1958 1956">
     <span class='ocr_line' id='line_1_37' title="bbox 381 1878 1958 1956; baseline -0.006 -14"><span class='ocrx_word' id='word_1_250' title='bbox 381 1887 645 1956; x_wconf 89' lang='lat' dir='ltr'><strong>scriptum</strong></span> <span class='ocrx_word' id='word_1_251' title='bbox 687 1895 793 1950; x_wconf 88' lang='lat' dir='ltr'><strong>est,</strong></span> <span class='ocrx_word' id='word_1_252' title='bbox 836 1884 944 1940; x_wconf 84' lang='lat' dir='ltr'><strong>hoc</strong></span> <span class='ocrx_word' id='word_1_253' title='bbox 985 1884 1203 1954; x_wconf 90' lang='lat' dir='ltr'><strong>quidem</strong></span> <span class='ocrx_word' id='word_1_254' title='bbox 1235 1880 1789 1952; x_wconf 87' lang='lat' dir='ltr'><strong>incorruptibilitatis,</strong></span> <span class='ocrx_word' id='word_1_255' title='bbox 1826 1878 1958 1935; x_wconf 90' lang='lat' dir='ltr'><strong>illud</strong></span> 
     </span>
    </p>
   </div>
   <div class='ocr_carea' id='block_1_37' title="bbox 382 1971 1955 2049">
    <p class='ocr_par' dir='ltr' id='par_1_37' title="bbox 382 1971 1955 2049">
     <span class='ocr_line' id='line_1_38' title="bbox 382 1971 1955 2049; baseline -0.001 -19"><span class='ocrx_word' id='word_1_256' title='bbox 382 1995 512 2035; x_wconf 63' lang='lat' dir='ltr'><strong>vero</strong></span> <span class='ocrx_word' id='word_1_257' title='bbox 565 1978 793 2049; x_wconf 83' lang='lat' dir='ltr'><strong>ingeniti</strong></span> <span class='ocrx_word' id='word_1_258' title='bbox 849 1979 1070 2033; x_wconf 88' lang='lat' dir='ltr'><strong>nomine</strong></span> <span class='ocrx_word' id='word_1_259' title='bbox 1095 1974 1513 2047; x_wconf 62' lang='lat' dir='ltr'><strong>signiﬁcamus.</strong></span> <span class='ocrx_word' id='word_1_260' title='bbox 1554 1971 1661 2030; x_wconf 87' lang='lat' dir='ltr'><strong>Iste</strong></span> <span class='ocrx_word' id='word_1_261' title='bbox 1709 1988 1839 2027; x_wconf 83' lang='lat' dir='ltr'><strong>vero</strong></span> <span class='ocrx_word' id='word_1_262' title='bbox 1881 1973 1955 2028; x_wconf 85' lang='lat' dir='ltr'><strong>ait</strong></span> 
     </span>
    </p>
   </div>
   <div class='ocr_carea' id='block_1_38' title="bbox 389 2065 1959 2139">
    <p class='ocr_par' dir='ltr' id='par_1_38' title="bbox 389 2065 1959 2139">
     <span class='ocr_line' id='line_1_39' title="bbox 389 2065 1959 2139; baseline -0.004 -15"><span class='ocrx_word' id='word_1_263' title='bbox 389 2084 486 2127; x_wconf 80' lang='lat' dir='ltr'><strong>nos</strong></span> <span class='ocrx_word' id='word_1_264' title='bbox 530 2069 729 2125; x_wconf 87' lang='lat' dir='ltr'><strong>docere</strong></span> <span class='ocrx_word' id='word_1_265' title='bbox 781 2068 925 2139; x_wconf 88' lang='lat' dir='ltr'><strong>quod</strong></span> <span class='ocrx_word' id='word_1_266' title='bbox 983 2068 1117 2123; x_wconf 87' lang='lat' dir='ltr'><strong>illud</strong></span> <span class='ocrx_word' id='word_1_267' title='bbox 1166 2067 1313 2138; x_wconf 92' lang='lat' dir='ltr'><strong>quod</strong></span> <span class='ocrx_word' id='word_1_268' title='bbox 1365 2065 1639 2136; x_wconf 86' lang='lat' dir='ltr'><strong>principio</strong></span> <span class='ocrx_word' id='word_1_269' title='bbox 1670 2073 1838 2128; x_wconf 81' lang='lat' dir='ltr'><strong>caret,</strong></span> <span class='ocrx_word' id='word_1_270' title='bbox 1874 2071 1959 2120; x_wconf 91' lang='lat' dir='ltr'><strong>est</strong></span> 
     </span>
    </p>
   </div>
   <div class='ocr_carea' id='block_1_39' title="bbox 384 2157 1961 2229">
    <p class='ocr_par' dir='ltr' id='par_1_39' title="bbox 384 2157 1961 2229">
     <span class='ocr_line' id='line_1_40' title="bbox 384 2157 1961 2229; baseline -0.006 -11"><span class='ocrx_word' id='word_1_271' title='bbox 384 2162 659 2227; x_wconf 80' lang='lat' dir='ltr'><strong>essentia;</strong></span> <span class='ocrx_word' id='word_1_272' title='bbox 714 2168 770 2215; x_wconf 91' lang='lat' dir='ltr'><strong>et</strong></span> <span class='ocrx_word' id='word_1_273' title='bbox 822 2160 966 2229; x_wconf 86' lang='lat' dir='ltr'><strong>quod</strong></span> <span class='ocrx_word' id='word_1_274' title='bbox 1020 2159 1181 2213; x_wconf 90' lang='lat' dir='ltr'><strong>ﬁnem</strong></span> <span class='ocrx_word' id='word_1_275' title='bbox 1238 2172 1349 2212; x_wconf 85' lang='lat' dir='ltr'><strong>non</strong></span> <span class='ocrx_word' id='word_1_276' title='bbox 1407 2157 1570 2212; x_wconf 88' lang='lat' dir='ltr'><strong>habet</strong></span> <span class='ocrx_word' id='word_1_277' title='bbox 1630 2169 1825 2210; x_wconf 88' lang='lat' dir='ltr'><strong>rursus</strong></span> <span class='ocrx_word' id='word_1_278' title='bbox 1875 2160 1961 2209; x_wconf 90' lang='lat' dir='ltr'><strong>est</strong></span> 
     </span>
    </p>
   </div>
   <div class='ocr_carea' id='block_1_40' title="bbox 384 2251 1960 2321">
    <p class='ocr_par' dir='ltr' id='par_1_40' title="bbox 384 2251 1960 2321">
     <span class='ocr_line' id='line_1_41' title="bbox 384 2251 1960 2321; baseline -0.003 -13"><span class='ocrx_word' id='word_1_279' title='bbox 384 2252 648 2317; x_wconf 81' lang='lat' dir='ltr'><strong>essentia,</strong></span> <span class='ocrx_word' id='word_1_280' title='bbox 699 2254 857 2321; x_wconf 89' lang='lat' dir='ltr'><strong>quasi</strong></span> <span class='ocrx_word' id='word_1_281' title='bbox 891 2251 1002 2306; x_wconf 91' lang='lat' dir='ltr'><strong>duo</strong></span> <span class='ocrx_word' id='word_1_282' title='bbox 1029 2258 1310 2321; x_wconf 82' lang='lat' dir='ltr'><strong>segmenta</strong></span> <span class='ocrx_word' id='word_1_283' title='bbox 1339 2252 1700 2308; x_wconf 82' lang='lat' dir='ltr'><strong>cssentiarum</strong></span> <span class='ocrx_word' id='word_1_284' title='bbox 1730 2266 1793 2306; x_wconf 81' lang='lat' dir='ltr'><strong>ex</strong></span> <span class='ocrx_word' id='word_1_285' title='bbox 1827 2265 1960 2306; x_wconf 91' lang='lat' dir='ltr'><strong>con-</strong></span> 
     </span>
    </p>
   </div>
   <div class='ocr_carea' id='block_1_41' title="bbox 386 2336 1959 2409">
    <p class='ocr_par' dir='ltr' id='par_1_41' title="bbox 386 2336 1959 2409">
     <span class='ocr_line' id='line_1_42' title="bbox 386 2336 1959 2409; baseline -0.001 -14"><span class='ocrx_word' id='word_1_286' title='bbox 386 2341 559 2395; x_wconf 78' lang='lat' dir='ltr'><strong>trario</strong></span> <span class='ocrx_word' id='word_1_287' title='bbox 608 2340 757 2394; x_wconf 87' lang='lat' dir='ltr'><strong>dicta</strong></span> <span class='ocrx_word' id='word_1_288' title='bbox 815 2354 847 2394; x_wconf 86' lang='lat' dir='ltr'><strong>a</strong></span> <span class='ocrx_word' id='word_1_289' title='bbox 896 2339 1057 2393; x_wconf 88' lang='lat' dir='ltr'><strong>nobis</strong></span> <span class='ocrx_word' id='word_1_290' title='bbox 1090 2336 1462 2394; x_wconf 85' lang='lat' dir='ltr'><strong>conferantur.</strong></span> <span class='ocrx_word' id='word_1_291' title='bbox 1496 2339 1673 2409; x_wconf 83' lang='lat' dir='ltr'><strong>Atque</strong></span> <span class='ocrx_word' id='word_1_292' title='bbox 1707 2340 1779 2393; x_wconf 88' lang='lat' dir='ltr'><strong>ita</strong></span> <span class='ocrx_word' id='word_1_293' title='bbox 1814 2339 1959 2409; x_wconf 81' lang='lat' dir='ltr'><strong>quod</strong></span> 
     </span>
    </p>
   </div>
   <div class='ocr_carea' id='block_1_42' title="bbox 387 2428 1961 2499">
    <p class='ocr_par' dir='ltr' id='par_1_42' title="bbox 387 2428 1961 2499">
     <span class='ocr_line' id='line_1_43' title="bbox 387 2428 1961 2499; baseline -0.001 -15"><span class='ocrx_word' id='word_1_294' title='bbox 387 2428 690 2486; x_wconf 86' lang='lat' dir='ltr'><strong>absurdum</strong></span> <span class='ocrx_word' id='word_1_295' title='bbox 742 2435 827 2484; x_wconf 89' lang='lat' dir='ltr'><strong>est</strong></span> <span class='ocrx_word' id='word_1_296' title='bbox 854 2430 1097 2493; x_wconf 90' lang='lat' dir='ltr'><strong>conlicit,</strong></span> <span class='ocrx_word' id='word_1_297' title='bbox 1134 2444 1232 2483; x_wconf 90' lang='lat' dir='ltr'><strong>sua</strong></span> <span class='ocrx_word' id='word_1_298' title='bbox 1279 2429 1451 2498; x_wconf 88' lang='lat' dir='ltr'><strong>ipsius</strong></span> <span class='ocrx_word' id='word_1_299' title='bbox 1497 2445 1727 2499; x_wconf 91' lang='lat' dir='ltr'><strong>ponens,</strong></span> <span class='ocrx_word' id='word_1_300' title='bbox 1754 2438 1961 2485; x_wconf 88' lang='lat' dir='ltr'><strong>etcum</strong></span> 
     </span>
    </p>
   </div>
   <div class='ocr_carea' id='block_1_43' title="bbox 388 2518 1966 2590">
    <p class='ocr_par' dir='ltr' id='par_1_43' title="bbox 388 2518 1966 2590">
     <span class='ocr_line' id='line_1_44' title="bbox 388 2518 1966 2590; baseline -0.002 -15"><span class='ocrx_word' id='word_1_301' title='bbox 388 2519 509 2576; x_wconf 85' lang='lat' dir='ltr'><strong>suis</strong></span> <span class='ocrx_word' id='word_1_302' title='bbox 550 2532 908 2589; x_wconf 85' lang='lat' dir='ltr'><strong>congressus,</strong></span> <span class='ocrx_word' id='word_1_303' title='bbox 962 2525 1018 2573; x_wconf 89' lang='lat' dir='ltr'><strong>et</strong></span> <span class='ocrx_word' id='word_1_304' title='bbox 1065 2533 1095 2571; x_wconf 91' lang='lat' dir='ltr'><strong>a</strong></span> <span class='ocrx_word' id='word_1_305' title='bbox 1142 2518 1326 2589; x_wconf 89' lang='lat' dir='ltr'><strong>seipso</strong></span> <span class='ocrx_word' id='word_1_306' title='bbox 1373 2520 1705 2590; x_wconf 89' lang='lat' dir='ltr'><strong>compositas</strong></span> <span class='ocrx_word' id='word_1_307' title='bbox 1756 2520 1966 2590; x_wconf 85' lang='lat' dir='ltr'><strong>cogita-</strong></span> 
     </span>
    </p>
   </div>
   <div class='ocr_carea' id='block_1_44' title="bbox 389 2608 1964 2679">
    <p class='ocr_par' dir='ltr' id='par_1_44' title="bbox 389 2608 1964 2679">
     <span class='ocr_line' id='line_1_45' title="bbox 389 2608 1964 2679; baseline 0 -14"><span class='ocrx_word' id='word_1_308' title='bbox 389 2611 570 2667; x_wconf 85' lang='lat' dir='ltr'><strong>tiones</strong></span> <span class='ocrx_word' id='word_1_309' title='bbox 599 2609 665 2664; x_wconf 86' lang='lat' dir='ltr'><strong>ad</strong></span> <span class='ocrx_word' id='word_1_310' title='bbox 718 2608 1018 2666; x_wconf 87' lang='lat' dir='ltr'><strong>absurdum</strong></span> <span class='ocrx_word' id='word_1_311' title='bbox 1058 2610 1415 2679; x_wconf 88' lang='lat' dir='ltr'><strong>compellens,</strong></span> <span class='ocrx_word' id='word_1_312' title='bbox 1457 2611 1595 2665; x_wconf 89' lang='lat' dir='ltr'><strong>nihil</strong></span> <span class='ocrx_word' id='word_1_313' title='bbox 1651 2619 1964 2667; x_wconf 88' lang='lat' dir='ltr'><strong>nostrorum</strong></span> 
     </span>
    </p>
   </div>
   <div class='ocr_carea' id='block_1_45' title="bbox 389 2698 1963 2772">
    <p class='ocr_par' dir='ltr' id='par_1_45' title="bbox 389 2698 1963 2772">
     <span class='ocr_line' id='line_1_46' title="bbox 389 2698 1963 2772; baseline 0.001 -17"><span class='ocrx_word' id='word_1_314' title='bbox 389 2700 631 2772; x_wconf 83' lang='lat' dir='ltr'><strong>attingit.</strong></span> <span class='ocrx_word' id='word_1_315' title='bbox 672 2698 827 2766; x_wconf 83' lang='lat' dir='ltr'><strong>Quod</strong></span> <span class='ocrx_word' id='word_1_316' title='bbox 852 2700 998 2756; x_wconf 90' lang='lat' dir='ltr'><strong>enim</strong></span> <span class='ocrx_word' id='word_1_317' title='bbox 1024 2700 1101 2754; x_wconf 86' lang='lat' dir='ltr'><strong>ait</strong></span> <span class='ocrx_word' id='word_1_318' title='bbox 1127 2699 1294 2756; x_wconf 91' lang='lat' dir='ltr'><strong>Deum</strong></span> <span class='ocrx_word' id='word_1_319' title='bbox 1329 2701 1795 2772; x_wconf 89' lang='lat' dir='ltr'><strong>incorruptibilem</strong></span> <span class='ocrx_word' id='word_1_320' title='bbox 1821 2717 1963 2767; x_wconf 89' lang='lat' dir='ltr'><strong>esse,</strong></span> 
     </span>
    </p>
   </div>
   <div class='ocr_carea' id='block_1_46' title="bbox 391 2792 1966 2864">
    <p class='ocr_par' dir='ltr' id='par_1_46' title="bbox 391 2792 1966 2864">
     <span class='ocr_line' id='line_1_47' title="bbox 391 2792 1966 2864; baseline 0.001 -15"><span class='ocrx_word' id='word_1_321' title='bbox 391 2793 695 2849; x_wconf 85' lang='lat' dir='ltr'><strong>secundum</strong></span> <span class='ocrx_word' id='word_1_322' title='bbox 742 2792 796 2847; x_wconf 92' lang='lat' dir='ltr'><strong>id</strong></span> <span class='ocrx_word' id='word_1_323' title='bbox 857 2794 1035 2850; x_wconf 89' lang='lat' dir='ltr'><strong>solum</strong></span> <span class='ocrx_word' id='word_1_324' title='bbox 1077 2808 1189 2864; x_wconf 90' lang='lat' dir='ltr'><strong>quo</strong></span> <span class='ocrx_word' id='word_1_325' title='bbox 1231 2792 1394 2848; x_wconf 82' lang='lat' dir='ltr'><strong>linem</strong></span> <span class='ocrx_word' id='word_1_326' title='bbox 1437 2809 1544 2849; x_wconf 90' lang='lat' dir='ltr'><strong>non</strong></span> <span class='ocrx_word' id='word_1_327' title='bbox 1589 2796 1771 2862; x_wconf 86' lang='lat' dir='ltr'><strong>habet,</strong></span> <span class='ocrx_word' id='word_1_328' title='bbox 1804 2794 1966 2864; x_wconf 82' lang='lat' dir='ltr'><strong>hujus</strong></span> 
     </span>
    </p>
   </div>
   <div class='ocr_carea' id='block_1_47' title="bbox 390 2883 1969 2954">
    <p class='ocr_par' dir='ltr' id='par_1_47' title="bbox 390 2883 1969 2954">
     <span class='ocr_line' id='line_1_48' title="bbox 390 2883 1969 2954; baseline -0.003 -12"><span class='ocrx_word' id='word_1_329' title='bbox 390 2897 497 2950; x_wconf 88' lang='lat' dir='ltr'><strong>est,</strong></span> <span class='ocrx_word' id='word_1_330' title='bbox 545 2901 654 2941; x_wconf 91' lang='lat' dir='ltr'><strong>non</strong></span> <span class='ocrx_word' id='word_1_331' title='bbox 709 2894 980 2941; x_wconf 89' lang='lat' dir='ltr'><strong>nostrum.</strong></span> <span class='ocrx_word' id='word_1_332' title='bbox 1030 2883 1232 2940; x_wconf 87' lang='lat' dir='ltr'><strong>Eodem</strong></span> <span class='ocrx_word' id='word_1_333' title='bbox 1279 2893 1439 2954; x_wconf 85' lang='lat' dir='ltr'><strong>pacto</strong></span> <span class='ocrx_word' id='word_1_334' title='bbox 1481 2892 1535 2940; x_wconf 92' lang='lat' dir='ltr'><strong>et</strong></span> <span class='ocrx_word' id='word_1_335' title='bbox 1581 2884 1969 2954; x_wconf 91' lang='lat' dir='ltr'><strong>incorruptibi-</strong></span> 
     </span>
    </p>
   </div>
   <div class='ocr_carea' id='block_1_48' title="bbox 2058 1773 3636 1848">
    <p class='ocr_par' dir='ltr' id='par_1_48' title="bbox 2058 1773 3636 1848">
     <span class='ocr_line' id='line_1_49' title="bbox 2058 1773 3636 1848; baseline -0.001 -19"><span class='ocrx_word' id='word_1_336' title='bbox 2058 1776 2157 1848; x_wconf 77' lang='grc' dir='ltr'>μὲν</span> <span class='ocrx_word' id='word_1_337' title='bbox 2182 1775 2260 1847; x_wconf 82' lang='grc' dir='ltr'><strong>τῷ</strong></span> <span class='ocrx_word' id='word_1_338' title='bbox 2283 1775 2384 1843; x_wconf 86' lang='grc' dir='ltr'><strong>τῆς</strong></span> <span class='ocrx_word' id='word_1_339' title='bbox 2406 1775 2711 1846; x_wconf 75' lang='grc' dir='ltr'>ἀφθαρσίας</span> <span class='ocrx_word' id='word_1_340' title='bbox 2742 1774 2984 1846; x_wconf 79' lang='grc' dir='ltr'>ὀνόματι,</span> <span class='ocrx_word' id='word_1_341' title='bbox 3009 1775 3070 1828; x_wconf 82' lang='grc' dir='ltr'><strong>τὸ</strong></span> <span class='ocrx_word' id='word_1_342' title='bbox 3096 1773 3153 1827; x_wconf 82' lang='grc' dir='ltr'>δὲ</span> <span class='ocrx_word' id='word_1_343' title='bbox 3182 1773 3261 1844; x_wconf 82' lang='grc' dir='ltr'>τῷ</span> <span class='ocrx_word' id='word_1_344' title='bbox 3288 1775 3380 1843; x_wconf 88' lang='grc' dir='ltr'><strong>τῆς</strong></span> <span class='ocrx_word' id='word_1_345' title='bbox 3404 1774 3636 1844; x_wconf 78' lang='grc' dir='ltr'>ἀγέννη-</span> 
     </span>
    </p>
   </div>
   <div class='ocr_carea' id='block_1_49' title="bbox 2058 1865 3639 1937">
    <p class='ocr_par' dir='ltr' id='par_1_49' title="bbox 2058 1865 3639 1937">
     <span class='ocr_line' id='line_1_50' title="bbox 2058 1865 3639 1937; baseline -0.003 -16"><span class='ocrx_word' id='word_1_346' title='bbox 2058 1869 2179 1932; x_wconf 85' lang='grc' dir='ltr'>σίας</span> <span class='ocrx_word' id='word_1_347' title='bbox 2212 1867 2658 1937; x_wconf 79' lang='grc' dir='ltr'>διασημαίνομεν.</span> <span class='ocrx_word' id='word_1_348' title='bbox 2692 1866 2886 1919; x_wconf 74' lang='grc' dir='ltr'>Οὑτοσὶ</span> <span class='ocrx_word' id='word_1_349' title='bbox 2916 1865 2972 1919; x_wconf 86' lang='grc' dir='ltr'><strong>δέ</strong></span> <span class='ocrx_word' id='word_1_350' title='bbox 3002 1883 3135 1937; x_wconf 87' lang='grc' dir='ltr'>φησι</span> <span class='ocrx_word' id='word_1_351' title='bbox 3166 1865 3344 1933; x_wconf 79' lang='grc' dir='ltr'>λέγειν</span> <span class='ocrx_word' id='word_1_352' title='bbox 3372 1866 3515 1936; x_wconf 75' lang='grc' dir='ltr'>ἡμᾶς</span> <span class='ocrx_word' id='word_1_353' title='bbox 3546 1867 3639 1919; x_wconf 75' lang='grc' dir='ltr'><strong>ὅτι</strong></span> 
     </span>
    </p>
   </div>
   <div class='ocr_carea' id='block_1_50' title="bbox 2055 1955 3640 2029">
    <p class='ocr_par' dir='ltr' id='par_1_50' title="bbox 2055 1955 3640 2029">
     <span class='ocr_line' id='line_1_51' title="bbox 2055 1955 3640 2029; baseline -0.003 -17"><span class='ocrx_word' id='word_1_354' title='bbox 2055 1959 2117 2012; x_wconf 79' lang='grc' dir='ltr'><strong>τὸ</strong></span> <span class='ocrx_word' id='word_1_355' title='bbox 2144 1958 2376 2029; x_wconf 79' lang='grc' dir='ltr'>ἄναρχον</span> <span class='ocrx_word' id='word_1_356' title='bbox 2403 1957 2560 2011; x_wconf 88' lang='grc' dir='ltr'>οὐσία</span> <span class='ocrx_word' id='word_1_357' title='bbox 2597 1959 2733 2020; x_wconf 74' lang='grc' dir='ltr'>ἐστὶ,</span> <span class='ocrx_word' id='word_1_358' title='bbox 2763 1958 2858 2010; x_wconf 70' lang='grc' dir='ltr'>καὶ</span> <span class='ocrx_word' id='word_1_359' title='bbox 2890 1956 3244 2029; x_wconf 73' lang='grc' dir='ltr'>ἀτελεύτητον</span> <span class='ocrx_word' id='word_1_360' title='bbox 3274 1957 3429 2009; x_wconf 78' lang='grc' dir='ltr'>οὐσία</span> <span class='ocrx_word' id='word_1_361' title='bbox 3470 1955 3640 2010; x_wconf 78' lang='grc' dir='ltr'>πάλιν</span> 
     </span>
    </p>
   </div>
   <div class='ocr_carea' id='block_1_51' title="bbox 2058 2046 3645 2119">
    <p class='ocr_par' dir='ltr' id='par_1_51' title="bbox 2058 2046 3645 2119">
     <span class='ocr_line' id='line_1_52' title="bbox 2058 2046 3645 2119; baseline -0.001 -17"><span class='ocrx_word' id='word_1_362' title='bbox 2058 2048 2227 2114; x_wconf 73' lang='grc' dir='ltr'>ἐστὶν,</span> <span class='ocrx_word' id='word_1_363' title='bbox 2248 2048 2321 2112; x_wconf 83' lang='grc' dir='ltr'><strong>ὡς</strong></span> <span class='ocrx_word' id='word_1_364' title='bbox 2351 2048 2444 2101; x_wconf 88' lang='grc' dir='ltr'><strong>δύο</strong></span> <span class='ocrx_word' id='word_1_365' title='bbox 2468 2050 2728 2119; x_wconf 85' lang='grc' dir='ltr'>τμήματα</span> <span class='ocrx_word' id='word_1_366' title='bbox 2750 2048 2949 2102; x_wconf 79' lang='grc' dir='ltr'>οὐσιῶν</span> <span class='ocrx_word' id='word_1_367' title='bbox 2977 2048 3116 2103; x_wconf 86' lang='grc' dir='ltr'><strong>κατά</strong></span> <span class='ocrx_word' id='word_1_368' title='bbox 3142 2049 3205 2102; x_wconf 84' lang='grc' dir='ltr'><strong>τὸ</strong></span> <span class='ocrx_word' id='word_1_369' title='bbox 3231 2047 3470 2101; x_wconf 79' lang='grc' dir='ltr'>ἐναντίον</span> <span class='ocrx_word' id='word_1_370' title='bbox 3488 2046 3645 2115; x_wconf 76' lang='grc' dir='ltr'>λεγόο</span> 
     </span>
    </p>
   </div>
   <div class='ocr_carea' id='block_1_52' title="bbox 2062 2138 3649 2210">
    <p class='ocr_par' dir='ltr' id='par_1_52' title="bbox 2062 2138 3649 2210">
     <span class='ocr_line' id='line_1_53' title="bbox 2062 2138 3649 2210; baseline 0.001 -20"><span class='ocrx_word' id='word_1_371' title='bbox 2062 2155 2201 2209; x_wconf 85' lang='grc' dir='ltr'>μενα</span> <span class='ocrx_word' id='word_1_372' title='bbox 2222 2140 2352 2208; x_wconf 82' lang='grc' dir='ltr'>παρ’</span> <span class='ocrx_word' id='word_1_373' title='bbox 2370 2139 2525 2209; x_wconf 78' lang='grc' dir='ltr'>ἡμῶν</span> <span class='ocrx_word' id='word_1_374' title='bbox 2551 2139 2971 2210; x_wconf 75' lang='grc' dir='ltr'>συμϐάλλεσθαι.</span> <span class='ocrx_word' id='word_1_375' title='bbox 2998 2141 3105 2193; x_wconf 69' lang='grc' dir='ltr'>Καὶ</span> <span class='ocrx_word' id='word_1_376' title='bbox 3133 2138 3273 2193; x_wconf 74' lang='grc' dir='ltr'>οὕτω</span> <span class='ocrx_word' id='word_1_377' title='bbox 3302 2140 3649 2193; x_wconf 85' lang='grc' dir='ltr'>κατασκευά-</span> 
     </span>
    </p>
   </div>
   <div class='ocr_carea' id='block_1_53' title="bbox 2060 2229 3647 2295">
    <p class='ocr_par' dir='ltr' id='par_1_53' title="bbox 2060 2229 3647 2295">
     <span class='ocr_line' id='line_1_54' title="bbox 2060 2229 3647 2295; baseline 0 -13"><span class='ocrx_word' id='word_1_378' title='bbox 2060 2229 2144 2295; x_wconf 82' lang='grc' dir='ltr'><strong>ζει</strong></span> <span class='ocrx_word' id='word_1_379' title='bbox 2198 2230 2267 2283; x_wconf 71' lang='grc' dir='ltr'>τὸ</span> <span class='ocrx_word' id='word_1_380' title='bbox 2300 2230 2519 2295; x_wconf 82' lang='grc' dir='ltr'>ἄτοπον,</span> <span class='ocrx_word' id='word_1_381' title='bbox 2569 2232 2637 2285; x_wconf 66' lang='grc' dir='ltr'>τὰ</span> <span class='ocrx_word' id='word_1_382' title='bbox 2678 2230 2868 2284; x_wconf 83' lang='grc' dir='ltr'>ἑαυτοῦ</span> <span class='ocrx_word' id='word_1_383' title='bbox 2907 2230 3111 2295; x_wconf 81' lang='grc' dir='ltr'>τιθεὶς,</span> <span class='ocrx_word' id='word_1_384' title='bbox 3151 2231 3246 2284; x_wconf 72' lang='grc' dir='ltr'>καὶ</span> <span class='ocrx_word' id='word_1_385' title='bbox 3289 2233 3402 2293; x_wconf 75' lang='grc' dir='ltr'>τοῖς</span> <span class='ocrx_word' id='word_1_386' title='bbox 3441 2229 3647 2283; x_wconf 78' lang='grc' dir='ltr'>ἑαυτοῦ</span> 
     </span>
    </p>
   </div>
   <div class='ocr_carea' id='block_1_54' title="bbox 2063 2322 3649 2397">
    <p class='ocr_par' dir='ltr' id='par_1_54' title="bbox 2063 2322 3649 2397">
     <span class='ocr_line' id='line_1_55' title="bbox 2063 2322 3649 2397; baseline -0.001 -20"><span class='ocrx_word' id='word_1_387' title='bbox 2063 2323 2503 2395; x_wconf 77' lang='grc' dir='ltr'>συμπλεκόμενος</span> <span class='ocrx_word' id='word_1_388' title='bbox 2523 2366 2539 2389; x_wconf 95' lang='grc'><strong>,</strong></span> <span class='ocrx_word' id='word_1_389' title='bbox 2574 2325 2666 2379; x_wconf 78' lang='grc' dir='ltr'><strong>καὶ</strong></span> <span class='ocrx_word' id='word_1_390' title='bbox 2718 2325 2820 2391; x_wconf 71' lang='grc' dir='ltr'>τὰς</span> <span class='ocrx_word' id='word_1_391' title='bbox 2866 2327 2999 2397; x_wconf 83' lang='grc' dir='ltr'>παρ’</span> <span class='ocrx_word' id='word_1_392' title='bbox 3034 2323 3236 2378; x_wconf 79' lang='grc' dir='ltr'>’ἑαυτοῦ</span> <span class='ocrx_word' id='word_1_393' title='bbox 3294 2322 3649 2386; x_wconf 76' lang='grc' dir='ltr'>συντεθείσας</span> 
     </span>
    </p>
   </div>
   <div class='ocr_carea' id='block_1_55' title="bbox 2060 2413 3649 2481">
    <p class='ocr_par' dir='ltr' id='par_1_55' title="bbox 2060 2413 3649 2481">
     <span class='ocr_line' id='line_1_56' title="bbox 2060 2413 3649 2481; baseline -0.003 -13"><span class='ocrx_word' id='word_1_394' title='bbox 2060 2414 2297 2477; x_wconf 79' lang='grc' dir='ltr'>διανοίας</span> <span class='ocrx_word' id='word_1_395' title='bbox 2345 2414 2558 2481; x_wconf 82' lang='grc' dir='ltr'>ὲξωθῶν</span> <span class='ocrx_word' id='word_1_396' title='bbox 2606 2417 2686 2480; x_wconf 85' lang='grc' dir='ltr'>εἰς</span> <span class='ocrx_word' id='word_1_397' title='bbox 2718 2415 2781 2468; x_wconf 81' lang='grc' dir='ltr'><strong>τὸ</strong></span> <span class='ocrx_word' id='word_1_398' title='bbox 2819 2415 3048 2480; x_wconf 72' lang='grc' dir='ltr'>ἄτοπον,</span> <span class='ocrx_word' id='word_1_399' title='bbox 3084 2415 3203 2469; x_wconf 77' lang='grc' dir='ltr'>κατ’</span> <span class='ocrx_word' id='word_1_400' title='bbox 3231 2415 3382 2468; x_wconf 72' lang='grc' dir='ltr'>οὐδὲν</span> <span class='ocrx_word' id='word_1_401' title='bbox 3419 2413 3478 2466; x_wconf 82' lang='grc' dir='ltr'>δὲ</span> <span class='ocrx_word' id='word_1_402' title='bbox 3530 2414 3649 2466; x_wconf 83' lang='grc' dir='ltr'><strong>τῶν</strong></span> 
     </span>
    </p>
   </div>
   <div class='ocr_carea' id='block_1_56' title="bbox 2061 2502 3648 2577">
    <p class='ocr_par' dir='ltr' id='par_1_56' title="bbox 2061 2502 3648 2577">
     <span class='ocr_line' id='line_1_57' title="bbox 2061 2502 3648 2577; baseline -0.002 -18"><span class='ocrx_word' id='word_1_403' title='bbox 2061 2506 2343 2577; x_wconf 81' lang='grc' dir='ltr'>ἡμετέρων</span> <span class='ocrx_word' id='word_1_404' title='bbox 2399 2505 2793 2577; x_wconf 81' lang='grc' dir='ltr'>προσάπτεται.</span> <span class='ocrx_word' id='word_1_405' title='bbox 2854 2507 2925 2560; x_wconf 83' lang='grc' dir='ltr'><strong>Τὸ</strong></span> <span class='ocrx_word' id='word_1_406' title='bbox 2964 2506 3073 2575; x_wconf 79' lang='grc' dir='ltr'><strong>γὰρ</strong></span> <span class='ocrx_word' id='word_1_407' title='bbox 3123 2504 3264 2559; x_wconf 76' lang='grc' dir='ltr'>κατὰ</span> <span class='ocrx_word' id='word_1_408' title='bbox 3309 2504 3371 2558; x_wconf 77' lang='grc' dir='ltr'>τὺ</span> <span class='ocrx_word' id='word_1_409' title='bbox 3415 2502 3648 2558; x_wconf 75' lang='grc' dir='ltr'>ἀτελεύσ</span> 
     </span>
    </p>
   </div>
   <div class='ocr_carea' id='block_1_57' title="bbox 2062 2592 3650 2670">
    <p class='ocr_par' dir='ltr' id='par_1_57' title="bbox 2062 2592 3650 2670">
     <span class='ocr_line' id='line_1_58' title="bbox 2062 2592 3650 2670; baseline -0.001 -20"><span class='ocrx_word' id='word_1_410' title='bbox 2062 2615 2223 2669; x_wconf 77' lang='grc' dir='ltr'>τητον</span> <span class='ocrx_word' id='word_1_411' title='bbox 2269 2599 2367 2669; x_wconf 90' lang='grc' dir='ltr'><strong>τῆς</strong></span> <span class='ocrx_word' id='word_1_412' title='bbox 2416 2599 2558 2670; x_wconf 79' lang='grc' dir='ltr'>ζωῆς</span> <span class='ocrx_word' id='word_1_413' title='bbox 2595 2600 2756 2669; x_wconf 89' lang='grc' dir='ltr'>μόνον</span> <span class='ocrx_word' id='word_1_414' title='bbox 2806 2599 2900 2653; x_wconf 80' lang='grc' dir='ltr'><strong>τὸν</strong></span> <span class='ocrx_word' id='word_1_415' title='bbox 2961 2599 3091 2654; x_wconf 84' lang='grc' dir='ltr'>Θεὸν</span> <span class='ocrx_word' id='word_1_416' title='bbox 3140 2598 3415 2668; x_wconf 81' lang='grc' dir='ltr'>ἄφθαρτον</span> <span class='ocrx_word' id='word_1_417' title='bbox 3462 2592 3650 2662; x_wconf 76' lang='grc' dir='ltr'>εἶναι,</span> 
     </span>
    </p>
   </div>
   <div class='ocr_carea' id='block_1_58' title="bbox 2063 2693 3652 2767">
    <p class='ocr_par' dir='ltr' id='par_1_58' title="bbox 2063 2693 3652 2767">
     <span class='ocr_line' id='line_1_59' title="bbox 2063 2693 3652 2767; baseline 0.001 -21"><span class='ocrx_word' id='word_1_418' title='bbox 2063 2693 2253 2747; x_wconf 90' lang='grc' dir='ltr'>τούτου</span> <span class='ocrx_word' id='word_1_419' title='bbox 2304 2696 2438 2758; x_wconf 73' lang='grc' dir='ltr'>ἐστὶ,</span> <span class='ocrx_word' id='word_1_420' title='bbox 2487 2695 2582 2748; x_wconf 77' lang='grc' dir='ltr'><strong>καὶ</strong></span> <span class='ocrx_word' id='word_1_421' title='bbox 2632 2695 2730 2765; x_wconf 70' lang='grc' dir='ltr'><strong>οὐχ</strong></span> <span class='ocrx_word' id='word_1_422' title='bbox 2767 2695 3055 2767; x_wconf 77' lang='grc' dir='ltr'>ἡμέτερον.</span> <span class='ocrx_word' id='word_1_423' title='bbox 3106 2693 3381 2757; x_wconf 76' lang='grc' dir='ltr'>Ὡσαύτως</span> <span class='ocrx_word' id='word_1_424' title='bbox 3413 2695 3507 2747; x_wconf 75' lang='grc' dir='ltr'><strong>καὶ</strong></span> <span class='ocrx_word' id='word_1_425' title='bbox 3554 2695 3652 2747; x_wconf 68' lang='grc' dir='ltr'><strong>τὸν</strong></span> 
     </span>
    </p>
   </div>
   <div class='ocr_carea' id='block_1_59' title="bbox 2065 2781 3656 2857">
    <p class='ocr_par' dir='ltr' id='par_1_59' title="bbox 2065 2781 3656 2857">
     <span class='ocr_line' id='line_1_60' title="bbox 2065 2781 3656 2857; baseline 0 -19"><span class='ocrx_word' id='word_1_426' title='bbox 2065 2785 2360 2856; x_wconf 76' lang='grc' dir='ltr'>ἄφθαρτον,</span> <span class='ocrx_word' id='word_1_427' title='bbox 2391 2786 2624 2857; x_wconf 78' lang='grc' dir='ltr'>ἄναρχον</span> <span class='ocrx_word' id='word_1_428' title='bbox 2656 2787 2728 2856; x_wconf 80' lang='grc' dir='ltr'>μὴ</span> <span class='ocrx_word' id='word_1_429' title='bbox 2763 2781 2923 2852; x_wconf 73' lang='grc' dir='ltr'>εἶναι,</span> <span class='ocrx_word' id='word_1_430' title='bbox 2955 2786 3054 2856; x_wconf 88' lang='grc' dir='ltr'><strong>τῆς</strong></span> <span class='ocrx_word' id='word_1_431' title='bbox 3083 2785 3252 2855; x_wconf 78' lang='grc' dir='ltr'>αὐτῆς</span> <span class='ocrx_word' id='word_1_432' title='bbox 3282 2784 3567 2854; x_wconf 82' lang='grc' dir='ltr'>ἀγχινοίας</span> <span class='ocrx_word' id='word_1_433' title='bbox 3589 2785 3656 2838; x_wconf 77' lang='grc' dir='ltr'><strong>τὸ</strong></span> 
     </span>
    </p>
   </div>
   <div class='ocr_carea' id='block_1_60' title="bbox 2068 2877 3656 2950">
    <p class='ocr_par' dir='ltr' id='par_1_60' title="bbox 2068 2877 3656 2950">
     <span class='ocr_line' id='line_1_61' title="bbox 2068 2877 3656 2950; baseline -0.001 -20"><span class='ocrx_word' id='word_1_434' title='bbox 2068 2877 2305 2949; x_wconf 73' lang='grc' dir='ltr'>εὕρημα,</span> <span class='ocrx_word' id='word_1_435' title='bbox 2342 2878 2440 2947; x_wconf 87' lang='grc' dir='ltr'><strong>τῆς</strong></span> <span class='ocrx_word' id='word_1_436' title='bbox 2469 2878 2530 2932; x_wconf 79' lang='grc' dir='ltr'>τὸ</span> <span class='ocrx_word' id='word_1_437' title='bbox 2563 2879 2636 2950; x_wconf 84' lang='grc' dir='ltr'><strong>μὴ</strong></span> <span class='ocrx_word' id='word_1_438' title='bbox 2671 2879 2871 2949; x_wconf 82' lang='grc' dir='ltr'>προσὸν</span> <span class='ocrx_word' id='word_1_439' title='bbox 2903 2880 2982 2942; x_wconf 82' lang='grc' dir='ltr'>εἰς</span> <span class='ocrx_word' id='word_1_440' title='bbox 3016 2877 3111 2931; x_wconf 68' lang='grc' dir='ltr'>τὸν</span> <span class='ocrx_word' id='word_1_441' title='bbox 3134 2880 3230 2948; x_wconf 86' lang='grc' dir='ltr'><strong>τῆς</strong></span> <span class='ocrx_word' id='word_1_442' title='bbox 3272 2878 3459 2940; x_wconf 76' lang='grc' dir='ltr'>οὐσίας</span> <span class='ocrx_word' id='word_1_443' title='bbox 3490 2877 3656 2945; x_wconf 86' lang='grc' dir='ltr'>λόγον</span> 
     </span>
    </p>
   </div>
   <div class='ocr_carea' id='block_1_61' title="bbox 393 2965 1968 3048">
    <p class='ocr_par' dir='ltr' id='par_1_61' title="bbox 393 2975 1968 3048">
     <span class='ocr_line' id='line_1_62' title="bbox 393 2975 1968 3048; baseline -0.002 -16"><span class='ocrx_word' id='word_1_444' title='bbox 393 2978 523 3043; x_wconf 83' lang='lat' dir='ltr'><strong>lem,</strong></span> <span class='ocrx_word' id='word_1_445' title='bbox 549 2976 802 3048; x_wconf 82' lang='lat' dir='ltr'><strong>principii</strong></span> <span class='ocrx_word' id='word_1_446' title='bbox 834 2983 1106 3032; x_wconf 75' lang='lat' dir='ltr'><strong>exsortem</strong></span> <span class='ocrx_word' id='word_1_447' title='bbox 1140 2990 1247 3030; x_wconf 92' lang='lat' dir='ltr'><strong>non</strong></span> <span class='ocrx_word' id='word_1_448' title='bbox 1268 2990 1413 3043; x_wconf 86' lang='lat' dir='ltr'><strong>esse,</strong></span> <span class='ocrx_word' id='word_1_449' title='bbox 1451 2975 1696 3045; x_wconf 84' lang='lat' dir='ltr'><strong>ejusdem</strong></span> <span class='ocrx_word' id='word_1_450' title='bbox 1733 2975 1968 3031; x_wconf 74' lang='lat' dir='ltr'><strong>solertiae</strong></span> 
     </span>
    </p>
   </div>
   <div class='ocr_carea' id='block_1_62' title="bbox 2069 2965 3659 3048">
    <p class='ocr_par' dir='ltr' id='par_1_62' title="bbox 2069 2965 3659 3039">
     <span class='ocr_line' id='line_1_63' title="bbox 2069 2965 3659 3039; baseline -0.001 -19"><span class='ocrx_word' id='word_1_451' title='bbox 2069 2967 2534 3038; x_wconf 80' lang='grc' dir='ltr'>κατατασσούσης.</span> <span class='ocrx_word' id='word_1_452' title='bbox 2578 2968 2765 3037; x_wconf 82' lang='grc' dir='ltr'>Ἡμεῖς</span> <span class='ocrx_word' id='word_1_453' title='bbox 2788 2969 2896 3039; x_wconf 78' lang='grc' dir='ltr'>γὰρ</span> <span class='ocrx_word' id='word_1_454' title='bbox 2921 2966 3071 3021; x_wconf 78' lang='grc' dir='ltr'>οὐδὲν</span> <span class='ocrx_word' id='word_1_455' title='bbox 3098 2966 3207 3020; x_wconf 85' lang='grc' dir='ltr'>τῶν</span> <span class='ocrx_word' id='word_1_456' title='bbox 3233 2965 3307 3037; x_wconf 71' lang='grc' dir='ltr'><strong>μὴ</strong></span> <span class='ocrx_word' id='word_1_457' title='bbox 3338 2965 3659 3037; x_wconf 84' lang='grc' dir='ltr'>προσόντων</span> 
     </span>
    </p>
   </div>
   <div class='ocr_carea' id='block_1_63' title="bbox 393 3064 1974 3136">
    <p class='ocr_par' dir='ltr' id='par_1_63' title="bbox 393 3064 1974 3136">
     <span class='ocr_line' id='line_1_64' title="bbox 393 3064 1974 3136; baseline -0.003 -13"><span class='ocrx_word' id='word_1_458' title='bbox 393 3075 763 3123; x_wconf 81' lang='lat' dir='ltr'><strong>commentum</strong></span> <span class='ocrx_word' id='word_1_459' title='bbox 817 3074 923 3130; x_wconf 89' lang='lat' dir='ltr'><strong>est,</strong></span> <span class='ocrx_word' id='word_1_460' title='bbox 958 3081 1080 3135; x_wconf 68' lang='lat' dir='ltr'><strong>quae</strong></span> <span class='ocrx_word' id='word_1_461' title='bbox 1112 3065 1260 3136; x_wconf 87' lang='lat' dir='ltr'><strong>quod</strong></span> <span class='ocrx_word' id='word_1_462' title='bbox 1304 3081 1412 3120; x_wconf 90' lang='lat' dir='ltr'><strong>non</strong></span> <span class='ocrx_word' id='word_1_463' title='bbox 1446 3066 1589 3120; x_wconf 87' lang='lat' dir='ltr'><strong>inest</strong></span> <span class='ocrx_word' id='word_1_464' title='bbox 1623 3064 1691 3118; x_wconf 87' lang='lat' dir='ltr'><strong>ad</strong></span> <span class='ocrx_word' id='word_1_465' title='bbox 1724 3065 1974 3120; x_wconf 74' lang='lat' dir='ltr'><strong>essentia:</strong></span> 
     </span>
    </p>
   </div>
   <div class='ocr_carea' id='block_1_64' title="bbox 393 3155 1974 3228">
    <p class='ocr_par' dir='ltr' id='par_1_64' title="bbox 393 3155 1974 3228">
     <span class='ocr_line' id='line_1_65' title="bbox 393 3155 1974 3228; baseline -0.001 -15"><span class='ocrx_word' id='word_1_466' title='bbox 393 3157 664 3213; x_wconf 88' lang='lat' dir='ltr'><strong>rationem</strong></span> <span class='ocrx_word' id='word_1_467' title='bbox 712 3155 930 3228; x_wconf 80' lang='lat' dir='ltr'><strong>redigit.</strong></span> <span class='ocrx_word' id='word_1_468' title='bbox 967 3157 1078 3211; x_wconf 83' lang='lat' dir='ltr'><strong>Nos</strong></span> <span class='ocrx_word' id='word_1_469' title='bbox 1111 3157 1255 3211; x_wconf 89' lang='lat' dir='ltr'><strong>cnim</strong></span> <span class='ocrx_word' id='word_1_470' title='bbox 1295 3156 1434 3211; x_wconf 87' lang='lat' dir='ltr'><strong>nihil</strong></span> <span class='ocrx_word' id='word_1_471' title='bbox 1462 3171 1651 3210; x_wconf 88' lang='lat' dir='ltr'><strong>eorum</strong></span> <span class='ocrx_word' id='word_1_472' title='bbox 1704 3171 1827 3226; x_wconf 79' lang='lat' dir='ltr'><strong>quae</strong></span> <span class='ocrx_word' id='word_1_473' title='bbox 1865 3171 1974 3211; x_wconf 88' lang='lat' dir='ltr'><strong>non</strong></span> 
     </span>
    </p>
   </div>
   <div class='ocr_carea' id='block_1_65' title="bbox 396 3246 1975 3316">
    <p class='ocr_par' dir='ltr' id='par_1_65' title="bbox 396 3246 1975 3316">
     <span class='ocr_line' id='line_1_66' title="bbox 396 3246 1975 3316; baseline -0.002 -12"><span class='ocrx_word' id='word_1_474' title='bbox 396 3248 606 3312; x_wconf 83' lang='lat' dir='ltr'><strong>insunt,</strong></span> <span class='ocrx_word' id='word_1_475' title='bbox 655 3249 950 3302; x_wconf 86' lang='lat' dir='ltr'><strong>essentiam</strong></span> <span class='ocrx_word' id='word_1_476' title='bbox 984 3261 1109 3302; x_wconf 89' lang='lat' dir='ltr'><strong>esse</strong></span> <span class='ocrx_word' id='word_1_477' title='bbox 1156 3246 1469 3302; x_wconf 88' lang='lat' dir='ltr'><strong>deﬁnimus.</strong></span> <span class='ocrx_word' id='word_1_478' title='bbox 1524 3246 1687 3316; x_wconf 81' lang='lat' dir='ltr'><strong>Atqui</strong></span> <span class='ocrx_word' id='word_1_479' title='bbox 1723 3246 1834 3301; x_wconf 89' lang='lat' dir='ltr'><strong>Deo</strong></span> <span class='ocrx_word' id='word_1_480' title='bbox 1868 3262 1975 3301; x_wconf 91' lang='lat' dir='ltr'><strong>non</strong></span> 
     </span>
    </p>
   </div>
   <div class='ocr_carea' id='block_1_66' title="bbox 399 3336 1978 3406">
    <p class='ocr_par' dir='ltr' id='par_1_66' title="bbox 399 3336 1978 3406">
     <span class='ocr_line' id='line_1_67' title="bbox 399 3336 1978 3406; baseline -0.003 -10"><span class='ocrx_word' id='word_1_481' title='bbox 399 3340 545 3396; x_wconf 82' lang='lat' dir='ltr'><strong>inest</strong></span> <span class='ocrx_word' id='word_1_482' title='bbox 589 3352 768 3406; x_wconf 87' lang='lat' dir='ltr'><strong>neque</strong></span> <span class='ocrx_word' id='word_1_483' title='bbox 819 3338 887 3391; x_wconf 90' lang='lat' dir='ltr'><strong>ad</strong></span> <span class='ocrx_word' id='word_1_484' title='bbox 945 3337 1228 3391; x_wconf 89' lang='lat' dir='ltr'><strong>interitum</strong></span> <span class='ocrx_word' id='word_1_485' title='bbox 1266 3338 1435 3389; x_wconf 79' lang='lat' dir='ltr'><strong>vitam</strong></span> <span class='ocrx_word' id='word_1_486' title='bbox 1488 3336 1760 3400; x_wconf 88' lang='lat' dir='ltr'><strong>desinere,</strong></span> <span class='ocrx_word' id='word_1_487' title='bbox 1800 3352 1978 3405; x_wconf 89' lang='lat' dir='ltr'><strong>neque</strong></span> 
     </span>
    </p>
   </div>
   <div class='ocr_carea' id='block_1_67' title="bbox 398 3428 1978 3501">
    <p class='ocr_par' dir='ltr' id='par_1_67' title="bbox 398 3428 1978 3501">
     <span class='ocr_line' id='line_1_68' title="bbox 398 3428 1978 3501; baseline -0.001 -15"><span class='ocrx_word' id='word_1_488' title='bbox 398 3446 429 3486; x_wconf 86' lang='lat' dir='ltr'><strong>a</strong></span> <span class='ocrx_word' id='word_1_489' title='bbox 460 3433 814 3501; x_wconf 80' lang='lat' dir='ltr'><strong>generatione</strong></span> <span class='ocrx_word' id='word_1_490' title='bbox 839 3444 963 3484; x_wconf 89' lang='lat' dir='ltr'><strong>esse</strong></span> <span class='ocrx_word' id='word_1_491' title='bbox 989 3428 1253 3497; x_wconf 89' lang='lat' dir='ltr'><strong>incipere.</strong></span> <span class='ocrx_word' id='word_1_492' title='bbox 1281 3428 1440 3494; x_wconf 83' lang='lat' dir='ltr'><strong>Quod</strong></span> <span class='ocrx_word' id='word_1_493' title='bbox 1474 3428 1694 3497; x_wconf 87' lang='lat' dir='ltr'><strong>quidem</strong></span> <span class='ocrx_word' id='word_1_494' title='bbox 1735 3443 1833 3499; x_wconf 89' lang='lat' dir='ltr'><strong>per</strong></span> <span class='ocrx_word' id='word_1_495' title='bbox 1864 3433 1978 3485; x_wconf 59' lang='lat' dir='ltr'><strong>hare</strong></span> 
     </span>
    </p>
   </div>
   <div class='ocr_carea' id='block_1_68' title="bbox 400 3519 1976 3591">
    <p class='ocr_par' dir='ltr' id='par_1_68' title="bbox 400 3519 1976 3591">
     <span class='ocr_line' id='line_1_69' title="bbox 400 3519 1976 3591; baseline -0.001 -15"><span class='ocrx_word' id='word_1_496' title='bbox 400 3523 512 3576; x_wconf 84' lang='lat' dir='ltr'><strong>duo</strong></span> <span class='ocrx_word' id='word_1_497' title='bbox 552 3520 783 3577; x_wconf 86' lang='lat' dir='ltr'><strong>nomina</strong></span> <span class='ocrx_word' id='word_1_498' title='bbox 826 3519 1367 3588; x_wconf 85' lang='lat' dir='ltr'><strong>incorruptibilitatis</strong></span> <span class='ocrx_word' id='word_1_499' title='bbox 1417 3520 1627 3575; x_wconf 90' lang='lat' dir='ltr'><strong>scilicet</strong></span> <span class='ocrx_word' id='word_1_500' title='bbox 1661 3527 1715 3575; x_wconf 88' lang='lat' dir='ltr'><strong>et</strong></span> <span class='ocrx_word' id='word_1_501' title='bbox 1750 3521 1976 3591; x_wconf 84' lang='lat' dir='ltr'><strong>ingeniti</strong></span> 
     </span>
    </p>
   </div>
   <div class='ocr_carea' id='block_1_69' title="bbox 399 3610 1981 3681">
    <p class='ocr_par' dir='ltr' id='par_1_69' title="bbox 399 3610 1981 3681">
     <span class='ocr_line' id='line_1_70' title="bbox 399 3610 1981 3681; baseline -0.001 -14"><span class='ocrx_word' id='word_1_502' title='bbox 399 3612 745 3681; x_wconf 81' lang='lat' dir='ltr'><strong>exprimitur.</strong></span> <span class='ocrx_word' id='word_1_503' title='bbox 782 3610 883 3665; x_wconf 83' lang='lat' dir='ltr'><strong>llic</strong></span> <span class='ocrx_word' id='word_1_504' title='bbox 912 3619 1092 3664; x_wconf 90' lang='lat' dir='ltr'><strong>autem</strong></span> <span class='ocrx_word' id='word_1_505' title='bbox 1126 3624 1255 3666; x_wconf 86' lang='lat' dir='ltr'><strong>suas</strong></span> <span class='ocrx_word' id='word_1_506' title='bbox 1287 3614 1461 3681; x_wconf 84' lang='lat' dir='ltr'><strong>nugas</strong></span> <span class='ocrx_word' id='word_1_507' title='bbox 1490 3626 1614 3666; x_wconf 91' lang='lat' dir='ltr'><strong>cum</strong></span> <span class='ocrx_word' id='word_1_508' title='bbox 1650 3613 1857 3668; x_wconf 88' lang='lat' dir='ltr'><strong>nostris</strong></span> <span class='ocrx_word' id='word_1_509' title='bbox 1888 3612 1981 3666; x_wconf 86' lang='lat' dir='ltr'><strong>de-</strong></span> 
     </span>
    </p>
   </div>
   <div class='ocr_carea' id='block_1_70' title="bbox 401 3696 1980 3770">
    <p class='ocr_par' dir='ltr' id='par_1_70' title="bbox 401 3696 1980 3770">
     <span class='ocr_line' id='line_1_71' title="bbox 401 3696 1980 3770; baseline -0.001 -15"><span class='ocrx_word' id='word_1_510' title='bbox 401 3702 570 3756; x_wconf 87' lang='lat' dir='ltr'><strong>cretis</strong></span> <span class='ocrx_word' id='word_1_511' title='bbox 626 3701 939 3770; x_wconf 84' lang='lat' dir='ltr'><strong>divulgans,</strong></span> <span class='ocrx_word' id='word_1_512' title='bbox 983 3698 1225 3769; x_wconf 87' lang='lat' dir='ltr'><strong>seipsum</strong></span> <span class='ocrx_word' id='word_1_513' title='bbox 1273 3696 1555 3755; x_wconf 78' lang='lat' dir='ltr'><strong>diﬁ‘amare</strong></span> <span class='ocrx_word' id='word_1_514' title='bbox 1608 3716 1703 3770; x_wconf 89' lang='lat' dir='ltr'><strong>per</strong></span> <span class='ocrx_word' id='word_1_515' title='bbox 1751 3715 1980 3755; x_wconf 87' lang='lat' dir='ltr'><strong>accusa-</strong></span> 
     </span>
    </p>
   </div>
   <div class='ocr_carea' id='block_1_71' title="bbox 403 3789 1976 3859">
    <p class='ocr_par' dir='ltr' id='par_1_71' title="bbox 403 3789 1976 3859">
     <span class='ocr_line' id='line_1_72' title="bbox 403 3789 1976 3859; baseline 0.001 -15"><span class='ocrx_word' id='word_1_516' title='bbox 403 3792 609 3847; x_wconf 88' lang='lat' dir='ltr'><strong>tionem</strong></span> <span class='ocrx_word' id='word_1_517' title='bbox 659 3799 853 3845; x_wconf 86' lang='lat' dir='ltr'><strong>contra</strong></span> <span class='ocrx_word' id='word_1_518' title='bbox 894 3804 998 3844; x_wconf 88' lang='lat' dir='ltr'><strong>nos</strong></span> <span class='ocrx_word' id='word_1_519' title='bbox 1039 3789 1349 3845; x_wconf 85' lang='lat' dir='ltr'><strong>institutam</strong></span> <span class='ocrx_word' id='word_1_520' title='bbox 1396 3804 1507 3844; x_wconf 89' lang='lat' dir='ltr'><strong>non</strong></span> <span class='ocrx_word' id='word_1_521' title='bbox 1550 3790 1823 3859; x_wconf 82' lang='lat' dir='ltr'><strong>intelligit.</strong></span> <span class='ocrx_word' id='word_1_522' title='bbox 1873 3789 1976 3855; x_wconf 86' lang='lat' dir='ltr'><strong>Qui</strong></span> 
     </span>
    </p>
   </div>
   <div class='ocr_carea' id='block_1_72' title="bbox 401 3873 1977 3950">
    <p class='ocr_par' dir='ltr' id='par_1_72' title="bbox 401 3873 1977 3950">
     <span class='ocr_line' id='line_1_73' title="bbox 401 3873 1977 3950; baseline -0.003 -11"><span class='ocrx_word' id='word_1_523' title='bbox 401 3885 548 3939; x_wconf 86' lang='lat' dir='ltr'><strong>enim</strong></span> <span class='ocrx_word' id='word_1_524' title='bbox 592 3883 888 3939; x_wconf 81' lang='lat' dir='ltr'><strong>essentiam</strong></span> <span class='ocrx_word' id='word_1_525' title='bbox 919 3881 1246 3950; x_wconf 81' lang='grc' dir='ltr'>ἀγεννησίαν</span> <span class='ocrx_word' id='word_1_526' title='bbox 1273 3894 1396 3937; x_wconf 86' lang='lat' dir='ltr'><strong>esse</strong></span> <span class='ocrx_word' id='word_1_527' title='bbox 1429 3873 1638 3946; x_wconf 80' lang='lat' dir='ltr'><strong>deﬁnit,</strong></span> <span class='ocrx_word' id='word_1_528' title='bbox 1685 3882 1738 3935; x_wconf 92' lang='lat' dir='ltr'><strong>in</strong></span> <span class='ocrx_word' id='word_1_529' title='bbox 1772 3888 1977 3935; x_wconf 89' lang='lat' dir='ltr'><strong>tantam</strong></span> 
     </span>
    </p>
   </div>
   <div class='ocr_carea' id='block_1_73' title="bbox 406 3971 1977 4045">
    <p class='ocr_par' dir='ltr' id='par_1_73' title="bbox 406 3971 1977 4045">
     <span class='ocr_line' id='line_1_74' title="bbox 406 3971 1977 4045; baseline -0.002 -16"><span class='ocrx_word' id='word_1_530' title='bbox 406 3988 505 4045; x_wconf 89' lang='lat' dir='ltr'><strong>per</strong></span> <span class='ocrx_word' id='word_1_531' title='bbox 541 3973 983 4029; x_wconf 85' lang='lat' dir='ltr'><strong>consecutionem</strong></span> <span class='ocrx_word' id='word_1_532' title='bbox 1028 3971 1420 4027; x_wconf 83' lang='lat' dir='ltr'><strong>absurditatem</strong></span> <span class='ocrx_word' id='word_1_533' title='bbox 1455 3972 1664 4035; x_wconf 78' lang='lat' dir='ltr'><strong>evadet,</strong></span> <span class='ocrx_word' id='word_1_534' title='bbox 1718 3980 1977 4042; x_wconf 88' lang='lat' dir='ltr'><strong>quantam</strong></span> 
     </span>
    </p>
   </div>
   <div class='ocr_carea' id='block_1_74' title="bbox 404 4065 1981 4136">
    <p class='ocr_par' dir='ltr' id='par_1_74' title="bbox 404 4065 1981 4136">
     <span class='ocr_line' id='line_1_75' title="bbox 404 4065 1981 4136; baseline -0.001 -16"><span class='ocrx_word' id='word_1_535' title='bbox 404 4068 613 4121; x_wconf 83' lang='lat' dir='ltr'><strong>nostris</strong></span> <span class='ocrx_word' id='word_1_536' title='bbox 655 4066 896 4123; x_wconf 85' lang='lat' dir='ltr'><strong>decretis</strong></span> <span class='ocrx_word' id='word_1_537' title='bbox 946 4067 1139 4121; x_wconf 86' lang='lat' dir='ltr'><strong>inurit.</strong></span> <span class='ocrx_word' id='word_1_538' title='bbox 1192 4065 1354 4122; x_wconf 84' lang='lat' dir='ltr'><strong>Aliud</strong></span> <span class='ocrx_word' id='word_1_539' title='bbox 1408 4067 1551 4122; x_wconf 89' lang='lat' dir='ltr'><strong>enim</strong></span> <span class='ocrx_word' id='word_1_540' title='bbox 1597 4066 1872 4136; x_wconf 87' lang='lat' dir='ltr'><strong>principii,</strong></span> <span class='ocrx_word' id='word_1_541' title='bbox 1927 4074 1981 4120; x_wconf 89' lang='lat' dir='ltr'><strong>ct</strong></span> 
     </span>
    </p>
   </div>
   <div class='ocr_carea' id='block_1_75' title="bbox 406 4153 1978 4212">
    <p class='ocr_par' dir='ltr' id='par_1_75' title="bbox 406 4153 1978 4212">
     <span class='ocr_line' id='line_1_76' title="bbox 406 4153 1978 4212; baseline -0.003 -4"><span class='ocrx_word' id='word_1_542' title='bbox 406 4155 556 4210; x_wconf 88' lang='lat' dir='ltr'><strong>aliud</strong></span> <span class='ocrx_word' id='word_1_543' title='bbox 602 4154 728 4212; x_wconf 81' lang='lat' dir='ltr'><strong>ﬁnis</strong></span> <span class='ocrx_word' id='word_1_544' title='bbox 780 4169 979 4210; x_wconf 87' lang='lat' dir='ltr'><strong>nomen</strong></span> <span class='ocrx_word' id='word_1_545' title='bbox 1024 4155 1327 4210; x_wconf 84' lang='lat' dir='ltr'><strong>secundum</strong></span> <span class='ocrx_word' id='word_1_546' title='bbox 1365 4168 1550 4210; x_wconf 86' lang='lat' dir='ltr'><strong>rerum</strong></span> <span class='ocrx_word' id='word_1_547' title='bbox 1584 4153 1978 4207; x_wconf 84' lang='lat' dir='ltr'><strong>intellectarnm</strong></span> 
     </span>
    </p>
   </div>
   <div class='ocr_carea' id='block_1_76' title="bbox 406 4243 1982 4316">
    <p class='ocr_par' dir='ltr' id='par_1_76' title="bbox 406 4243 1982 4316">
     <span class='ocr_line' id='line_1_77' title="bbox 406 4243 1982 4316; baseline -0.001 -17"><span class='ocrx_word' id='word_1_548' title='bbox 406 4244 807 4301; x_wconf 87' lang='lat' dir='ltr'><strong>distinctrieem</strong></span> <span class='ocrx_word' id='word_1_549' title='bbox 856 4243 1336 4316; x_wconf 81' lang='lat' dir='ltr'><strong>signiﬁcationem,</strong></span> <span class='ocrx_word' id='word_1_550' title='bbox 1382 4245 1649 4314; x_wconf 87' lang='lat' dir='ltr'><strong>siquidem</strong></span> <span class='ocrx_word' id='word_1_551' title='bbox 1700 4243 1864 4298; x_wconf 90' lang='lat' dir='ltr'><strong>unius</strong></span> <span class='ocrx_word' id='word_1_552' title='bbox 1893 4244 1982 4298; x_wconf 86' lang='lat' dir='ltr'><strong>ho-</strong></span> 
     </span>
    </p>
   </div>
   <div class='ocr_carea' id='block_1_77' title="bbox 2075 3055 3661 3132">
    <p class='ocr_par' dir='ltr' id='par_1_77' title="bbox 2075 3055 3661 3132">
     <span class='ocr_line' id='line_1_78' title="bbox 2075 3055 3661 3132; baseline -0.002 -19"><span class='ocrx_word' id='word_1_553' title='bbox 2075 3060 2261 3113; x_wconf 76' lang='grc' dir='ltr'>οὐσίαν</span> <span class='ocrx_word' id='word_1_554' title='bbox 2292 3055 2428 3112; x_wconf 85' lang='grc' dir='ltr'>εἶναι</span> <span class='ocrx_word' id='word_1_555' title='bbox 2454 3059 2817 3130; x_wconf 74' lang='grc' dir='ltr'>διοριζόμεθα.</span> <span class='ocrx_word' id='word_1_556' title='bbox 2841 3062 2913 3114; x_wconf 80' lang='grc' dir='ltr'><strong>Οὐ</strong></span> <span class='ocrx_word' id='word_1_557' title='bbox 2939 3061 3196 3132; x_wconf 80' lang='grc' dir='ltr'>πρόσεστι</span> <span class='ocrx_word' id='word_1_558' title='bbox 3216 3060 3273 3114; x_wconf 82' lang='grc' dir='ltr'>δὲ</span> <span class='ocrx_word' id='word_1_559' title='bbox 3296 3059 3373 3130; x_wconf 84' lang='grc' dir='ltr'>τῷ</span> <span class='ocrx_word' id='word_1_560' title='bbox 3393 3058 3532 3129; x_wconf 83' lang='grc' dir='ltr'>Θεῷ,</span> <span class='ocrx_word' id='word_1_561' title='bbox 3566 3057 3661 3111; x_wconf 74' lang='grc' dir='ltr'><strong>οὒ-</strong></span> 
     </span>
    </p>
   </div>
   <div class='ocr_carea' id='block_1_78' title="bbox 2075 3136 3665 3222">
    <p class='ocr_par' dir='ltr' id='par_1_78' title="bbox 2075 3136 3665 3222">
     <span class='ocr_line' id='line_1_79' title="bbox 2075 3136 3665 3222; baseline 0.001 -19"><span class='ocrx_word' id='word_1_562' title='bbox 2075 3168 2134 3203; x_wconf 88' lang='grc' dir='ltr'><strong>τε</strong></span> <span class='ocrx_word' id='word_1_563' title='bbox 2165 3150 2224 3203; x_wconf 87' lang='grc' dir='ltr'>τὺ</span> <span class='ocrx_word' id='word_1_564' title='bbox 2263 3153 2341 3214; x_wconf 83' lang='grc' dir='ltr'><strong>είς</strong></span> <span class='ocrx_word' id='word_1_565' title='bbox 2374 3151 2577 3220; x_wconf 79' lang='grc' dir='ltr'>φθορὰν</span> <span class='ocrx_word' id='word_1_566' title='bbox 2610 3153 2709 3222; x_wconf 83' lang='grc' dir='ltr'><strong>τὴν</strong></span> <span class='ocrx_word' id='word_1_567' title='bbox 2739 3136 2882 3222; x_wconf 67' lang='grc' dir='ltr'>ζωὴν</span> <span class='ocrx_word' id='word_1_568' title='bbox 2927 3151 3264 3219; x_wconf 73' lang='grc' dir='ltr'>καταλῆξαι,</span> <span class='ocrx_word' id='word_1_569' title='bbox 3293 3150 3415 3203; x_wconf 73' lang='grc' dir='ltr'>οὔτε</span> <span class='ocrx_word' id='word_1_570' title='bbox 3443 3150 3504 3202; x_wconf 79' lang='grc' dir='ltr'>τὸ</span> <span class='ocrx_word' id='word_1_571' title='bbox 3542 3150 3665 3204; x_wconf 77' lang='grc' dir='ltr'><strong>ἀπὸ</strong></span> 
     </span>
    </p>
   </div>
   <div class='ocr_carea' id='block_1_79' title="bbox 2076 3235 3659 3311">
    <p class='ocr_par' dir='ltr' id='par_1_79' title="bbox 2076 3235 3659 3311">
     <span class='ocr_line' id='line_1_80' title="bbox 2076 3235 3659 3311; baseline -0.001 -19"><span class='ocrx_word' id='word_1_572' title='bbox 2076 3240 2381 3309; x_wconf 79' lang='grc' dir='ltr'>γεννήσεως</span> <span class='ocrx_word' id='word_1_573' title='bbox 2413 3240 2472 3293; x_wconf 85' lang='grc' dir='ltr'><strong>τὸ</strong></span> <span class='ocrx_word' id='word_1_574' title='bbox 2496 3235 2632 3292; x_wconf 80' lang='grc' dir='ltr'>εἶναι</span> <span class='ocrx_word' id='word_1_575' title='bbox 2662 3239 2945 3311; x_wconf 77' lang='grc' dir='ltr'>ἄρξασθαι.</span> <span class='ocrx_word' id='word_1_576' title='bbox 2971 3240 3149 3311; x_wconf 82' lang='grc' dir='ltr'>Ὅπερ</span> <span class='ocrx_word' id='word_1_577' title='bbox 3169 3240 3255 3293; x_wconf 73' lang='grc' dir='ltr'>διὰ</span> <span class='ocrx_word' id='word_1_578' title='bbox 3277 3239 3383 3293; x_wconf 82' lang='grc' dir='ltr'>τῶν</span> <span class='ocrx_word' id='word_1_579' title='bbox 3407 3239 3502 3292; x_wconf 88' lang='grc' dir='ltr'><strong>δύο</strong></span> <span class='ocrx_word' id='word_1_580' title='bbox 3524 3240 3659 3292; x_wconf 82' lang='grc' dir='ltr'>τού-</span> 
     </span>
    </p>
   </div>
   <div class='ocr_carea' id='block_1_80' title="bbox 2076 3330 3661 3402">
    <p class='ocr_par' dir='ltr' id='par_1_80' title="bbox 2076 3330 3661 3402">
     <span class='ocr_line' id='line_1_81' title="bbox 2076 3330 3661 3402; baseline 0 -17"><span class='ocrx_word' id='word_1_581' title='bbox 2076 3349 2183 3385; x_wconf 89' lang='grc' dir='ltr'><strong>των</strong></span> <span class='ocrx_word' id='word_1_582' title='bbox 2210 3331 2488 3398; x_wconf 83' lang='grc' dir='ltr'>ὀνομάτων</span> <span class='ocrx_word' id='word_1_583' title='bbox 2521 3331 2617 3401; x_wconf 89' lang='grc' dir='ltr'><strong>τῆς</strong></span> <span class='ocrx_word' id='word_1_584' title='bbox 2646 3347 2706 3383; x_wconf 91' lang='grc' dir='ltr'><strong>τε</strong></span> <span class='ocrx_word' id='word_1_585' title='bbox 2732 3330 3037 3402; x_wconf 76' lang='grc' dir='ltr'>ἀφθαρσίας</span> <span class='ocrx_word' id='word_1_586' title='bbox 3069 3333 3163 3384; x_wconf 77' lang='grc' dir='ltr'>καὶ</span> <span class='ocrx_word' id='word_1_587' title='bbox 3197 3330 3296 3401; x_wconf 87' lang='grc' dir='ltr'><strong>τῆς</strong></span> <span class='ocrx_word' id='word_1_588' title='bbox 3324 3332 3661 3402; x_wconf 85' lang='grc' dir='ltr'>ἀγεννησίας</span> 
     </span>
    </p>
   </div>
   <div class='ocr_carea' id='block_1_81' title="bbox 2079 3423 3663 3497">
    <p class='ocr_par' dir='ltr' id='par_1_81' title="bbox 2079 3423 3663 3497">
     <span class='ocr_line' id='line_1_82' title="bbox 2079 3423 3663 3497; baseline 0.003 -20"><span class='ocrx_word' id='word_1_589' title='bbox 2079 3425 2428 3496; x_wconf 88' lang='grc' dir='ltr'>παρίσταται.</span> <span class='ocrx_word' id='word_1_590' title='bbox 2487 3423 2547 3476; x_wconf 86' lang='lat'>&#39;0</span> <span class='ocrx_word' id='word_1_591' title='bbox 2588 3423 2644 3475; x_wconf 84' lang='grc' dir='ltr'>δὲ</span> <span class='ocrx_word' id='word_1_592' title='bbox 2692 3425 2780 3477; x_wconf 84' lang='grc' dir='ltr'><strong>τὸν</strong></span> <span class='ocrx_word' id='word_1_593' title='bbox 2826 3426 2955 3479; x_wconf 77' lang='grc' dir='ltr'>ἴδιον</span> <span class='ocrx_word' id='word_1_594' title='bbox 2995 3426 3157 3496; x_wconf 83' lang='grc' dir='ltr'>λῆρον</span> <span class='ocrx_word' id='word_1_595' title='bbox 3200 3428 3310 3489; x_wconf 83' lang='grc' dir='ltr'>τοῖς</span> <span class='ocrx_word' id='word_1_596' title='bbox 3358 3427 3663 3497; x_wconf 76' lang='grc' dir='ltr'>ἡμετέροις</span> 
     </span>
    </p>
   </div>
   <div class='ocr_carea' id='block_1_82' title="bbox 2077 3515 3662 3588">
    <p class='ocr_par' dir='ltr' id='par_1_82' title="bbox 2077 3515 3662 3588">
     <span class='ocr_line' id='line_1_83' title="bbox 2077 3515 3662 3588; baseline -0.004 -17"><span class='ocrx_word' id='word_1_597' title='bbox 2077 3517 2336 3587; x_wconf 79' lang='grc' dir='ltr'>δόγμασιν</span> <span class='ocrx_word' id='word_1_598' title='bbox 2371 3515 2802 3588; x_wconf 82' lang='grc' dir='ltr'>ὲπιθρυλλήσας,</span> <span class='ocrx_word' id='word_1_599' title='bbox 2836 3516 3026 3571; x_wconf 80' lang='grc' dir='ltr'>ἑαυτὸν</span> <span class='ocrx_word' id='word_1_600' title='bbox 3065 3516 3386 3588; x_wconf 84' lang='grc' dir='ltr'>στηλιτεύων</span> <span class='ocrx_word' id='word_1_601' title='bbox 3416 3517 3505 3571; x_wconf 82' lang='grc' dir='ltr'><strong>διά</strong></span> <span class='ocrx_word' id='word_1_602' title='bbox 3550 3518 3662 3587; x_wconf 80' lang='grc' dir='ltr'><strong>τῆς</strong></span> 
     </span>
    </p>
   </div>
   <div class='ocr_carea' id='block_1_83' title="bbox 2078 3609 3663 3682">
    <p class='ocr_par' dir='ltr' id='par_1_83' title="bbox 2078 3609 3663 3682">
     <span class='ocr_line' id='line_1_84' title="bbox 2078 3609 3663 3682; baseline 0 -19"><span class='ocrx_word' id='word_1_603' title='bbox 2078 3609 2412 3679; x_wconf 83' lang='grc' dir='ltr'>κατηγορίας</span> <span class='ocrx_word' id='word_1_604' title='bbox 2438 3610 2538 3680; x_wconf 89' lang='grc' dir='ltr'><strong>τῆς</strong></span> <span class='ocrx_word' id='word_1_605' title='bbox 2571 3609 2690 3663; x_wconf 81' lang='grc' dir='ltr'>καθ’</span> <span class='ocrx_word' id='word_1_606' title='bbox 2737 3610 2892 3680; x_wconf 78' lang='grc' dir='ltr'>ἡμῶν</span> <span class='ocrx_word' id='word_1_607' title='bbox 2931 3610 2994 3663; x_wconf 81' lang='grc' dir='ltr'><strong>ού</strong></span> <span class='ocrx_word' id='word_1_608' title='bbox 3028 3611 3289 3680; x_wconf 87' lang='grc' dir='ltr'>συνίησιν.</span> <span class='ocrx_word' id='word_1_609' title='bbox 3334 3610 3391 3663; x_wconf 85' lang='grc' dir='ltr'><strong>Ὀ</strong></span> <span class='ocrx_word' id='word_1_610' title='bbox 3423 3612 3532 3682; x_wconf 76' lang='grc' dir='ltr'><strong>γὰρ</strong></span> <span class='ocrx_word' id='word_1_611' title='bbox 3559 3611 3663 3663; x_wconf 82' lang='grc' dir='ltr'><strong>οὺ-</strong></span> 
     </span>
    </p>
   </div>
   <div class='ocr_carea' id='block_1_84' title="bbox 2080 3692 3667 3772">
    <p class='ocr_par' dir='ltr' id='par_1_84' title="bbox 2080 3692 3667 3772">
     <span class='ocr_line' id='line_1_85' title="bbox 2080 3692 3667 3772; baseline 0.001 -18"><span class='ocrx_word' id='word_1_612' title='bbox 2080 3700 2201 3754; x_wconf 90' lang='grc' dir='ltr'>σίαν</span> <span class='ocrx_word' id='word_1_613' title='bbox 2229 3701 2327 3772; x_wconf 80' lang='grc' dir='ltr'><strong>τὴν</strong></span> <span class='ocrx_word' id='word_1_614' title='bbox 2356 3701 2680 3770; x_wconf 83' lang='grc' dir='ltr'>ἀγεννησίαν</span> <span class='ocrx_word' id='word_1_615' title='bbox 2710 3697 2847 3755; x_wconf 79' lang='grc' dir='ltr'>εἶναι</span> <span class='ocrx_word' id='word_1_616' title='bbox 2872 3701 3256 3771; x_wconf 78' lang='grc' dir='ltr'>διοριζόμενος,</span> <span class='ocrx_word' id='word_1_617' title='bbox 3289 3704 3366 3765; x_wconf 79' lang='grc' dir='ltr'>εἰς</span> <span class='ocrx_word' id='word_1_618' title='bbox 3385 3692 3667 3772; x_wconf 72' lang='grc' dir='ltr'>τοσαύτην</span> 
     </span>
    </p>
   </div>
   <div class='ocr_carea' id='block_1_85' title="bbox 2079 3791 3672 3865">
    <p class='ocr_par' dir='ltr' id='par_1_85' title="bbox 2079 3791 3672 3865">
     <span class='ocr_line' id='line_1_86' title="bbox 2079 3791 3672 3865; baseline 0 -19"><span class='ocrx_word' id='word_1_619' title='bbox 2079 3792 2221 3846; x_wconf 80' lang='grc' dir='ltr'>κατὰ</span> <span class='ocrx_word' id='word_1_620' title='bbox 2247 3793 2309 3846; x_wconf 82' lang='grc' dir='ltr'><strong>τὸ</strong></span> <span class='ocrx_word' id='word_1_621' title='bbox 2340 3791 2629 3846; x_wconf 88' lang='grc' dir='ltr'>ἀκόλουθον</span> <span class='ocrx_word' id='word_1_622' title='bbox 2665 3793 2763 3864; x_wconf 76' lang='grc' dir='ltr'><strong>τὴν</strong></span> <span class='ocrx_word' id='word_1_623' title='bbox 2805 3793 3034 3847; x_wconf 86' lang='grc' dir='ltr'>ἀτοπίαν</span> <span class='ocrx_word' id='word_1_624' title='bbox 3073 3792 3399 3864; x_wconf 74' lang='grc' dir='ltr'>ἐκϐήσεται,</span> <span class='ocrx_word' id='word_1_625' title='bbox 3438 3794 3505 3865; x_wconf 82' lang='grc' dir='ltr'><strong>ῆν</strong></span> <span class='ocrx_word' id='word_1_626' title='bbox 3539 3795 3672 3858; x_wconf 79' lang='grc' dir='ltr'>τοῖς</span> 
     </span>
    </p>
   </div>
   <div class='ocr_carea' id='block_1_86' title="bbox 2081 3880 3676 3952">
    <p class='ocr_par' dir='ltr' id='par_1_86' title="bbox 2081 3880 3676 3952">
     <span class='ocr_line' id='line_1_87' title="bbox 2081 3880 3676 3952; baseline 0.001 -20"><span class='ocrx_word' id='word_1_627' title='bbox 2081 3880 2367 3951; x_wconf 76' lang='grc' dir='ltr'>ἡμετέροις</span> <span class='ocrx_word' id='word_1_628' title='bbox 2389 3880 2650 3951; x_wconf 86' lang='grc' dir='ltr'>δόγμασιν</span> <span class='ocrx_word' id='word_1_629' title='bbox 2681 3882 2949 3952; x_wconf 81' lang='grc' dir='ltr'>ἐπιφέρει.</span> <span class='ocrx_word' id='word_1_630' title='bbox 2990 3881 3151 3934; x_wconf 75' lang='grc' dir='ltr'>’Ἄλλο</span> <span class='ocrx_word' id='word_1_631' title='bbox 3180 3882 3286 3952; x_wconf 70' lang='grc' dir='ltr'><strong>γὰρ</strong></span> <span class='ocrx_word' id='word_1_632' title='bbox 3326 3882 3421 3951; x_wconf 75' lang='grc' dir='ltr'><strong>τῆς</strong></span> <span class='ocrx_word' id='word_1_633' title='bbox 3451 3881 3676 3952; x_wconf 72' lang='grc' dir='ltr'>ἀρχῆς,</span> 
     </span>
    </p>
   </div>
   <div class='ocr_carea' id='block_1_87' title="bbox 2080 3968 3682 4048">
    <p class='ocr_par' dir='ltr' id='par_1_87' title="bbox 2080 3968 3682 4048">
     <span class='ocr_line' id='line_1_88' title="bbox 2080 3968 3682 4048; baseline 0.004 -25"><span class='ocrx_word' id='word_1_634' title='bbox 2080 3968 2173 4025; x_wconf 74' lang='grc' dir='ltr'><strong>καὶ</strong></span> <span class='ocrx_word' id='word_1_635' title='bbox 2204 3971 2330 4026; x_wconf 82' lang='grc' dir='ltr'>ἄλλο</span> <span class='ocrx_word' id='word_1_636' title='bbox 2359 3971 2451 4025; x_wconf 78' lang='grc' dir='ltr'>τοῦ</span> <span class='ocrx_word' id='word_1_637' title='bbox 2482 3972 2669 4035; x_wconf 82' lang='grc' dir='ltr'>τέλους</span> <span class='ocrx_word' id='word_1_638' title='bbox 2704 3972 2843 4026; x_wconf 80' lang='grc' dir='ltr'>κατὰ</span> <span class='ocrx_word' id='word_1_639' title='bbox 2878 3973 2975 4043; x_wconf 80' lang='grc' dir='ltr'><strong>τὴν</strong></span> <span class='ocrx_word' id='word_1_640' title='bbox 3021 3973 3447 4045; x_wconf 75' lang='grc' dir='ltr'>διαστηματικὴν</span> <span class='ocrx_word' id='word_1_641' title='bbox 3478 3977 3682 4048; x_wconf 69' lang='grc' dir='ltr'>παρά-</span> 
     </span>
    </p>
   </div>
   <div class='ocr_carea' id='block_1_88' title="bbox 2083 4062 3682 4139">
    <p class='ocr_par' dir='ltr' id='par_1_88' title="bbox 2083 4062 3682 4139">
     <span class='ocr_line' id='line_1_89' title="bbox 2083 4062 3682 4139; baseline 0.006 -25"><span class='ocrx_word' id='word_1_642' title='bbox 2083 4078 2271 4115; x_wconf 88' lang='grc' dir='ltr'>στασιν</span> <span class='ocrx_word' id='word_1_643' title='bbox 2298 4062 2632 4133; x_wconf 84' lang='grc' dir='ltr'>νοουμένων,</span> <span class='ocrx_word' id='word_1_644' title='bbox 2670 4066 2718 4117; x_wconf 80' lang='grc' dir='ltr'><strong>εί</strong></span> <span class='ocrx_word' id='word_1_645' title='bbox 2754 4065 2853 4133; x_wconf 86' lang='grc' dir='ltr'>μὲν</span> <span class='ocrx_word' id='word_1_646' title='bbox 2884 4064 2982 4136; x_wconf 80' lang='grc' dir='ltr'><strong>τὴν</strong></span> <span class='ocrx_word' id='word_1_647' title='bbox 3008 4065 3126 4127; x_wconf 79' lang='grc' dir='ltr'>ἑνὸς</span> <span class='ocrx_word' id='word_1_648' title='bbox 3164 4066 3366 4119; x_wconf 88' lang='grc' dir='ltr'>τούτων</span> <span class='ocrx_word' id='word_1_649' title='bbox 3400 4067 3682 4139; x_wconf 73' lang='grc' dir='ltr'>στέρησιν</span> 
     </span>
    </p>
   </div>
   <div class='ocr_carea' id='block_1_89' title="bbox 2080 4146 3681 4230">
    <p class='ocr_par' dir='ltr' id='par_1_89' title="bbox 2080 4146 3681 4230">
     <span class='ocr_line' id='line_1_90' title="bbox 2080 4146 3681 4230; baseline 0.006 -25"><span class='ocrx_word' id='word_1_650' title='bbox 2080 4151 2265 4207; x_wconf 76' lang='grc' dir='ltr'>οὐσίαν</span> <span class='ocrx_word' id='word_1_651' title='bbox 2302 4171 2384 4217; x_wconf 89' lang='grc' dir='ltr'><strong>τις</strong></span> <span class='ocrx_word' id='word_1_652' title='bbox 2426 4151 2564 4209; x_wconf 83' lang='grc' dir='ltr'>εἶναι</span> <span class='ocrx_word' id='word_1_653' title='bbox 2609 4155 2743 4226; x_wconf 83' lang='grc' dir='ltr'>δοίη,</span> <span class='ocrx_word' id='word_1_654' title='bbox 2781 4146 2838 4222; x_wconf 76' lang='grc' dir='ltr'><strong>ἐξ</strong></span> <span class='ocrx_word' id='word_1_655' title='bbox 2876 4157 3130 4227; x_wconf 80' lang='grc' dir='ltr'>ἡμισείας</span> <span class='ocrx_word' id='word_1_656' title='bbox 3163 4158 3325 4210; x_wconf 75' lang='grc' dir='ltr'>αὐτοῦ</span> <span class='ocrx_word' id='word_1_657' title='bbox 3370 4157 3467 4229; x_wconf 78' lang='grc' dir='ltr'><strong>τὴν</strong></span> <span class='ocrx_word' id='word_1_658' title='bbox 3510 4158 3681 4230; x_wconf 75' lang='grc' dir='ltr'>ζωὴν</span> 
     </span>
    </p>
   </div>
   <div class='ocr_carea' id='block_1_90' title="bbox 2082 4246 3681 4322">
    <p class='ocr_par' dir='ltr' id='par_1_90' title="bbox 2082 4246 3681 4322">
     <span class='ocr_line' id='line_1_91' title="bbox 2082 4246 3681 4322; baseline 0.005 -25"><span class='ocrx_word' id='word_1_659' title='bbox 2082 4246 2377 4318; x_wconf 79' lang='grc' dir='ltr'>ὑποστήσει</span> <span class='ocrx_word' id='word_1_660' title='bbox 2409 4246 2553 4318; x_wconf 84' lang='grc' dir='ltr'>μόνῳ</span> <span class='ocrx_word' id='word_1_661' title='bbox 2583 4247 2660 4318; x_wconf 82' lang='grc' dir='ltr'>τῷ</span> <span class='ocrx_word' id='word_1_662' title='bbox 2688 4249 2907 4319; x_wconf 86' lang='grc' dir='ltr'>ἀνάρχῳ</span> <span class='ocrx_word' id='word_1_663' title='bbox 2942 4249 3258 4317; x_wconf 76' lang='grc' dir='ltr'>ὑφεστῶσαν</span> <span class='ocrx_word' id='word_1_664' title='bbox 3281 4290 3295 4315; x_wconf 85' lang='grc'><strong>,</strong></span> <span class='ocrx_word' id='word_1_665' title='bbox 3337 4251 3471 4322; x_wconf 69' lang='grc' dir='ltr'>πρὸς</span> <span class='ocrx_word' id='word_1_666' title='bbox 3511 4252 3572 4303; x_wconf 78' lang='grc' dir='ltr'>δὲ</span> <span class='ocrx_word' id='word_1_667' title='bbox 3607 4253 3681 4306; x_wconf 75' lang='grc' dir='ltr'><strong>τὸ</strong></span> 
     </span>
    </p>
   </div>
   <div class='ocr_carea' id='block_1_91' title="bbox 406 4317 1968 4411">
    <p class='ocr_par' dir='ltr' id='par_1_91' title="bbox 406 4335 1968 4407">
     <span class='ocr_line' id='line_1_92' title="bbox 406 4335 1968 4407; baseline -0.004 -13"><span class='ocrx_word' id='word_1_668' title='bbox 406 4350 531 4394; x_wconf 83' lang='lat' dir='ltr'><strong>runt</strong></span> <span class='ocrx_word' id='word_1_669' title='bbox 587 4338 975 4407; x_wconf 75' lang='lat' dir='ltr'><strong>privationem,</strong></span> <span class='ocrx_word' id='word_1_670' title='bbox 1024 4336 1070 4391; x_wconf 90' lang='lat' dir='ltr'><strong>si</strong></span> <span class='ocrx_word' id='word_1_671' title='bbox 1121 4336 1244 4407; x_wconf 88' lang='lat' dir='ltr'><strong>quis</strong></span> <span class='ocrx_word' id='word_1_672' title='bbox 1290 4338 1583 4391; x_wconf 82' lang='lat' dir='ltr'><strong>essentiam</strong></span> <span class='ocrx_word' id='word_1_673' title='bbox 1639 4350 1762 4390; x_wconf 88' lang='lat' dir='ltr'><strong>esse</strong></span> <span class='ocrx_word' id='word_1_674' title='bbox 1805 4335 1968 4390; x_wconf 87' lang='lat' dir='ltr'><strong>daret.</strong></span> 
     </span>
    </p>
   </div>
   <div class='ocr_carea' id='block_1_92' title="bbox 2069 4317 3680 4411">
    <p class='ocr_par' dir='ltr' id='par_1_92' title="bbox 2085 4336 3680 4411">
     <span class='ocr_line' id='line_1_93' title="bbox 2085 4336 3680 4411; baseline 0.004 -24"><span class='ocrx_word' id='word_1_675' title='bbox 2085 4336 2438 4407; x_wconf 75' lang='grc' dir='ltr'>ἀτελεύτητον</span> <span class='ocrx_word' id='word_1_676' title='bbox 2463 4378 2476 4401; x_wconf 90' lang='grc'><strong>,</strong></span> <span class='ocrx_word' id='word_1_677' title='bbox 2510 4338 2691 4391; x_wconf 75' lang='grc' dir='ltr'>οὐκέτι</span> <span class='ocrx_word' id='word_1_678' title='bbox 2723 4338 2811 4391; x_wconf 71' lang='grc' dir='ltr'><strong>διὰ</strong></span> <span class='ocrx_word' id='word_1_679' title='bbox 2847 4341 2942 4411; x_wconf 83' lang='grc' dir='ltr'><strong>τῆς</strong></span> <span class='ocrx_word' id='word_1_680' title='bbox 2974 4341 3185 4409; x_wconf 77' lang='grc' dir='ltr'>φύσεως</span> <span class='ocrx_word' id='word_1_681' title='bbox 3212 4342 3680 4409; x_wconf 78' lang='grc' dir='ltr'>ὲπεκτείνουσαν,</span> 
     </span>
    </p>
   </div>
   <div class='ocr_carea' id='block_1_93' title="bbox 406 4425 1981 4496">
    <p class='ocr_par' dir='ltr' id='par_1_93' title="bbox 406 4425 1981 4496">
     <span class='ocr_line' id='line_1_94' title="bbox 406 4425 1981 4496; baseline -0.003 -12"><span class='ocrx_word' id='word_1_682' title='bbox 406 4442 473 4484; x_wconf 85' lang='lat' dir='ltr'><strong>ex</strong></span> <span class='ocrx_word' id='word_1_683' title='bbox 523 4426 749 4481; x_wconf 82' lang='lat' dir='ltr'><strong>dimidia</strong></span> <span class='ocrx_word' id='word_1_684' title='bbox 786 4433 941 4496; x_wconf 88' lang='lat' dir='ltr'><strong>parte</strong></span> <span class='ocrx_word' id='word_1_685' title='bbox 970 4426 1054 4480; x_wconf 91' lang='lat' dir='ltr'><strong>sui</strong></span> <span class='ocrx_word' id='word_1_686' title='bbox 1097 4425 1270 4494; x_wconf 89' lang='lat' dir='ltr'><strong>ipsius</strong></span> <span class='ocrx_word' id='word_1_687' title='bbox 1330 4427 1493 4479; x_wconf 81' lang='lat' dir='ltr'><strong>vitam</strong></span> <span class='ocrx_word' id='word_1_688' title='bbox 1548 4426 1647 4479; x_wconf 90' lang='lat' dir='ltr'><strong>soli</strong></span> <span class='ocrx_word' id='word_1_689' title='bbox 1712 4426 1981 4495; x_wconf 89' lang='lat' dir='ltr'><strong>principio</strong></span> 
     </span>
    </p>
   </div>
   <div class='ocr_carea' id='block_1_94' title="bbox 410 4518 1981 4590">
    <p class='ocr_par' dir='ltr' id='par_1_94' title="bbox 410 4518 1981 4590">
     <span class='ocr_line' id='line_1_95' title="bbox 410 4518 1981 4590; baseline -0.001 -15"><span class='ocrx_word' id='word_1_690' title='bbox 410 4521 625 4577; x_wconf 89' lang='lat' dir='ltr'><strong>carenti</strong></span> <span class='ocrx_word' id='word_1_691' title='bbox 657 4521 1048 4576; x_wconf 85' lang='lat' dir='ltr'><strong>subsistentem</strong></span> <span class='ocrx_word' id='word_1_692' title='bbox 1089 4527 1439 4590; x_wconf 87' lang='lat' dir='ltr'><strong>supponeret,</strong></span> <span class='ocrx_word' id='word_1_693' title='bbox 1475 4518 1541 4573; x_wconf 87' lang='lat' dir='ltr'><strong>ad</strong></span> <span class='ocrx_word' id='word_1_694' title='bbox 1589 4518 1640 4572; x_wconf 92' lang='lat' dir='ltr'><strong>id</strong></span> <span class='ocrx_word' id='word_1_695' title='bbox 1682 4534 1806 4573; x_wconf 77' lang='lat' dir='ltr'><strong>vero</strong></span> <span class='ocrx_word' id='word_1_696' title='bbox 1838 4518 1981 4588; x_wconf 86' lang='lat' dir='ltr'><strong>quod</strong></span> 
     </span>
    </p>
   </div>
   <div class='ocr_carea' id='block_1_95' title="bbox 413 4610 1984 4681">
    <p class='ocr_par' dir='ltr' id='par_1_95' title="bbox 413 4610 1984 4681">
     <span class='ocr_line' id='line_1_96' title="bbox 413 4610 1984 4681; baseline 0.001 -16"><span class='ocrx_word' id='word_1_697' title='bbox 413 4612 573 4666; x_wconf 82' lang='lat' dir='ltr'><strong>tinem</strong></span> <span class='ocrx_word' id='word_1_698' title='bbox 617 4625 724 4666; x_wconf 87' lang='lat' dir='ltr'><strong>non</strong></span> <span class='ocrx_word' id='word_1_699' title='bbox 779 4611 962 4676; x_wconf 85' lang='lat' dir='ltr'><strong>habet,</strong></span> <span class='ocrx_word' id='word_1_700' title='bbox 1018 4626 1126 4665; x_wconf 87' lang='lat' dir='ltr'><strong>non</strong></span> <span class='ocrx_word' id='word_1_701' title='bbox 1181 4610 1414 4680; x_wconf 87' lang='lat' dir='ltr'><strong>amplius</strong></span> <span class='ocrx_word' id='word_1_702' title='bbox 1468 4624 1566 4681; x_wconf 87' lang='lat' dir='ltr'><strong>per</strong></span> <span class='ocrx_word' id='word_1_703' title='bbox 1624 4617 1874 4664; x_wconf 89' lang='lat' dir='ltr'><strong>naturam</strong></span> <span class='ocrx_word' id='word_1_704' title='bbox 1925 4626 1984 4666; x_wconf 89' lang='lat' dir='ltr'><strong>se</strong></span> 
     </span>
    </p>
   </div>
   <div class='ocr_carea' id='block_1_96' title="bbox 411 4702 1985 4773">
    <p class='ocr_par' dir='ltr' id='par_1_96' title="bbox 411 4702 1985 4773">
     <span class='ocr_line' id='line_1_97' title="bbox 411 4702 1985 4773; baseline 0.001 -17"><span class='ocrx_word' id='word_1_705' title='bbox 411 4702 817 4767; x_wconf 59' lang='lat' dir='ltr'><strong>attendentem,</strong></span> <span class='ocrx_word' id='word_1_706' title='bbox 854 4703 1124 4773; x_wconf 78' lang='lat' dir='ltr'><strong>siquidem</strong></span> <span class='ocrx_word' id='word_1_707' title='bbox 1160 4710 1373 4768; x_wconf 85' lang='lat' dir='ltr'><strong>natura,</strong></span> <span class='ocrx_word' id='word_1_708' title='bbox 1429 4702 1652 4773; x_wconf 81' lang='lat' dir='ltr'><strong>ingeniti</strong></span> <span class='ocrx_word' id='word_1_709' title='bbox 1703 4703 1842 4757; x_wconf 85' lang='lat' dir='ltr'><strong>ratio</strong></span> <span class='ocrx_word' id='word_1_710' title='bbox 1885 4720 1985 4772; x_wconf 88' lang='lat' dir='ltr'><strong>pn-</strong></span> 
     </span>
    </p>
   </div>
   <div class='ocr_carea' id='block_1_97' title="bbox 415 4791 1984 4865">
    <p class='ocr_par' dir='ltr' id='par_1_97' title="bbox 415 4791 1984 4865">
     <span class='ocr_line' id='line_1_98' title="bbox 415 4791 1984 4865; baseline 0.002 -19"><span class='ocrx_word' id='word_1_711' title='bbox 415 4801 647 4859; x_wconf 65' lang='lat' dir='ltr'><strong>tnretur,</strong></span> <span class='ocrx_word' id='word_1_712' title='bbox 680 4791 839 4859; x_wconf 89' lang='lat' dir='ltr'><strong>Quod</strong></span> <span class='ocrx_word' id='word_1_713' title='bbox 867 4794 913 4849; x_wconf 87' lang='lat' dir='ltr'><strong>si</strong></span> <span class='ocrx_word' id='word_1_714' title='bbox 945 4802 1179 4862; x_wconf 87' lang='lat' dir='ltr'><strong>utraque</strong></span> <span class='ocrx_word' id='word_1_715' title='bbox 1205 4794 1476 4849; x_wconf 87' lang='lat' dir='ltr'><strong>essentias</strong></span> <span class='ocrx_word' id='word_1_716' title='bbox 1513 4808 1635 4849; x_wconf 89' lang='lat' dir='ltr'><strong>esse</strong></span> <span class='ocrx_word' id='word_1_717' title='bbox 1669 4794 1792 4863; x_wconf 90' lang='lat' dir='ltr'><strong>quis</strong></span> <span class='ocrx_word' id='word_1_718' title='bbox 1822 4810 1984 4865; x_wconf 87' lang='lat' dir='ltr'><strong>coge-</strong></span> 
     </span>
    </p>
   </div>
   <div class='ocr_carea' id='block_1_98' title="bbox 414 4883 1988 4950">
    <p class='ocr_par' dir='ltr' id='par_1_98' title="bbox 414 4883 1988 4950">
     <span class='ocr_line' id='line_1_99' title="bbox 414 4883 1988 4950; baseline 0 -12"><span class='ocrx_word' id='word_1_719' title='bbox 414 4891 519 4947; x_wconf 86' lang='lat' dir='ltr'><strong>tet,</strong></span> <span class='ocrx_word' id='word_1_720' title='bbox 543 4884 767 4938; x_wconf 86' lang='lat' dir='ltr'><strong>omnino</strong></span> <span class='ocrx_word' id='word_1_721' title='bbox 790 4884 1160 4939; x_wconf 86' lang='lat' dir='ltr'><strong>necessarium</strong></span> <span class='ocrx_word' id='word_1_722' title='bbox 1186 4893 1354 4950; x_wconf 87' lang='lat' dir='ltr'><strong>esset,</strong></span> <span class='ocrx_word' id='word_1_723' title='bbox 1404 4883 1702 4940; x_wconf 89' lang='lat' dir='ltr'><strong>secundum</strong></span> <span class='ocrx_word' id='word_1_724' title='bbox 1735 4883 1988 4938; x_wconf 87' lang='lat' dir='ltr'><strong>traditam</strong></span> 
     </span>
    </p>
   </div>
   <div class='ocr_carea' id='block_1_99' title="bbox 417 4972 1992 5056">
    <p class='ocr_par' dir='ltr' id='par_1_99' title="bbox 417 4972 1992 5056">
     <span class='ocr_line' id='line_1_100' title="bbox 417 4972 1992 5056; baseline 0.001 -30"><span class='ocrx_word' id='word_1_725' title='bbox 417 4972 488 5029; x_wconf 87' lang='lat' dir='ltr'><strong>ab</strong></span> <span class='ocrx_word' id='word_1_726' title='bbox 517 4973 786 5029; x_wconf 76' lang='lat' dir='ltr'><strong>Eunomia</strong></span> <span class='ocrx_word' id='word_1_727' title='bbox 812 4973 1210 5039; x_wconf 86' lang='lat' dir='ltr'><strong>deﬁnitionem,</strong></span> <span class='ocrx_word' id='word_1_728' title='bbox 1236 4982 1528 5056; x_wconf 76' lang='lat' dir='ltr'><strong>utrumque</strong></span> <span class='ocrx_word' id='word_1_729' title='bbox 1559 4990 1758 5028; x_wconf 89' lang='lat' dir='ltr'><strong>nomen</strong></span> <span class='ocrx_word' id='word_1_730' title='bbox 1795 4989 1992 5028; x_wconf 88' lang='lat' dir='ltr'><strong>secun-</strong></span> 
     </span>
    </p>
   </div>
   <div class='ocr_carea' id='block_1_100' title="bbox 306 5065 1992 5139">
    <p class='ocr_par' dir='ltr' id='par_1_100' title="bbox 306 5065 1992 5139">
     <span class='ocr_line' id='line_1_101' title="bbox 306 5065 1992 5139; baseline 0.001 -20"><span class='ocrx_word' id='word_1_731' title='bbox 306 5102 323 5119; x_wconf 55' lang='grc' dir='ltr'>κ</span> <span class='ocrx_word' id='word_1_732' title='bbox 417 5068 549 5121; x_wconf 84' lang='lat' dir='ltr'><strong>dum</strong></span> <span class='ocrx_word' id='word_1_733' title='bbox 606 5068 918 5139; x_wconf 86' lang='lat' dir='ltr'><strong>impositam</strong></span> <span class='ocrx_word' id='word_1_734' title='bbox 979 5066 1457 5138; x_wconf 85' lang='lat' dir='ltr'><strong>signiﬁcationem,</strong></span> <span class='ocrx_word' id='word_1_735' title='bbox 1513 5074 1569 5122; x_wconf 91' lang='lat' dir='ltr'><strong>et</strong></span> <span class='ocrx_word' id='word_1_736' title='bbox 1619 5065 1673 5119; x_wconf 91' lang='lat' dir='ltr'><strong>in</strong></span> <span class='ocrx_word' id='word_1_737' title='bbox 1740 5066 1992 5122; x_wconf 77' lang='lat' dir='ltr'><strong>essentia:</strong></span> 
     </span>
    </p>
   </div>
   <div class='ocr_carea' id='block_1_101' title="bbox 419 5157 1992 5230">
    <p class='ocr_par' dir='ltr' id='par_1_101' title="bbox 419 5157 1992 5230">
     <span class='ocr_line' id='line_1_102' title="bbox 419 5157 1992 5230; baseline 0.001 -19"><span class='ocrx_word' id='word_1_738' title='bbox 419 5159 635 5215; x_wconf 82' lang='lat' dir='ltr'><strong>ratione</strong></span> <span class='ocrx_word' id='word_1_739' title='bbox 659 5174 782 5216; x_wconf 85' lang='lat' dir='ltr'><strong>esse</strong></span> <span class='ocrx_word' id='word_1_740' title='bbox 805 5159 1031 5225; x_wconf 87' lang='lat' dir='ltr'><strong>habere,</strong></span> <span class='ocrx_word' id='word_1_741' title='bbox 1066 5165 1279 5215; x_wconf 87' lang='lat' dir='ltr'><strong>tantum</strong></span> <span class='ocrx_word' id='word_1_742' title='bbox 1316 5157 1449 5214; x_wconf 91' lang='lat' dir='ltr'><strong>illud</strong></span> <span class='ocrx_word' id='word_1_743' title='bbox 1486 5160 1778 5223; x_wconf 80' lang='lat' dir='ltr'><strong>exsistens,</strong></span> <span class='ocrx_word' id='word_1_744' title='bbox 1815 5175 1992 5230; x_wconf 89' lang='lat' dir='ltr'><strong>quan-</strong></span> 
     </span>
    </p>
   </div>
   <div class='ocr_carea' id='block_1_102' title="bbox 420 5248 1995 5323">
    <p class='ocr_par' dir='ltr' id='par_1_102' title="bbox 420 5248 1995 5323">
     <span class='ocr_line' id='line_1_103' title="bbox 420 5248 1995 5323; baseline 0.002 -20"><span class='ocrx_word' id='word_1_745' title='bbox 420 5258 538 5304; x_wconf 90' lang='lat' dir='ltr'><strong>tum</strong></span> <span class='ocrx_word' id='word_1_746' title='bbox 586 5251 951 5322; x_wconf 82' lang='lat' dir='ltr'><strong>signiﬁcantia</strong></span> <span class='ocrx_word' id='word_1_747' title='bbox 981 5248 1360 5323; x_wconf 84' lang='lat' dir='ltr'><strong>appellationis</strong></span> <span class='ocrx_word' id='word_1_748' title='bbox 1397 5250 1737 5306; x_wconf 83' lang='lat' dir='ltr'><strong>demonstrat</strong></span> <span class='ocrx_word' id='word_1_749' title='bbox 1773 5258 1867 5306; x_wconf 91' lang='lat' dir='ltr'><strong>:et</strong></span> <span class='ocrx_word' id='word_1_750' title='bbox 1915 5250 1995 5306; x_wconf 89' lang='lat' dir='ltr'><strong>sic</strong></span> 
     </span>
    </p>
   </div>
   <div class='ocr_carea' id='block_1_103' title="bbox 423 5340 1994 5413">
    <p class='ocr_par' dir='ltr' id='par_1_103' title="bbox 423 5340 1994 5413">
     <span class='ocr_line' id='line_1_104' title="bbox 423 5340 1994 5413; baseline 0 -18"><span class='ocrx_word' id='word_1_751' title='bbox 423 5340 604 5396; x_wconf 81' lang='lat' dir='ltr'><strong>valida</strong></span> <span class='ocrx_word' id='word_1_752' title='bbox 634 5342 726 5399; x_wconf 89' lang='lat' dir='ltr'><strong>ﬁet</strong></span> <span class='ocrx_word' id='word_1_753' title='bbox 758 5343 1012 5400; x_wconf 83' lang='lat' dir='ltr'><strong>Eunomii</strong></span> <span class='ocrx_word' id='word_1_754' title='bbox 1037 5343 1201 5408; x_wconf 89' lang='lat' dir='ltr'><strong>ratio,</strong></span> <span class='ocrx_word' id='word_1_755' title='bbox 1235 5343 1377 5413; x_wconf 39' lang='lat' dir='ltr'><strong>quia.</strong></span> <span class='ocrx_word' id='word_1_756' title='bbox 1407 5358 1584 5413; x_wconf 89' lang='lat' dir='ltr'><strong>neque</strong></span> <span class='ocrx_word' id='word_1_757' title='bbox 1614 5342 1757 5413; x_wconf 89' lang='lat' dir='ltr'><strong>quod</strong></span> <span class='ocrx_word' id='word_1_758' title='bbox 1798 5342 1994 5413; x_wconf 88' lang='lat' dir='ltr'><strong>princi-</strong></span> 
     </span>
    </p>
   </div>
   <div class='ocr_carea' id='block_1_104' title="bbox 425 5430 1994 5505">
    <p class='ocr_par' dir='ltr' id='par_1_104' title="bbox 425 5430 1994 5505">
     <span class='ocr_line' id='line_1_105' title="bbox 425 5430 1994 5505; baseline 0.001 -20"><span class='ocrx_word' id='word_1_759' title='bbox 425 5430 502 5502; x_wconf 85' lang='lat' dir='ltr'><strong>pii</strong></span> <span class='ocrx_word' id='word_1_760' title='bbox 548 5444 744 5501; x_wconf 78' lang='lat' dir='ltr'><strong>expers</strong></span> <span class='ocrx_word' id='word_1_761' title='bbox 787 5445 894 5498; x_wconf 85' lang='lat' dir='ltr'><strong>est,</strong></span> <span class='ocrx_word' id='word_1_762' title='bbox 942 5434 1107 5490; x_wconf 89' lang='lat' dir='ltr'><strong>habet</strong></span> <span class='ocrx_word' id='word_1_763' title='bbox 1158 5434 1211 5489; x_wconf 89' lang='lat' dir='ltr'><strong>id</strong></span> <span class='ocrx_word' id='word_1_764' title='bbox 1260 5432 1405 5505; x_wconf 86' lang='lat' dir='ltr'><strong>quod</strong></span> <span class='ocrx_word' id='word_1_765' title='bbox 1454 5432 1558 5487; x_wconf 82' lang='lat' dir='ltr'><strong>line</strong></span> <span class='ocrx_word' id='word_1_766' title='bbox 1599 5445 1769 5496; x_wconf 86' lang='lat' dir='ltr'><strong>caret,</strong></span> <span class='ocrx_word' id='word_1_767' title='bbox 1818 5449 1994 5504; x_wconf 88' lang='lat' dir='ltr'><strong>neque</strong></span> 
     </span>
    </p>
   </div>
   <div class='ocr_carea' id='block_1_105' title="bbox 425 5519 1994 5595">
    <p class='ocr_par' dir='ltr' id='par_1_105' title="bbox 425 5519 1994 5595">
     <span class='ocr_line' id='line_1_106' title="bbox 425 5519 1994 5595; baseline 0.001 -20"><span class='ocrx_word' id='word_1_768' title='bbox 425 5519 571 5594; x_wconf 82' lang='lat' dir='ltr'><strong>quod</strong></span> <span class='ocrx_word' id='word_1_769' title='bbox 624 5521 781 5577; x_wconf 82' lang='lat' dir='ltr'><strong>linem</strong></span> <span class='ocrx_word' id='word_1_770' title='bbox 826 5538 935 5578; x_wconf 84' lang='lat' dir='ltr'><strong>non</strong></span> <span class='ocrx_word' id='word_1_771' title='bbox 985 5524 1168 5588; x_wconf 85' lang='lat' dir='ltr'><strong>habet,</strong></span> <span class='ocrx_word' id='word_1_772' title='bbox 1216 5525 1522 5581; x_wconf 87' lang='lat' dir='ltr'><strong>contineret</strong></span> <span class='ocrx_word' id='word_1_773' title='bbox 1558 5524 1610 5579; x_wconf 90' lang='lat' dir='ltr'><strong>id</strong></span> <span class='ocrx_word' id='word_1_774' title='bbox 1663 5524 1808 5595; x_wconf 74' lang='lat' dir='ltr'><strong>qum]</strong></span> <span class='ocrx_word' id='word_1_775' title='bbox 1848 5527 1994 5594; x_wconf 90' lang='lat' dir='ltr'><strong>prin-</strong></span> 
     </span>
    </p>
   </div>
   <div class='ocr_carea' id='block_1_106' title="bbox 2088 4427 3682 4505">
    <p class='ocr_par' dir='ltr' id='par_1_106' title="bbox 2088 4427 3682 4505">
     <span class='ocr_line' id='line_1_107' title="bbox 2088 4427 3682 4505; baseline 0.004 -27"><span class='ocrx_word' id='word_1_776' title='bbox 2088 4427 2246 4499; x_wconf 74' lang='grc' dir='ltr'>εἴπερ</span> <span class='ocrx_word' id='word_1_777' title='bbox 2280 4427 2438 4496; x_wconf 83' lang='grc' dir='ltr'>φύσις</span> <span class='ocrx_word' id='word_1_778' title='bbox 2482 4430 2515 4498; x_wconf 81' lang='grc' dir='ltr'>ἡ</span> <span class='ocrx_word' id='word_1_779' title='bbox 2547 4431 2837 4499; x_wconf 85' lang='grc' dir='ltr'>ἀγεννησία</span> <span class='ocrx_word' id='word_1_780' title='bbox 2881 4431 3167 4500; x_wconf 72' lang='grc' dir='ltr'>νομίζοιτο.</span> <span class='ocrx_word' id='word_1_781' title='bbox 3203 4433 3263 4484; x_wconf 73' lang='lat' dir='ltr'><strong>Et</strong></span> <span class='ocrx_word' id='word_1_782' title='bbox 3294 4432 3348 4484; x_wconf 84' lang='grc' dir='ltr'>δὲ</span> <span class='ocrx_word' id='word_1_783' title='bbox 3378 4433 3682 4505; x_wconf 79' lang='grc' dir='ltr'>ἀμφότερά</span> 
     </span>
    </p>
   </div>
   <div class='ocr_carea' id='block_1_107' title="bbox 2087 4515 3680 4592">
    <p class='ocr_par' dir='ltr' id='par_1_107' title="bbox 2087 4515 3680 4592">
     <span class='ocr_line' id='line_1_108' title="bbox 2087 4515 3680 4592; baseline 0.006 -23"><span class='ocrx_word' id='word_1_784' title='bbox 2087 4534 2170 4580; x_wconf 89' lang='grc' dir='ltr'><strong>τις</strong></span> <span class='ocrx_word' id='word_1_785' title='bbox 2207 4518 2392 4571; x_wconf 79' lang='grc' dir='ltr'>οὐσίαν</span> <span class='ocrx_word' id='word_1_786' title='bbox 2438 4515 2576 4573; x_wconf 78' lang='grc' dir='ltr'>εἶναι</span> <span class='ocrx_word' id='word_1_787' title='bbox 2619 4519 2889 4592; x_wconf 71' lang='grc' dir='ltr'>βιάζοιτο,</span> <span class='ocrx_word' id='word_1_788' title='bbox 2930 4522 3150 4592; x_wconf 79' lang='grc' dir='ltr'>ἀνάγκη</span> <span class='ocrx_word' id='word_1_789' title='bbox 3196 4524 3343 4577; x_wconf 75' lang='grc' dir='ltr'>πᾶσα</span> <span class='ocrx_word' id='word_1_790' title='bbox 3388 4529 3529 4578; x_wconf 85' lang='grc' dir='ltr'>κατὰ</span> <span class='ocrx_word' id='word_1_791' title='bbox 3568 4527 3680 4581; x_wconf 72' lang='grc' dir='ltr'><strong>τὸν</strong></span> 
     </span>
    </p>
   </div>
   <div class='ocr_carea' id='block_1_108' title="bbox 2090 4609 3680 4688">
    <p class='ocr_par' dir='ltr' id='par_1_108' title="bbox 2090 4609 3680 4688">
     <span class='ocr_line' id='line_1_109' title="bbox 2090 4609 3680 4688; baseline 0.005 -26"><span class='ocrx_word' id='word_1_792' title='bbox 2090 4609 2420 4664; x_wconf 83' lang='grc' dir='ltr'>ἀποδοθέντα</span> <span class='ocrx_word' id='word_1_793' title='bbox 2448 4611 2539 4664; x_wconf 81' lang='grc' dir='ltr'>τοῦ</span> <span class='ocrx_word' id='word_1_794' title='bbox 2574 4613 2836 4683; x_wconf 78' lang='grc' dir='ltr'>Εὑνομίου</span> <span class='ocrx_word' id='word_1_795' title='bbox 2862 4613 3016 4683; x_wconf 89' lang='grc' dir='ltr'>λόγον</span> <span class='ocrx_word' id='word_1_796' title='bbox 3042 4614 3299 4688; x_wconf 72' lang='grc' dir='ltr'>ἑκάτερον</span> <span class='ocrx_word' id='word_1_797' title='bbox 3328 4615 3434 4668; x_wconf 83' lang='grc' dir='ltr'>τῶν</span> <span class='ocrx_word' id='word_1_798' title='bbox 3458 4617 3680 4686; x_wconf 80' lang='grc' dir='ltr'>ὀνομά-</span> 
     </span>
    </p>
   </div>
   <div class='ocr_carea' id='block_1_109' title="bbox 2090 4699 3675 4777">
    <p class='ocr_par' dir='ltr' id='par_1_109' title="bbox 2090 4699 3675 4777">
     <span class='ocr_line' id='line_1_110' title="bbox 2090 4699 3675 4777; baseline 0.006 -27"><span class='ocrx_word' id='word_1_799' title='bbox 2090 4714 2198 4752; x_wconf 87' lang='grc' dir='ltr'><strong>των</strong></span> <span class='ocrx_word' id='word_1_800' title='bbox 2219 4699 2361 4752; x_wconf 84' lang='grc' dir='ltr'><strong>κατά</strong></span> <span class='ocrx_word' id='word_1_801' title='bbox 2389 4700 2486 4771; x_wconf 81' lang='grc' dir='ltr'><strong>τὴν</strong></span> <span class='ocrx_word' id='word_1_802' title='bbox 2516 4703 2838 4775; x_wconf 85' lang='grc' dir='ltr'>ὲγκειμένην</span> <span class='ocrx_word' id='word_1_803' title='bbox 2866 4703 3101 4774; x_wconf 74' lang='grc' dir='ltr'>ἔμφασιν</span> <span class='ocrx_word' id='word_1_804' title='bbox 3129 4706 3223 4759; x_wconf 77' lang='grc' dir='ltr'>καὶ</span> <span class='ocrx_word' id='word_1_805' title='bbox 3251 4708 3310 4759; x_wconf 85' lang='grc' dir='ltr'>ὲν</span> <span class='ocrx_word' id='word_1_806' title='bbox 3337 4706 3411 4777; x_wconf 84' lang='grc' dir='ltr'>τῷ</span> <span class='ocrx_word' id='word_1_807' title='bbox 3437 4706 3537 4777; x_wconf 70' lang='grc' dir='ltr'><strong>τῆς</strong></span> <span class='ocrx_word' id='word_1_808' title='bbox 3565 4709 3675 4759; x_wconf 80' lang='grc' dir='ltr'>οὑ-</span> 
     </span>
    </p>
   </div>
   <div class='ocr_carea' id='block_1_110' title="bbox 2092 4789 3677 4870">
    <p class='ocr_par' dir='ltr' id='par_1_110' title="bbox 2092 4789 3677 4870">
     <span class='ocr_line' id='line_1_111' title="bbox 2092 4789 3677 4870; baseline 0.007 -28"><span class='ocrx_word' id='word_1_809' title='bbox 2092 4789 2212 4854; x_wconf 85' lang='grc' dir='ltr'>σίας</span> <span class='ocrx_word' id='word_1_810' title='bbox 2241 4792 2383 4864; x_wconf 79' lang='grc' dir='ltr'>λόγῳ</span> <span class='ocrx_word' id='word_1_811' title='bbox 2416 4794 2476 4845; x_wconf 80' lang='grc' dir='ltr'><strong>τὸ</strong></span> <span class='ocrx_word' id='word_1_812' title='bbox 2514 4790 2652 4847; x_wconf 74' lang='grc' dir='ltr'>εἶναι</span> <span class='ocrx_word' id='word_1_813' title='bbox 2698 4795 2840 4866; x_wconf 77' lang='grc' dir='ltr'>ἔχειν</span> <span class='ocrx_word' id='word_1_814' title='bbox 2862 4837 2877 4862; x_wconf 90' lang='grc'><strong>,</strong></span> <span class='ocrx_word' id='word_1_815' title='bbox 2914 4798 3164 4852; x_wconf 81' lang='grc' dir='ltr'>τοσοῦτον</span> <span class='ocrx_word' id='word_1_816' title='bbox 3204 4799 3443 4870; x_wconf 78' lang='grc' dir='ltr'>ὑπάρχον</span> <span class='ocrx_word' id='word_1_817' title='bbox 3476 4801 3677 4869; x_wconf 83' lang='grc' dir='ltr'>μόνον,</span> 
     </span>
    </p>
   </div>
   <div class='ocr_carea' id='block_1_111' title="bbox 2091 4880 3682 4959">
    <p class='ocr_par' dir='ltr' id='par_1_111' title="bbox 2091 4880 3682 4959">
     <span class='ocr_line' id='line_1_112' title="bbox 2091 4880 3682 4959; baseline 0.007 -27"><span class='ocrx_word' id='word_1_818' title='bbox 2091 4880 2215 4934; x_wconf 81' lang='grc' dir='ltr'>ὅσον</span> <span class='ocrx_word' id='word_1_819' title='bbox 2249 4885 2280 4953; x_wconf 81' lang='grc' dir='ltr'>ἡ</span> <span class='ocrx_word' id='word_1_820' title='bbox 2332 4884 2576 4954; x_wconf 86' lang='grc' dir='ltr'>σημασία</span> <span class='ocrx_word' id='word_1_821' title='bbox 2620 4889 2719 4954; x_wconf 82' lang='grc' dir='ltr'><strong>τῆς</strong></span> <span class='ocrx_word' id='word_1_822' title='bbox 2756 4889 3125 4959; x_wconf 85' lang='grc' dir='ltr'>προσηγορίας</span> <span class='ocrx_word' id='word_1_823' title='bbox 3168 4889 3524 4943; x_wconf 81' lang='grc' dir='ltr'>ἐνδείκνυται·</span> <span class='ocrx_word' id='word_1_824' title='bbox 3567 4891 3682 4943; x_wconf 79' lang='grc' dir='ltr'>καὶ</span> 
     </span>
    </p>
   </div>
   <div class='ocr_carea' id='block_1_112' title="bbox 2091 4975 3683 5052">
    <p class='ocr_par' dir='ltr' id='par_1_112' title="bbox 2091 4975 3683 5052">
     <span class='ocr_line' id='line_1_113' title="bbox 2091 4975 3683 5052; baseline 0.006 -24"><span class='ocrx_word' id='word_1_825' title='bbox 2091 4975 2263 5038; x_wconf 67' lang='grc' dir='ltr'>οὕτως</span> <span class='ocrx_word' id='word_1_826' title='bbox 2298 4977 2512 5047; x_wconf 76' lang='grc' dir='ltr'>ἰσχυρὸς</span> <span class='ocrx_word' id='word_1_827' title='bbox 2541 4980 2570 5032; x_wconf 87' lang='grc' dir='ltr'><strong>ό</strong></span> <span class='ocrx_word' id='word_1_828' title='bbox 2596 4977 2688 5031; x_wconf 78' lang='grc' dir='ltr'>τοῦ</span> <span class='ocrx_word' id='word_1_829' title='bbox 2724 4978 2984 5052; x_wconf 80' lang='grc' dir='ltr'>Εὑνομίου</span> <span class='ocrx_word' id='word_1_830' title='bbox 3017 4979 3171 5048; x_wconf 85' lang='grc' dir='ltr'>λόγος</span> <span class='ocrx_word' id='word_1_831' title='bbox 3200 4983 3506 5051; x_wconf 71' lang='grc' dir='ltr'>γενήσεται,</span> <span class='ocrx_word' id='word_1_832' title='bbox 3540 4980 3683 5037; x_wconf 69' lang='grc' dir='ltr'>οὔτε</span> 
     </span>
    </p>
   </div>
   <div class='ocr_carea' id='block_1_113' title="bbox 2092 5067 3686 5142">
    <p class='ocr_par' dir='ltr' id='par_1_113' title="bbox 2092 5067 3686 5142">
     <span class='ocr_line' id='line_1_114' title="bbox 2092 5067 3686 5142; baseline 0.004 -22"><span class='ocrx_word' id='word_1_833' title='bbox 2092 5067 2187 5120; x_wconf 78' lang='grc' dir='ltr'>τοῦ</span> <span class='ocrx_word' id='word_1_834' title='bbox 2215 5068 2448 5139; x_wconf 85' lang='grc' dir='ltr'>ἀνάρχου</span> <span class='ocrx_word' id='word_1_835' title='bbox 2474 5070 2533 5122; x_wconf 87' lang='grc' dir='ltr'><strong>τὸ</strong></span> <span class='ocrx_word' id='word_1_836' title='bbox 2560 5069 2908 5140; x_wconf 85' lang='grc' dir='ltr'>ἀτελεύτητον</span> <span class='ocrx_word' id='word_1_837' title='bbox 2938 5071 3167 5142; x_wconf 80' lang='grc' dir='ltr'>ἔχοντος,</span> <span class='ocrx_word' id='word_1_838' title='bbox 3190 5071 3311 5124; x_wconf 77' lang='grc' dir='ltr'>οὔτε</span> <span class='ocrx_word' id='word_1_839' title='bbox 3339 5071 3431 5125; x_wconf 79' lang='grc' dir='ltr'>τοῦ</span> <span class='ocrx_word' id='word_1_840' title='bbox 3453 5073 3686 5127; x_wconf 78' lang='grc' dir='ltr'>ἀτελευο</span> 
     </span>
    </p>
   </div>
   <div class='ocr_carea' id='block_1_114' title="bbox 2094 5156 3683 5232">
    <p class='ocr_par' dir='ltr' id='par_1_114' title="bbox 2094 5156 3683 5232">
     <span class='ocr_line' id='line_1_115' title="bbox 2094 5156 3683 5232; baseline 0.005 -24"><span class='ocrx_word' id='word_1_841' title='bbox 2094 5158 2257 5224; x_wconf 85' lang='grc' dir='ltr'>τήτου</span> <span class='ocrx_word' id='word_1_842' title='bbox 2288 5158 2350 5211; x_wconf 86' lang='grc' dir='ltr'><strong>τὸ</strong></span> <span class='ocrx_word' id='word_1_843' title='bbox 2377 5156 2631 5230; x_wconf 77' lang='grc' dir='ltr'>ἄναρχον.</span> <span class='ocrx_word' id='word_1_844' title='bbox 2669 5160 2884 5232; x_wconf 82' lang='grc' dir='ltr'>Ἐπειδὴ</span> <span class='ocrx_word' id='word_1_845' title='bbox 2912 5160 3052 5214; x_wconf 83' lang='grc' dir='ltr'>κατὰ</span> <span class='ocrx_word' id='word_1_846' title='bbox 3081 5160 3170 5215; x_wconf 81' lang='grc' dir='ltr'><strong>τὸν</strong></span> <span class='ocrx_word' id='word_1_847' title='bbox 3196 5161 3349 5229; x_wconf 88' lang='grc' dir='ltr'>λόγον</span> <span class='ocrx_word' id='word_1_848' title='bbox 3380 5162 3547 5215; x_wconf 79' lang='grc' dir='ltr'>αὐτοῦ</span> <span class='ocrx_word' id='word_1_849' title='bbox 3575 5162 3683 5216; x_wconf 67' lang='grc' dir='ltr'><strong>καὶ</strong></span> 
     </span>
    </p>
   </div>
   <div class='ocr_carea' id='block_1_115' title="bbox 2095 5249 3683 5324">
    <p class='ocr_par' dir='ltr' id='par_1_115' title="bbox 2095 5249 3683 5324">
     <span class='ocr_line' id='line_1_116' title="bbox 2095 5249 3683 5324; baseline 0.004 -22"><span class='ocrx_word' id='word_1_850' title='bbox 2095 5249 2253 5304; x_wconf 79' lang='grc' dir='ltr'>οὐσία</span> <span class='ocrx_word' id='word_1_851' title='bbox 2279 5250 2387 5303; x_wconf 84' lang='grc' dir='ltr'>τῶν</span> <span class='ocrx_word' id='word_1_852' title='bbox 2413 5251 2714 5323; x_wconf 84' lang='grc' dir='ltr'>εἰρημένων</span> <span class='ocrx_word' id='word_1_853' title='bbox 2738 5252 2882 5305; x_wconf 77' lang='grc' dir='ltr'>ἐστὶν</span> <span class='ocrx_word' id='word_1_854' title='bbox 2907 5252 3180 5324; x_wconf 82' lang='grc' dir='ltr'>ἑκάτερον,</span> <span class='ocrx_word' id='word_1_855' title='bbox 3212 5254 3305 5306; x_wconf 76' lang='grc' dir='ltr'><strong>καὶ</strong></span> <span class='ocrx_word' id='word_1_856' title='bbox 3329 5254 3577 5323; x_wconf 85' lang='grc' dir='ltr'>ἀμίκτως</span> <span class='ocrx_word' id='word_1_857' title='bbox 3601 5255 3683 5309; x_wconf 68' lang='grc' dir='ltr'>τὰ</span> 
     </span>
    </p>
   </div>
   <div class='ocr_carea' id='block_1_116' title="bbox 2095 5340 3682 5416">
    <p class='ocr_par' dir='ltr' id='par_1_116' title="bbox 2095 5340 3682 5416">
     <span class='ocr_line' id='line_1_117' title="bbox 2095 5340 3682 5416; baseline 0.001 -20"><span class='ocrx_word' id='word_1_858' title='bbox 2095 5341 2187 5396; x_wconf 85' lang='grc' dir='ltr'><strong>δύο</strong></span> <span class='ocrx_word' id='word_1_859' title='bbox 2201 5344 2317 5404; x_wconf 86' lang='grc' dir='ltr'>ταῖς</span> <span class='ocrx_word' id='word_1_860' title='bbox 2332 5343 2558 5405; x_wconf 78' lang='grc' dir='ltr'>ἐννοίαις</span> <span class='ocrx_word' id='word_1_861' title='bbox 2577 5341 2688 5413; x_wconf 76' lang='grc' dir='ltr'>ἔχει</span> <span class='ocrx_word' id='word_1_862' title='bbox 2701 5340 3063 5414; x_wconf 82' lang='grc' dir='ltr'>προσάλληλα,</span> <span class='ocrx_word' id='word_1_863' title='bbox 3082 5343 3174 5398; x_wconf 76' lang='grc' dir='ltr'><strong>καὶ</strong></span> <span class='ocrx_word' id='word_1_864' title='bbox 3190 5342 3314 5396; x_wconf 77' lang='grc' dir='ltr'>οὔτε</span> <span class='ocrx_word' id='word_1_865' title='bbox 3328 5345 3362 5415; x_wconf 78' lang='grc' dir='ltr'><strong>ἡ</strong></span> <span class='ocrx_word' id='word_1_866' title='bbox 3378 5344 3522 5416; x_wconf 77' lang='grc' dir='ltr'>ἀρχὴ</span> <span class='ocrx_word' id='word_1_867' title='bbox 3537 5346 3682 5414; x_wconf 75' lang='grc' dir='ltr'>πρὸς</span> 
     </span>
    </p>
   </div>
   <div class='ocr_carea' id='block_1_117' title="bbox 2096 5433 3680 5509">
    <p class='ocr_par' dir='ltr' id='par_1_117' title="bbox 2096 5433 3680 5509">
     <span class='ocr_line' id='line_1_118' title="bbox 2096 5433 3680 5509; baseline 0.003 -23"><span class='ocrx_word' id='word_1_868' title='bbox 2096 5435 2155 5487; x_wconf 86' lang='grc' dir='ltr'><strong>τὸ</strong></span> <span class='ocrx_word' id='word_1_869' title='bbox 2174 5433 2322 5497; x_wconf 83' lang='grc' dir='ltr'>τέλος</span> <span class='ocrx_word' id='word_1_870' title='bbox 2344 5434 2432 5487; x_wconf 72' lang='grc' dir='ltr'>τὸν</span> <span class='ocrx_word' id='word_1_871' title='bbox 2452 5435 2613 5488; x_wconf 76' lang='grc' dir='ltr'>αὑτὸν</span> <span class='ocrx_word' id='word_1_872' title='bbox 2637 5435 2747 5506; x_wconf 79' lang='grc' dir='ltr'>ἔχει</span> <span class='ocrx_word' id='word_1_873' title='bbox 2767 5435 2941 5504; x_wconf 81' lang='grc' dir='ltr'>λόγον,</span> <span class='ocrx_word' id='word_1_874' title='bbox 2977 5434 3098 5489; x_wconf 79' lang='grc' dir='ltr'>οὔτε</span> <span class='ocrx_word' id='word_1_875' title='bbox 3116 5436 3183 5489; x_wconf 78' lang='grc' dir='ltr'>τὰ</span> <span class='ocrx_word' id='word_1_876' title='bbox 3206 5437 3523 5509; x_wconf 78' lang='grc' dir='ltr'>ἀναιρετικά</span> <span class='ocrx_word' id='word_1_877' title='bbox 3548 5437 3680 5490; x_wconf 85' lang='grc' dir='ltr'>τού-</span> 
     </span>
    </p>
   </div>
   <div class='ocr_carea' id='block_1_118' title="bbox 2097 5526 3613 5601">
    <p class='ocr_par' dir='ltr' id='par_1_118' title="bbox 2097 5526 3613 5601">
     <span class='ocr_line' id='line_1_119' title="bbox 2097 5526 3613 5601; baseline 0.003 -24"><span class='ocrx_word' id='word_1_878' title='bbox 2097 5544 2202 5579; x_wconf 84' lang='grc' dir='ltr'><strong>των</strong></span> <span class='ocrx_word' id='word_1_879' title='bbox 2216 5526 2454 5597; x_wconf 71' lang='grc' dir='ltr'>ὀνόματα</span> <span class='ocrx_word' id='word_1_880' title='bbox 2470 5528 2809 5599; x_wconf 81' lang='grc' dir='ltr'>προσάλληλα</span> <span class='ocrx_word' id='word_1_881' title='bbox 2821 5531 2937 5591; x_wconf 87' lang='grc' dir='ltr'>ταῖς</span> <span class='ocrx_word' id='word_1_882' title='bbox 2949 5545 3017 5599; x_wconf 85' lang='grc' dir='ltr'><strong>ση</strong></span> <span class='ocrx_word' id='word_1_883' title='bbox 3024 5530 3245 5600; x_wconf 86' lang='grc' dir='ltr'>μασίαις</span> <span class='ocrx_word' id='word_1_884' title='bbox 3259 5530 3613 5601; x_wconf 81' lang='grc' dir='ltr'>συμφέρεται.</span> 
     </span>
    </p>
   </div>
   <div class='ocr_carea' id='block_1_119' title="bbox 426 5612 3683 5691">
    <p class='ocr_par' dir='ltr' id='par_1_119' title="bbox 426 5612 3683 5691">
     <span class='ocr_line' id='line_1_120' title="bbox 426 5612 3683 5691; baseline 0.001 -21"><span class='ocrx_word' id='word_1_885' title='bbox 426 5612 671 5688; x_wconf 77' lang='lat' dir='ltr'><strong>cipii-est</strong></span> <span class='ocrx_word' id='word_1_886' title='bbox 701 5626 916 5686; x_wconf 70' lang='lat' dir='ltr'><strong>expers.</strong></span> <span class='ocrx_word' id='word_1_887' title='bbox 942 5614 1212 5680; x_wconf 87' lang='lat' dir='ltr'><strong>Quoniam</strong></span> <span class='ocrx_word' id='word_1_888' title='bbox 1261 5616 1558 5674; x_wconf 88' lang='lat' dir='ltr'><strong>secundum</strong></span> <span class='ocrx_word' id='word_1_889' title='bbox 1583 5617 1702 5688; x_wconf 87' lang='lat' dir='ltr'><strong>ejus</strong></span> <span class='ocrx_word' id='word_1_890' title='bbox 1779 5617 2041 5674; x_wconf 87' lang='lat' dir='ltr'><strong>rationem</strong></span> <span class='ocrx_word' id='word_1_891' title='bbox 2078 5633 2264 5672; x_wconf 87' lang='lat' dir='ltr'><strong>eorum</strong></span> <span class='ocrx_word' id='word_1_892' title='bbox 2299 5635 2419 5688; x_wconf 77' lang='lat' dir='ltr'><strong>qua:</strong></span> <span class='ocrx_word' id='word_1_893' title='bbox 2448 5619 2593 5675; x_wconf 87' lang='lat' dir='ltr'><strong>dicta</strong></span> <span class='ocrx_word' id='word_1_894' title='bbox 2645 5631 2791 5687; x_wconf 87' lang='lat' dir='ltr'><strong>sunt,</strong></span> <span class='ocrx_word' id='word_1_895' title='bbox 2841 5629 3127 5691; x_wconf 86' lang='lat' dir='ltr'><strong>utrumque</strong></span> <span class='ocrx_word' id='word_1_896' title='bbox 3164 5631 3247 5678; x_wconf 90' lang='lat' dir='ltr'><strong>est</strong></span> <span class='ocrx_word' id='word_1_897' title='bbox 3316 5621 3574 5684; x_wconf 75' lang='lat' dir='ltr'><strong>essentia,</strong></span> <span class='ocrx_word' id='word_1_898' title='bbox 3617 5626 3683 5674; x_wconf 89' lang='lat' dir='ltr'><strong>ct</strong></span> 
     </span>
    </p>
   </div>
  </div>
