  <div class='ocr_page' id='page_1' title='image "/cluster/home/n/w/nwhite01/storage/ocr_20150623/45/hvd.32044073501876/562.png"; bbox 0 0 4010 6212; ppageno 0'>
   <div class='ocr_carea' id='block_1_1' title="bbox 284 321 423 380">
    <p class='ocr_par' dir='ltr' id='par_1_1' title="bbox 284 321 423 380">
     <span class='ocr_line' id='line_1_1' title="bbox 284 321 423 380; baseline 0.036 -5"><span class='ocrx_word' id='word_1_1' title='bbox 284 321 304 375; x_wconf 84' lang='grc' dir='ltr'><strong>Ι</strong></span> <span class='ocrx_word' id='word_1_2' title='bbox 314 322 423 380; x_wconf 77' lang='grc'><strong>08⁸)</strong></span> 
     </span>
    </p>
   </div>
   <div class='ocr_carea' id='block_1_2' title="bbox 1422 316 2467 384">
    <p class='ocr_par' dir='ltr' id='par_1_2' title="bbox 1422 316 2467 384">
     <span class='ocr_line' id='line_1_2' title="bbox 1422 316 2467 384; baseline 0.001 -10"><span class='ocrx_word' id='word_1_3' title='bbox 1422 318 1709 375; x_wconf 76' lang='lat' dir='ltr'><strong>CONTRA</strong></span> <span class='ocrx_word' id='word_1_4' title='bbox 1749 316 2137 384; x_wconf 77' lang='lat' dir='ltr'><strong>EUNOMIUM,</strong></span> <span class='ocrx_word' id='word_1_5' title='bbox 2179 316 2309 372; x_wconf 83' lang='lat' dir='ltr'><strong>LIB.</strong></span> <span class='ocrx_word' id='word_1_6' title='bbox 2351 317 2467 376; x_wconf 79' lang='lat' dir='ltr'><strong>XII.</strong></span> 
     </span>
    </p>
   </div>
   <div class='ocr_carea' id='block_1_3' title="bbox 3418 325 3553 384">
    <p class='ocr_par' dir='ltr' id='par_1_3' title="bbox 3418 325 3553 384">
     <span class='ocr_line' id='line_1_3' title="bbox 3418 325 3553 384; baseline 0.03 -3"><span class='ocrx_word' id='word_1_7' title='bbox 3418 325 3553 384; x_wconf 69' lang='lat'><strong>1090</strong></span> 
     </span>
    </p>
   </div>
   <div class='ocr_carea' id='block_1_4' title="bbox 277 421 3552 505">
    <p class='ocr_par' dir='ltr' id='par_1_4' title="bbox 277 421 3552 505">
     <span class='ocr_line' id='line_1_4' title="bbox 277 421 3552 505; baseline 0.003 -19"><span class='ocrx_word' id='word_1_8' title='bbox 277 436 391 490; x_wconf 84' lang='lat' dir='ltr'><strong>duo</strong></span> <span class='ocrx_word' id='word_1_9' title='bbox 451 433 564 488; x_wconf 66' lang='lat' dir='ltr'><strong>haec</strong></span> <span class='ocrx_word' id='word_1_10' title='bbox 631 431 776 488; x_wconf 87' lang='lat' dir='ltr'><strong>inter</strong></span> <span class='ocrx_word' id='word_1_11' title='bbox 843 448 903 487; x_wconf 83' lang='lat' dir='ltr'><strong>se</strong></span> <span class='ocrx_word' id='word_1_12' title='bbox 978 432 1184 486; x_wconf 85' lang='lat' dir='ltr'><strong>mutuis</strong></span> <span class='ocrx_word' id='word_1_13' title='bbox 1257 433 1572 490; x_wconf 76' lang='lat' dir='ltr'><strong>nationibus</strong></span> <span class='ocrx_word' id='word_1_14' title='bbox 1646 448 1778 489; x_wconf 77' lang='lat' dir='ltr'><strong>norr</strong></span> <span class='ocrx_word' id='word_1_15' title='bbox 1819 433 2254 504; x_wconf 76' lang='lat' dir='ltr'><strong>permiscentur,</strong></span> <span class='ocrx_word' id='word_1_16' title='bbox 2321 446 2500 501; x_wconf 84' lang='lat' dir='ltr'><strong>neque</strong></span> <span class='ocrx_word' id='word_1_17' title='bbox 2553 432 2882 505; x_wconf 82' lang='lat' dir='ltr'><strong>principium</strong></span> <span class='ocrx_word' id='word_1_18' title='bbox 2943 451 3069 491; x_wconf 91' lang='lat' dir='ltr'><strong>cum</strong></span> <span class='ocrx_word' id='word_1_19' title='bbox 3130 421 3238 496; x_wconf 77' lang='lat' dir='ltr'><strong>ﬁne</strong></span> <span class='ocrx_word' id='word_1_20' title='bbox 3305 439 3552 501; x_wconf 79' lang='lat' dir='ltr'><strong>eamdem</strong></span> 
     </span>
    </p>
   </div>
   <div class='ocr_carea' id='block_1_5' title="bbox 278 524 3554 612">
    <p class='ocr_par' dir='ltr' id='par_1_5' title="bbox 278 524 3554 612">
     <span class='ocr_line' id='line_1_5' title="bbox 278 524 3554 612; baseline 0.003 -35"><span class='ocrx_word' id='word_1_21' title='bbox 278 526 546 580; x_wconf 83' lang='lat' dir='ltr'><strong>rationem</strong></span> <span class='ocrx_word' id='word_1_22' title='bbox 610 525 795 593; x_wconf 88' lang='lat' dir='ltr'><strong>habet,</strong></span> <span class='ocrx_word' id='word_1_23' title='bbox 876 540 1055 596; x_wconf 60' lang='lat' dir='ltr'><strong>neque</strong></span> <span class='ocrx_word' id='word_1_24' title='bbox 1099 540 1220 597; x_wconf 68' lang='lat' dir='ltr'><strong>qua:</strong></span> <span class='ocrx_word' id='word_1_25' title='bbox 1282 526 1399 581; x_wconf 74' lang='lat' dir='ltr'><strong>lucc</strong></span> <span class='ocrx_word' id='word_1_26' title='bbox 1455 526 1566 581; x_wconf 88' lang='lat' dir='ltr'><strong>vim</strong></span> <span class='ocrx_word' id='word_1_27' title='bbox 1634 525 1918 581; x_wconf 89' lang='lat' dir='ltr'><strong>auferendi</strong></span> <span class='ocrx_word' id='word_1_28' title='bbox 1987 524 2192 579; x_wconf 79' lang='lat' dir='ltr'><strong>habent</strong></span> <span class='ocrx_word' id='word_1_29' title='bbox 2266 525 2509 591; x_wconf 87' lang='lat' dir='ltr'><strong>nomina,</strong></span> <span class='ocrx_word' id='word_1_30' title='bbox 2571 525 2715 581; x_wconf 87' lang='lat' dir='ltr'><strong>inter</strong></span> <span class='ocrx_word' id='word_1_31' title='bbox 2775 541 2836 583; x_wconf 89' lang='lat' dir='ltr'><strong>se</strong></span> <span class='ocrx_word' id='word_1_32' title='bbox 2896 526 3282 612; x_wconf 70' lang='lat' dir='ltr'><strong>signiﬁcantiis</strong></span> <span class='ocrx_word' id='word_1_33' title='bbox 3327 544 3554 604; x_wconf 87' lang='lat' dir='ltr'><strong>compo-</strong></span> 
     </span>
    </p>
   </div>
   <div class='ocr_carea' id='block_1_6' title="bbox 280 626 507 671">
    <p class='ocr_par' dir='ltr' id='par_1_6' title="bbox 280 626 507 671">
     <span class='ocr_line' id='line_1_6' title="bbox 280 626 507 671; baseline 0.009 -2"><span class='ocrx_word' id='word_1_34' title='bbox 280 626 507 671; x_wconf 87' lang='lat' dir='ltr'><strong>nuntur.</strong></span> 
     </span>
    </p>
   </div>
   <div class='ocr_carea' id='block_1_7' title="bbox 358 702 1877 779">
    <p class='ocr_par' dir='ltr' id='par_1_7' title="bbox 358 704 1866 778">
     <span class='ocr_line' id='line_1_7' title="bbox 358 704 1866 778; baseline 0.001 -21"><span class='ocrx_word' id='word_1_35' title='bbox 358 706 449 768; x_wconf 83' lang='grc' dir='ltr'>Ὠς</span> <span class='ocrx_word' id='word_1_36' title='bbox 490 705 533 758; x_wconf 76' lang='grc' dir='ltr'>δ’</span> <span class='ocrx_word' id='word_1_37' title='bbox 566 704 631 758; x_wconf 71' lang='grc' dir='ltr'><strong>ἂν</strong></span> <span class='ocrx_word' id='word_1_38' title='bbox 669 706 763 758; x_wconf 74' lang='grc' dir='ltr'><strong>καὶ</strong></span> <span class='ocrx_word' id='word_1_39' title='bbox 807 704 971 768; x_wconf 75' lang='grc' dir='ltr'>αὐτὸς</span> <span class='ocrx_word' id='word_1_40' title='bbox 1003 705 1250 777; x_wconf 80' lang='grc' dir='ltr'>ἐπιγνοίη</span> <span class='ocrx_word' id='word_1_41' title='bbox 1281 705 1373 758; x_wconf 81' lang='grc' dir='ltr'><strong>τὸν</strong></span> <span class='ocrx_word' id='word_1_42' title='bbox 1406 704 1536 759; x_wconf 74' lang='grc' dir='ltr'>ἴδιον</span> <span class='ocrx_word' id='word_1_43' title='bbox 1569 704 1752 778; x_wconf 81' lang='grc' dir='ltr'>λῆρον,</span> <span class='ocrx_word' id='word_1_44' title='bbox 1802 707 1866 759; x_wconf 83' lang='grc' dir='ltr'><strong>ὲκ</strong></span> 
     </span>
    </p>
   </div>
   <div class='ocr_carea' id='block_1_8' title="bbox 1981 702 3552 779">
    <p class='ocr_par' dir='ltr' id='par_1_8' title="bbox 2041 702 3552 779">
     <span class='ocr_line' id='line_1_8' title="bbox 2041 702 3552 779; baseline 0.007 -21"><span class='ocrx_word' id='word_1_45' title='bbox 2041 702 2114 759; x_wconf 88' lang='lat' dir='ltr'><strong>Ut</strong></span> <span class='ocrx_word' id='word_1_46' title='bbox 2149 713 2331 760; x_wconf 87' lang='lat' dir='ltr'><strong>autem</strong></span> <span class='ocrx_word' id='word_1_47' title='bbox 2387 719 2518 762; x_wconf 87' lang='lat' dir='ltr'><strong>suas</strong></span> <span class='ocrx_word' id='word_1_48' title='bbox 2572 706 2690 777; x_wconf 90' lang='lat' dir='ltr'><strong>ipse</strong></span> <span class='ocrx_word' id='word_1_49' title='bbox 2736 722 2908 778; x_wconf 84' lang='lat' dir='ltr'><strong>nugas</strong></span> <span class='ocrx_word' id='word_1_50' title='bbox 2954 716 3237 779; x_wconf 78' lang='lat' dir='ltr'><strong>agnoscat,</strong></span> <span class='ocrx_word' id='word_1_51' title='bbox 3280 726 3347 767; x_wconf 82' lang='lat' dir='ltr'><strong>ex</strong></span> <span class='ocrx_word' id='word_1_52' title='bbox 3403 712 3552 769; x_wconf 90' lang='lat' dir='ltr'><strong>illius</strong></span> 
     </span>
    </p>
   </div>
   <div class='ocr_carea' id='block_1_9' title="bbox 274 794 1863 867">
    <p class='ocr_par' dir='ltr' id='par_1_9' title="bbox 274 794 1863 867">
     <span class='ocr_line' id='line_1_9' title="bbox 274 794 1863 867; baseline -0.001 -18"><span class='ocrx_word' id='word_1_53' title='bbox 274 795 385 849; x_wconf 80' lang='grc' dir='ltr'>τῶν</span> <span class='ocrx_word' id='word_1_54' title='bbox 422 795 554 867; x_wconf 85' lang='grc' dir='ltr'>παρ’</span> <span class='ocrx_word' id='word_1_55' title='bbox 598 794 806 849; x_wconf 76' lang='grc' dir='ltr'>ἐκείνου</span> <span class='ocrx_word' id='word_1_56' title='bbox 843 795 1114 867; x_wconf 78' lang='grc' dir='ltr'><strong>ῥηθέντων</strong></span> <span class='ocrx_word' id='word_1_57' title='bbox 1158 795 1311 848; x_wconf 85' lang='grc' dir='ltr'>έσται</span> <span class='ocrx_word' id='word_1_58' title='bbox 1354 797 1382 850; x_wconf 95' lang='lat'><strong>6</strong></span> <span class='ocrx_word' id='word_1_59' title='bbox 1430 795 1667 867; x_wconf 74' lang='grc' dir='ltr'>ἐλεγχος.</span> <span class='ocrx_word' id='word_1_60' title='bbox 1703 796 1863 864; x_wconf 82' lang='grc' dir='ltr'><strong>Λέγει</strong></span> 
     </span>
    </p>
   </div>
   <div class='ocr_carea' id='block_1_10' title="bbox 278 885 1866 959">
    <p class='ocr_par' dir='ltr' id='par_1_10' title="bbox 278 885 1866 959">
     <span class='ocr_line' id='line_1_10' title="bbox 278 885 1866 959; baseline 0.002 -19"><span class='ocrx_word' id='word_1_61' title='bbox 278 887 390 955; x_wconf 76' lang='grc' dir='ltr'>γὰρ</span> <span class='ocrx_word' id='word_1_62' title='bbox 422 890 533 950; x_wconf 81' lang='grc' dir='ltr'>τοῖς</span> <span class='ocrx_word' id='word_1_63' title='bbox 570 887 861 959; x_wconf 78' lang='grc' dir='ltr'><strong>ἡμετέροις</strong></span> <span class='ocrx_word' id='word_1_64' title='bbox 898 886 1221 957; x_wconf 86' lang='grc' dir='ltr'>μαχόμενος,</span> <span class='ocrx_word' id='word_1_65' title='bbox 1260 887 1340 939; x_wconf 83' lang='grc' dir='ltr'><strong>ὅτι</strong></span> <span class='ocrx_word' id='word_1_66' title='bbox 1372 887 1401 938; x_wconf 97' lang='lat'><strong>6</strong></span> <span class='ocrx_word' id='word_1_67' title='bbox 1432 885 1565 950; x_wconf 67' lang='grc' dir='ltr'>Θεὸς</span> <span class='ocrx_word' id='word_1_68' title='bbox 1597 889 1689 941; x_wconf 77' lang='grc' dir='ltr'><strong>καὶ</strong></span> <span class='ocrx_word' id='word_1_69' title='bbox 1724 886 1866 944; x_wconf 87' lang='grc' dir='ltr'><strong>κατά</strong></span> 
     </span>
    </p>
   </div>
   <div class='ocr_carea' id='block_1_11' title="bbox 280 976 1864 1048">
    <p class='ocr_par' dir='ltr' id='par_1_11' title="bbox 280 976 1864 1048">
     <span class='ocr_line' id='line_1_11' title="bbox 280 976 1864 1048; baseline 0.002 -20"><span class='ocrx_word' id='word_1_70' title='bbox 280 976 339 1028; x_wconf 71' lang='grc' dir='ltr'><strong>τδ</strong></span> <span class='ocrx_word' id='word_1_71' title='bbox 370 976 725 1048; x_wconf 85' lang='grc' dir='ltr'>ἀτελεύτητόν</span> <span class='ocrx_word' id='word_1_72' title='bbox 759 980 905 1030; x_wconf 79' lang='grc' dir='ltr'>ἐστιν</span> <span class='ocrx_word' id='word_1_73' title='bbox 935 976 1228 1047; x_wconf 87' lang='grc' dir='ltr'>ἀγέννητος</span> <span class='ocrx_word' id='word_1_74' title='bbox 1251 1016 1265 1041; x_wconf 93' lang='grc'><strong>,</strong></span> <span class='ocrx_word' id='word_1_75' title='bbox 1302 977 1395 1030; x_wconf 74' lang='grc' dir='ltr'><strong>καὶ</strong></span> <span class='ocrx_word' id='word_1_76' title='bbox 1433 976 1573 1031; x_wconf 83' lang='grc' dir='ltr'>κατὰ</span> <span class='ocrx_word' id='word_1_77' title='bbox 1610 978 1669 1030; x_wconf 85' lang='grc' dir='ltr'>τὺ</span> <span class='ocrx_word' id='word_1_78' title='bbox 1701 978 1864 1045; x_wconf 83' lang='grc' dir='ltr'>ἀγέν-</span> 
     </span>
    </p>
   </div>
   <div class='ocr_carea' id='block_1_12' title="bbox 278 1068 1866 1141">
    <p class='ocr_par' dir='ltr' id='par_1_12' title="bbox 278 1068 1866 1141">
     <span class='ocr_line' id='line_1_12' title="bbox 278 1068 1866 1141; baseline 0.002 -21"><span class='ocrx_word' id='word_1_79' title='bbox 278 1085 443 1138; x_wconf 84' lang='grc' dir='ltr'>νητον</span> <span class='ocrx_word' id='word_1_80' title='bbox 470 1069 842 1140; x_wconf 80' lang='grc' dir='ltr'>ἁτελεύτητος,</span> <span class='ocrx_word' id='word_1_81' title='bbox 876 1068 951 1132; x_wconf 86' lang='grc' dir='ltr'>ὼς</span> <span class='ocrx_word' id='word_1_82' title='bbox 984 1071 1111 1139; x_wconf 82' lang='grc' dir='ltr'>μιᾶς</span> <span class='ocrx_word' id='word_1_83' title='bbox 1138 1069 1245 1122; x_wconf 85' lang='grc' dir='ltr'><strong>τῶν</strong></span> <span class='ocrx_word' id='word_1_84' title='bbox 1274 1070 1552 1141; x_wconf 81' lang='grc' dir='ltr'><strong>ὀνομάτων</strong></span> <span class='ocrx_word' id='word_1_85' title='bbox 1585 1071 1643 1124; x_wconf 86' lang='grc' dir='ltr'><strong>ἐν</strong></span> <span class='ocrx_word' id='word_1_86' title='bbox 1673 1070 1866 1124; x_wconf 76' lang='grc' dir='ltr'>ἐκατέ-</span> 
     </span>
    </p>
   </div>
   <div class='ocr_carea' id='block_1_13' title="bbox 285 1158 1868 1231">
    <p class='ocr_par' dir='ltr' id='par_1_13' title="bbox 285 1158 1868 1231">
     <span class='ocr_line' id='line_1_13' title="bbox 285 1158 1868 1231; baseline 0.002 -20"><span class='ocrx_word' id='word_1_87' title='bbox 285 1176 400 1230; x_wconf 83' lang='grc' dir='ltr'>ροις</span> <span class='ocrx_word' id='word_1_88' title='bbox 427 1158 595 1231; x_wconf 71' lang='grc' dir='ltr'>οὔσης</span> <span class='ocrx_word' id='word_1_89' title='bbox 627 1161 937 1230; x_wconf 67' lang='grc' dir='ltr'>ἐμφάσεως.</span> <span class='ocrx_word' id='word_1_90' title='bbox 980 1161 1043 1213; x_wconf 83' lang='grc' dir='ltr'>Εἰ</span> <span class='ocrx_word' id='word_1_91' title='bbox 1071 1161 1247 1214; x_wconf 81' lang='grc' dir='ltr'>τοίνυν</span> <span class='ocrx_word' id='word_1_92' title='bbox 1274 1162 1367 1215; x_wconf 68' lang='grc' dir='ltr'><strong>καὶ</strong></span> <span class='ocrx_word' id='word_1_93' title='bbox 1397 1162 1537 1216; x_wconf 83' lang='grc' dir='ltr'>κατὰ</span> <span class='ocrx_word' id='word_1_94' title='bbox 1564 1162 1625 1215; x_wconf 82' lang='grc' dir='ltr'><strong>τὸ</strong></span> <span class='ocrx_word' id='word_1_95' title='bbox 1649 1162 1868 1215; x_wconf 90' lang='grc' dir='ltr'>ἀτελεύ-</span> 
     </span>
    </p>
   </div>
   <div class='ocr_carea' id='block_1_14' title="bbox 283 1251 1867 1325">
    <p class='ocr_par' dir='ltr' id='par_1_14' title="bbox 283 1251 1867 1325">
     <span class='ocr_line' id='line_1_14' title="bbox 283 1251 1867 1325; baseline 0.003 -22"><span class='ocrx_word' id='word_1_96' title='bbox 283 1252 447 1321; x_wconf 84' lang='grc' dir='ltr'>τητόν</span> <span class='ocrx_word' id='word_1_97' title='bbox 485 1253 629 1305; x_wconf 74' lang='grc' dir='ltr'>ἐστιν</span> <span class='ocrx_word' id='word_1_98' title='bbox 657 1251 966 1321; x_wconf 81' lang='grc' dir='ltr'>ἀγέννητος,</span> <span class='ocrx_word' id='word_1_99' title='bbox 996 1254 1091 1305; x_wconf 69' lang='grc' dir='ltr'><strong>καὶ</strong></span> <span class='ocrx_word' id='word_1_100' title='bbox 1129 1254 1321 1307; x_wconf 78' lang='grc' dir='ltr'>ταύτόν</span> <span class='ocrx_word' id='word_1_101' title='bbox 1360 1256 1475 1307; x_wconf 76' lang='grc' dir='ltr'>ἐστι</span> <span class='ocrx_word' id='word_1_102' title='bbox 1502 1254 1645 1308; x_wconf 84' lang='grc' dir='ltr'><strong>κατά</strong></span> <span class='ocrx_word' id='word_1_103' title='bbox 1672 1256 1731 1308; x_wconf 76' lang='grc' dir='ltr'><strong>τὸ</strong></span> <span class='ocrx_word' id='word_1_104' title='bbox 1767 1272 1867 1325; x_wconf 89' lang='grc' dir='ltr'>ση-</span> 
     </span>
    </p>
   </div>
   <div class='ocr_carea' id='block_1_15' title="bbox 287 1341 1869 1416">
    <p class='ocr_par' dir='ltr' id='par_1_15' title="bbox 287 1341 1869 1416">
     <span class='ocr_line' id='line_1_15' title="bbox 287 1341 1869 1416; baseline 0.003 -21"><span class='ocrx_word' id='word_1_105' title='bbox 287 1342 611 1414; x_wconf 83' lang='grc' dir='ltr'>μαινόμενον</span> <span class='ocrx_word' id='word_1_106' title='bbox 638 1341 699 1395; x_wconf 85' lang='grc' dir='ltr'><strong>τδ</strong></span> <span class='ocrx_word' id='word_1_107' title='bbox 721 1342 1071 1414; x_wconf 87' lang='grc' dir='ltr'>ἀτελεύτητόν</span> <span class='ocrx_word' id='word_1_108' title='bbox 1097 1362 1155 1397; x_wconf 87' lang='grc' dir='ltr'><strong>τε</strong></span> <span class='ocrx_word' id='word_1_109' title='bbox 1185 1347 1277 1399; x_wconf 72' lang='grc' dir='ltr'><strong>καὶ</strong></span> <span class='ocrx_word' id='word_1_110' title='bbox 1306 1345 1616 1416; x_wconf 83' lang='grc' dir='ltr'>ἀγέννητον,</span> <span class='ocrx_word' id='word_1_111' title='bbox 1649 1346 1869 1400; x_wconf 65' lang='grc' dir='ltr'>ἀτελεύς</span> 
     </span>
    </p>
   </div>
   <div class='ocr_carea' id='block_1_16' title="bbox 283 1431 1869 1508">
    <p class='ocr_par' dir='ltr' id='par_1_16' title="bbox 283 1431 1869 1508">
     <span class='ocr_line' id='line_1_16' title="bbox 283 1431 1869 1508; baseline 0.004 -23"><span class='ocrx_word' id='word_1_112' title='bbox 283 1450 447 1504; x_wconf 89' lang='grc' dir='ltr'>τητον</span> <span class='ocrx_word' id='word_1_113' title='bbox 477 1433 532 1486; x_wconf 84' lang='grc' dir='ltr'>δὲ</span> <span class='ocrx_word' id='word_1_114' title='bbox 562 1434 657 1486; x_wconf 53' lang='grc' dir='ltr'><strong>καὶ⁸</strong></span> <span class='ocrx_word' id='word_1_115' title='bbox 684 1433 776 1486; x_wconf 84' lang='grc' dir='ltr'><strong>τὸν</strong></span> <span class='ocrx_word' id='word_1_116' title='bbox 805 1434 931 1487; x_wconf 78' lang='grc' dir='ltr'>Υίὸν</span> <span class='ocrx_word' id='word_1_117' title='bbox 960 1431 1097 1489; x_wconf 77' lang='grc' dir='ltr'>εἶναι</span> <span class='ocrx_word' id='word_1_118' title='bbox 1133 1435 1455 1503; x_wconf 75' lang='grc' dir='ltr'><strong>συντίθεται,</strong></span> <span class='ocrx_word' id='word_1_119' title='bbox 1487 1438 1781 1508; x_wconf 78' lang='grc' dir='ltr'>ἀγέννητον</span> <span class='ocrx_word' id='word_1_120' title='bbox 1806 1439 1869 1492; x_wconf 75' lang='grc' dir='ltr'>ἐκ</span> 
     </span>
    </p>
   </div>
   <div class='ocr_carea' id='block_1_17' title="bbox 284 1524 1869 1602">
    <p class='ocr_par' dir='ltr' id='par_1_17' title="bbox 284 1524 1869 1602">
     <span class='ocr_line' id='line_1_17' title="bbox 284 1524 1869 1602; baseline 0.003 -23"><span class='ocrx_word' id='word_1_121' title='bbox 284 1524 387 1594; x_wconf 82' lang='grc' dir='ltr'>τῆς</span> <span class='ocrx_word' id='word_1_122' title='bbox 429 1525 747 1589; x_wconf 76' lang='grc' dir='ltr'><strong>ἀκολουθίας</strong></span> <span class='ocrx_word' id='word_1_123' title='bbox 786 1526 989 1597; x_wconf 82' lang='grc' dir='ltr'>ταύτης</span> <span class='ocrx_word' id='word_1_124' title='bbox 1032 1529 1125 1581; x_wconf 75' lang='grc' dir='ltr'><strong>καὶ</strong></span> <span class='ocrx_word' id='word_1_125' title='bbox 1166 1525 1258 1582; x_wconf 77' lang='grc' dir='ltr'><strong>τὸν</strong></span> <span class='ocrx_word' id='word_1_126' title='bbox 1305 1529 1433 1582; x_wconf 81' lang='grc' dir='ltr'>Υἱὺν</span> <span class='ocrx_word' id='word_1_127' title='bbox 1475 1531 1594 1583; x_wconf 78' lang='grc' dir='ltr'>κατ’</span> <span class='ocrx_word' id='word_1_128' title='bbox 1627 1530 1869 1602; x_wconf 86' lang='grc' dir='ltr'>ἀνάγκην</span> 
     </span>
    </p>
   </div>
   <div class='ocr_carea' id='block_1_18' title="bbox 286 1615 1870 1694">
    <p class='ocr_par' dir='ltr' id='par_1_18' title="bbox 286 1615 1870 1694">
     <span class='ocr_line' id='line_1_18' title="bbox 286 1615 1870 1694; baseline 0.004 -26"><span class='ocrx_word' id='word_1_129' title='bbox 286 1615 631 1686; x_wconf 81' lang='grc' dir='ltr'>συνθήσεται,</span> <span class='ocrx_word' id='word_1_130' title='bbox 672 1618 829 1690; x_wconf 76' lang='grc' dir='ltr'>εἴπερ</span> <span class='ocrx_word' id='word_1_131' title='bbox 870 1620 1064 1675; x_wconf 81' lang='grc' dir='ltr'>ταύτόν</span> <span class='ocrx_word' id='word_1_132' title='bbox 1110 1622 1246 1686; x_wconf 77' lang='grc' dir='ltr'>ἐστι,</span> <span class='ocrx_word' id='word_1_133' title='bbox 1293 1620 1477 1685; x_wconf 82' lang='grc' dir='ltr'>καθὼς</span> <span class='ocrx_word' id='word_1_134' title='bbox 1532 1621 1740 1694; x_wconf 83' lang='grc' dir='ltr'>είρηκε,</span> <span class='ocrx_word' id='word_1_135' title='bbox 1792 1623 1870 1694; x_wconf 83' lang='grc' dir='ltr'>τῷ</span> 
     </span>
    </p>
   </div>
   <div class='ocr_carea' id='block_1_19' title="bbox 286 1706 1872 1782">
    <p class='ocr_par' dir='ltr' id='par_1_19' title="bbox 286 1706 1872 1782">
     <span class='ocr_line' id='line_1_19' title="bbox 286 1706 1872 1782; baseline 0.002 -22"><span class='ocrx_word' id='word_1_136' title='bbox 286 1706 509 1778; x_wconf 78' lang='grc' dir='ltr'>ἀνάρχῳ</span> <span class='ocrx_word' id='word_1_137' title='bbox 530 1706 591 1760; x_wconf 76' lang='grc' dir='ltr'>τὸ</span> <span class='ocrx_word' id='word_1_138' title='bbox 611 1708 981 1780; x_wconf 83' lang='grc' dir='ltr'>ἀτελεύτητον.</span> <span class='ocrx_word' id='word_1_139' title='bbox 1029 1709 1114 1773; x_wconf 80' lang='grc' dir='ltr'>Ὠς</span> <span class='ocrx_word' id='word_1_140' title='bbox 1138 1711 1245 1782; x_wconf 75' lang='grc' dir='ltr'><strong>γὰρ</strong></span> <span class='ocrx_word' id='word_1_141' title='bbox 1266 1712 1322 1763; x_wconf 87' lang='grc' dir='ltr'>ὲν</span> <span class='ocrx_word' id='word_1_142' title='bbox 1350 1710 1427 1781; x_wconf 86' lang='grc' dir='ltr'><strong>τῷ</strong></span> <span class='ocrx_word' id='word_1_143' title='bbox 1447 1710 1726 1781; x_wconf 79' lang='grc' dir='ltr'>ἀγεννήτῳ</span> <span class='ocrx_word' id='word_1_144' title='bbox 1747 1709 1872 1781; x_wconf 78' lang='grc' dir='ltr'>βλέ-</span> 
     </span>
    </p>
   </div>
   <div class='ocr_carea' id='block_1_20' title="bbox 287 1801 1873 1875">
    <p class='ocr_par' dir='ltr' id='par_1_20' title="bbox 287 1801 1873 1875">
     <span class='ocr_line' id='line_1_20' title="bbox 287 1801 1873 1875; baseline 0.003 -21"><span class='ocrx_word' id='word_1_145' title='bbox 287 1818 382 1855; x_wconf 85' lang='grc' dir='ltr'><strong>πει</strong></span> <span class='ocrx_word' id='word_1_146' title='bbox 420 1801 481 1855; x_wconf 87' lang='grc' dir='ltr'>τὺ</span> <span class='ocrx_word' id='word_1_147' title='bbox 513 1802 889 1874; x_wconf 80' lang='grc' dir='ltr'>ἀτελεύτητον,</span> <span class='ocrx_word' id='word_1_148' title='bbox 929 1803 1099 1867; x_wconf 79' lang='grc' dir='ltr'>οὕτως</span> <span class='ocrx_word' id='word_1_149' title='bbox 1144 1803 1397 1875; x_wconf 77' lang='grc' dir='ltr'>ὁμολογεῖ</span> <span class='ocrx_word' id='word_1_150' title='bbox 1435 1804 1746 1874; x_wconf 78' lang='grc' dir='ltr'>νενοηκέναι</span> <span class='ocrx_word' id='word_1_151' title='bbox 1781 1805 1873 1858; x_wconf 73' lang='grc' dir='ltr'><strong>καὶ</strong></span> 
     </span>
    </p>
   </div>
   <div class='ocr_carea' id='block_1_21' title="bbox 287 1892 1873 1968">
    <p class='ocr_par' dir='ltr' id='par_1_21' title="bbox 287 1892 1873 1968">
     <span class='ocr_line' id='line_1_21' title="bbox 287 1892 1873 1968; baseline 0.001 -25"><span class='ocrx_word' id='word_1_152' title='bbox 287 1894 347 1944; x_wconf 85' lang='grc' dir='ltr'>ὲν</span> <span class='ocrx_word' id='word_1_153' title='bbox 375 1894 454 1964; x_wconf 80' lang='grc' dir='ltr'>τῷ</span> <span class='ocrx_word' id='word_1_154' title='bbox 486 1894 825 1965; x_wconf 81' lang='grc' dir='ltr'>ἀτελευτήτῳ</span> <span class='ocrx_word' id='word_1_155' title='bbox 861 1895 924 1948; x_wconf 83' lang='grc' dir='ltr'>τὸ</span> <span class='ocrx_word' id='word_1_156' title='bbox 952 1894 1203 1968; x_wconf 73' lang='grc' dir='ltr'>ἄναρχον.</span> <span class='ocrx_word' id='word_1_157' title='bbox 1238 1895 1311 1948; x_wconf 82' lang='grc' dir='ltr'>Ού</span> <span class='ocrx_word' id='word_1_158' title='bbox 1344 1893 1452 1965; x_wconf 69' lang='grc' dir='ltr'>γὰρ</span> <span class='ocrx_word' id='word_1_159' title='bbox 1482 1892 1547 1948; x_wconf 87' lang='grc' dir='ltr'><strong>ἂν</strong></span> <span class='ocrx_word' id='word_1_160' title='bbox 1577 1895 1634 1946; x_wconf 76' lang='grc' dir='ltr'>ἐν</span> <span class='ocrx_word' id='word_1_161' title='bbox 1664 1894 1741 1965; x_wconf 83' lang='grc' dir='ltr'>τῷ</span> <span class='ocrx_word' id='word_1_162' title='bbox 1774 1893 1873 1964; x_wconf 80' lang='grc' dir='ltr'>ἴσῳ</span> 
     </span>
    </p>
   </div>
   <div class='ocr_carea' id='block_1_22' title="bbox 285 1985 1871 2057">
    <p class='ocr_par' dir='ltr' id='par_1_22' title="bbox 285 1985 1871 2057">
     <span class='ocr_line' id='line_1_22' title="bbox 285 1985 1871 2057; baseline 0.001 -20"><span class='ocrx_word' id='word_1_163' title='bbox 285 1985 389 2057; x_wconf 69' lang='grc' dir='ltr'>τὴν</span> <span class='ocrx_word' id='word_1_164' title='bbox 411 1985 516 2038; x_wconf 84' lang='grc' dir='ltr'><strong>τῶν</strong></span> <span class='ocrx_word' id='word_1_165' title='bbox 543 1986 820 2057; x_wconf 83' lang='grc' dir='ltr'>ὀνομάτων</span> <span class='ocrx_word' id='word_1_166' title='bbox 842 1986 1185 2057; x_wconf 71' lang='grc' dir='ltr'>ἀναστροφὴν</span> <span class='ocrx_word' id='word_1_167' title='bbox 1216 1986 1527 2055; x_wconf 80' lang='grc' dir='ltr'>ἐποιήσατο.</span> <span class='ocrx_word' id='word_1_168' title='bbox 1576 1985 1736 2039; x_wconf 78' lang='grc' dir='ltr'>Ἀλλά</span> <span class='ocrx_word' id='word_1_169' title='bbox 1767 1985 1871 2054; x_wconf 80' lang='grc' dir='ltr'><strong>φύ-</strong></span> 
     </span>
    </p>
   </div>
   <div class='ocr_carea' id='block_1_23' title="bbox 1970 794 3550 873">
    <p class='ocr_par' dir='ltr' id='par_1_23' title="bbox 1970 794 3550 873">
     <span class='ocr_line' id='line_1_23' title="bbox 1970 794 3550 873; baseline 0.005 -23"><span class='ocrx_word' id='word_1_170' title='bbox 1970 794 2131 851; x_wconf 79' lang='lat' dir='ltr'><strong>diCtis</strong></span> <span class='ocrx_word' id='word_1_171' title='bbox 2162 796 2266 850; x_wconf 90' lang='lat' dir='ltr'><strong>erit</strong></span> <span class='ocrx_word' id='word_1_172' title='bbox 2319 795 2610 863; x_wconf 81' lang='lat' dir='ltr'><strong>refutatio;</strong></span> <span class='ocrx_word' id='word_1_173' title='bbox 2662 794 2796 851; x_wconf 88' lang='lat' dir='ltr'><strong>dicit</strong></span> <span class='ocrx_word' id='word_1_174' title='bbox 2840 798 2988 852; x_wconf 89' lang='lat' dir='ltr'><strong>enim</strong></span> <span class='ocrx_word' id='word_1_175' title='bbox 3042 800 3249 855; x_wconf 85' lang='lat' dir='ltr'><strong>nostris</strong></span> <span class='ocrx_word' id='word_1_176' title='bbox 3276 815 3550 873; x_wconf 75' lang='lat' dir='ltr'><strong>pugnans,</strong></span> 
     </span>
    </p>
   </div>
   <div class='ocr_carea' id='block_1_24' title="bbox 1971 885 3551 958">
    <p class='ocr_par' dir='ltr' id='par_1_24' title="bbox 1971 885 3551 958">
     <span class='ocr_line' id='line_1_24' title="bbox 1971 885 3551 958; baseline 0.006 -19"><span class='ocrx_word' id='word_1_177' title='bbox 1971 886 2117 956; x_wconf 91' lang='lat' dir='ltr'><strong>quod</strong></span> <span class='ocrx_word' id='word_1_178' title='bbox 2150 885 2293 942; x_wconf 89' lang='lat' dir='ltr'><strong>Deus</strong></span> <span class='ocrx_word' id='word_1_179' title='bbox 2314 895 2367 941; x_wconf 91' lang='lat' dir='ltr'><strong>et</strong></span> <span class='ocrx_word' id='word_1_180' title='bbox 2410 886 2710 941; x_wconf 89' lang='lat' dir='ltr'><strong>secundum</strong></span> <span class='ocrx_word' id='word_1_181' title='bbox 2755 888 2809 942; x_wconf 87' lang='lat' dir='ltr'><strong>id</strong></span> <span class='ocrx_word' id='word_1_182' title='bbox 2850 887 2998 958; x_wconf 90' lang='lat' dir='ltr'><strong>quod</strong></span> <span class='ocrx_word' id='word_1_183' title='bbox 3042 891 3148 944; x_wconf 83' lang='lat' dir='ltr'><strong>ﬁne</strong></span> <span class='ocrx_word' id='word_1_184' title='bbox 3178 900 3328 946; x_wconf 84' lang='lat' dir='ltr'><strong>caret</strong></span> <span class='ocrx_word' id='word_1_185' title='bbox 3351 900 3436 948; x_wconf 89' lang='lat' dir='ltr'><strong>est</strong></span> <span class='ocrx_word' id='word_1_186' title='bbox 3463 892 3551 947; x_wconf 90' lang='lat' dir='ltr'><strong>in-</strong></span> 
     </span>
    </p>
   </div>
   <div class='ocr_carea' id='block_1_25' title="bbox 1971 975 3553 1046">
    <p class='ocr_par' dir='ltr' id='par_1_25' title="bbox 1971 975 3553 1046">
     <span class='ocr_line' id='line_1_25' title="bbox 1971 975 3553 1046; baseline 0.003 -15"><span class='ocrx_word' id='word_1_187' title='bbox 1971 976 2205 1046; x_wconf 88' lang='lat' dir='ltr'><strong>genitus,</strong></span> <span class='ocrx_word' id='word_1_188' title='bbox 2247 983 2300 1030; x_wconf 90' lang='lat' dir='ltr'><strong>et</strong></span> <span class='ocrx_word' id='word_1_189' title='bbox 2317 976 2615 1030; x_wconf 85' lang='lat' dir='ltr'><strong>secundum</strong></span> <span class='ocrx_word' id='word_1_190' title='bbox 2666 975 2810 1044; x_wconf 92' lang='lat' dir='ltr'><strong>quod</strong></span> <span class='ocrx_word' id='word_1_191' title='bbox 2837 975 3139 1046; x_wconf 88' lang='lat' dir='ltr'><strong>ingenitum</strong></span> <span class='ocrx_word' id='word_1_192' title='bbox 3166 984 3272 1043; x_wconf 90' lang='lat' dir='ltr'><strong>est,</strong></span> <span class='ocrx_word' id='word_1_193' title='bbox 3309 985 3395 1034; x_wconf 90' lang='lat' dir='ltr'><strong>est</strong></span> <span class='ocrx_word' id='word_1_194' title='bbox 3426 978 3553 1037; x_wconf 89' lang='lat' dir='ltr'><strong>ﬁnis</strong></span> 
     </span>
    </p>
   </div>
   <div class='ocr_carea' id='block_1_26' title="bbox 1972 1064 3555 1139">
    <p class='ocr_par' dir='ltr' id='par_1_26' title="bbox 1972 1064 3555 1139">
     <span class='ocr_line' id='line_1_26' title="bbox 1972 1064 3555 1139; baseline 0.001 -18"><span class='ocrx_word' id='word_1_195' title='bbox 1972 1079 2189 1134; x_wconf 63' lang='lat' dir='ltr'><strong>expers,</strong></span> <span class='ocrx_word' id='word_1_196' title='bbox 2224 1079 2290 1119; x_wconf 88' lang='lat' dir='ltr'><strong>ac</strong></span> <span class='ocrx_word' id='word_1_197' title='bbox 2321 1064 2366 1120; x_wconf 90' lang='lat' dir='ltr'><strong>si</strong></span> <span class='ocrx_word' id='word_1_198' title='bbox 2411 1064 2697 1133; x_wconf 85' lang='lat' dir='ltr'><strong>utriusque</strong></span> <span class='ocrx_word' id='word_1_199' title='bbox 2750 1064 2988 1119; x_wconf 85' lang='lat' dir='ltr'><strong>nominis</strong></span> <span class='ocrx_word' id='word_1_200' title='bbox 3022 1074 3167 1120; x_wconf 86' lang='lat' dir='ltr'><strong>esset</strong></span> <span class='ocrx_word' id='word_1_201' title='bbox 3203 1081 3313 1121; x_wconf 85' lang='lat' dir='ltr'><strong>una</strong></span> <span class='ocrx_word' id='word_1_202' title='bbox 3342 1067 3555 1139; x_wconf 89' lang='lat' dir='ltr'><strong>signiﬁ-</strong></span> 
     </span>
    </p>
   </div>
   <div class='ocr_carea' id='block_1_27' title="bbox 1973 1154 3553 1225">
    <p class='ocr_par' dir='ltr' id='par_1_27' title="bbox 1973 1154 3553 1225">
     <span class='ocr_line' id='line_1_27' title="bbox 1973 1154 3553 1225; baseline 0.005 -17"><span class='ocrx_word' id='word_1_203' title='bbox 1973 1155 2137 1209; x_wconf 90' lang='lat' dir='ltr'><strong>catio.</strong></span> <span class='ocrx_word' id='word_1_204' title='bbox 2170 1155 2230 1209; x_wconf 90' lang='lat' dir='ltr'><strong>Si</strong></span> <span class='ocrx_word' id='word_1_205' title='bbox 2277 1155 2445 1225; x_wconf 78' lang='lat' dir='ltr'><strong>igitur</strong></span> <span class='ocrx_word' id='word_1_206' title='bbox 2495 1166 2546 1209; x_wconf 91' lang='lat' dir='ltr'><strong>et</strong></span> <span class='ocrx_word' id='word_1_207' title='bbox 2597 1155 2898 1210; x_wconf 90' lang='lat' dir='ltr'><strong>secundum</strong></span> <span class='ocrx_word' id='word_1_208' title='bbox 2940 1154 2994 1209; x_wconf 90' lang='lat' dir='ltr'><strong>id</strong></span> <span class='ocrx_word' id='word_1_209' title='bbox 3043 1156 3190 1225; x_wconf 83' lang='lat' dir='ltr'><strong>quod</strong></span> <span class='ocrx_word' id='word_1_210' title='bbox 3229 1156 3388 1215; x_wconf 90' lang='lat' dir='ltr'><strong>ﬁnem</strong></span> <span class='ocrx_word' id='word_1_211' title='bbox 3441 1175 3553 1216; x_wconf 88' lang='lat' dir='ltr'><strong>non</strong></span> 
     </span>
    </p>
   </div>
   <div class='ocr_carea' id='block_1_28' title="bbox 1975 1243 3554 1319">
    <p class='ocr_par' dir='ltr' id='par_1_28' title="bbox 1975 1243 3554 1319">
     <span class='ocr_line' id='line_1_28' title="bbox 1975 1243 3554 1319; baseline 0.005 -21"><span class='ocrx_word' id='word_1_212' title='bbox 1975 1243 2136 1298; x_wconf 85' lang='lat' dir='ltr'><strong>habet</strong></span> <span class='ocrx_word' id='word_1_213' title='bbox 2167 1252 2249 1300; x_wconf 89' lang='lat' dir='ltr'><strong>est</strong></span> <span class='ocrx_word' id='word_1_214' title='bbox 2283 1244 2576 1315; x_wconf 72' lang='lat' dir='ltr'><strong>ingenuitas,</strong></span> <span class='ocrx_word' id='word_1_215' title='bbox 2602 1252 2659 1299; x_wconf 90' lang='lat' dir='ltr'><strong>et</strong></span> <span class='ocrx_word' id='word_1_216' title='bbox 2694 1243 2832 1298; x_wconf 90' lang='lat' dir='ltr'><strong>idem</strong></span> <span class='ocrx_word' id='word_1_217' title='bbox 2856 1245 3154 1301; x_wconf 87' lang='lat' dir='ltr'><strong>secundum</strong></span> <span class='ocrx_word' id='word_1_218' title='bbox 3189 1247 3554 1319; x_wconf 87' lang='lat' dir='ltr'><strong>signiﬁcatum</strong></span> 
     </span>
    </p>
   </div>
   <div class='ocr_carea' id='block_1_29' title="bbox 1974 1335 3556 1413">
    <p class='ocr_par' dir='ltr' id='par_1_29' title="bbox 1974 1335 3556 1413">
     <span class='ocr_line' id='line_1_29' title="bbox 1974 1335 3556 1413; baseline 0.006 -25"><span class='ocrx_word' id='word_1_219' title='bbox 1974 1335 2034 1389; x_wconf 78' lang='grc' dir='ltr'><strong>τὸ</strong></span> <span class='ocrx_word' id='word_1_220' title='bbox 2048 1335 2396 1407; x_wconf 86' lang='grc' dir='ltr'>ἀτελεύτητον</span> <span class='ocrx_word' id='word_1_221' title='bbox 2413 1335 2577 1407; x_wconf 87' lang='lat' dir='ltr'><strong>(quod</strong></span> <span class='ocrx_word' id='word_1_222' title='bbox 2599 1335 2755 1391; x_wconf 84' lang='lat' dir='ltr'><strong>ﬁnem</strong></span> <span class='ocrx_word' id='word_1_223' title='bbox 2787 1351 2896 1391; x_wconf 85' lang='lat' dir='ltr'><strong>non</strong></span> <span class='ocrx_word' id='word_1_224' title='bbox 2928 1337 3146 1411; x_wconf 82' lang='lat' dir='ltr'><strong>habet,)</strong></span> <span class='ocrx_word' id='word_1_225' title='bbox 3180 1348 3233 1395; x_wconf 89' lang='lat' dir='ltr'><strong>et</strong></span> <span class='ocrx_word' id='word_1_226' title='bbox 3262 1341 3556 1413; x_wconf 82' lang='grc' dir='ltr'>ἀγέννητον</span> 
     </span>
    </p>
   </div>
   <div class='ocr_carea' id='block_1_30' title="bbox 1978 1426 3557 1504">
    <p class='ocr_par' dir='ltr' id='par_1_30' title="bbox 1978 1426 3557 1504">
     <span class='ocr_line' id='line_1_30' title="bbox 1978 1426 3557 1504; baseline 0.004 -25"><span class='ocrx_word' id='word_1_227' title='bbox 1978 1427 2143 1498; x_wconf 89' lang='lat' dir='ltr'><strong>(quod</strong></span> <span class='ocrx_word' id='word_1_228' title='bbox 2174 1436 2257 1482; x_wconf 89' lang='lat' dir='ltr'><strong>est</strong></span> <span class='ocrx_word' id='word_1_229' title='bbox 2283 1428 2632 1499; x_wconf 79' lang='lat' dir='ltr'><strong>ingenitum.)</strong></span> <span class='ocrx_word' id='word_1_230' title='bbox 2658 1426 2854 1482; x_wconf 89' lang='lat' dir='ltr'><strong>Filium</strong></span> <span class='ocrx_word' id='word_1_231' title='bbox 2882 1440 3058 1484; x_wconf 89' lang='lat' dir='ltr'><strong>autem</strong></span> <span class='ocrx_word' id='word_1_232' title='bbox 3087 1431 3248 1485; x_wconf 87' lang='lat' dir='ltr'><strong>etiam</strong></span> <span class='ocrx_word' id='word_1_233' title='bbox 3267 1433 3557 1504; x_wconf 82' lang='grc' dir='ltr'>ἀτελεύτη-</span> 
     </span>
    </p>
   </div>
   <div class='ocr_carea' id='block_1_31' title="bbox 1975 1519 3556 1593">
    <p class='ocr_par' dir='ltr' id='par_1_31' title="bbox 1975 1519 3556 1593">
     <span class='ocr_line' id='line_1_31' title="bbox 1975 1519 3556 1593; baseline 0.006 -23"><span class='ocrx_word' id='word_1_234' title='bbox 1975 1519 2245 1572; x_wconf 66' lang='grc' dir='ltr'>τονίῑιιειιι</span> <span class='ocrx_word' id='word_1_235' title='bbox 2279 1533 2390 1572; x_wconf 89' lang='lat' dir='ltr'><strong>non</strong></span> <span class='ocrx_word' id='word_1_236' title='bbox 2410 1519 2608 1573; x_wconf 86' lang='lat' dir='ltr'><strong>habere</strong></span> <span class='ocrx_word' id='word_1_237' title='bbox 2630 1520 2951 1583; x_wconf 91' lang='lat' dir='ltr'><strong>assentitur,</strong></span> <span class='ocrx_word' id='word_1_238' title='bbox 2973 1536 3038 1574; x_wconf 79' lang='lat' dir='ltr'><strong>ex</strong></span> <span class='ocrx_word' id='word_1_239' title='bbox 3057 1521 3161 1574; x_wconf 83' lang='lat' dir='ltr'><strong>hac</strong></span> <span class='ocrx_word' id='word_1_240' title='bbox 3180 1522 3556 1593; x_wconf 83' lang='lat' dir='ltr'><strong>consequendi</strong></span> 
     </span>
    </p>
   </div>
   <div class='ocr_carea' id='block_1_32' title="bbox 1979 1609 3557 1681">
    <p class='ocr_par' dir='ltr' id='par_1_32' title="bbox 1979 1609 3557 1681">
     <span class='ocr_line' id='line_1_32' title="bbox 1979 1609 3557 1681; baseline 0.004 -18"><span class='ocrx_word' id='word_1_241' title='bbox 1979 1610 2309 1666; x_wconf 86' lang='lat' dir='ltr'><strong>necessitate</strong></span> <span class='ocrx_word' id='word_1_242' title='bbox 2331 1610 2498 1665; x_wconf 89' lang='lat' dir='ltr'><strong>etiam</strong></span> <span class='ocrx_word' id='word_1_243' title='bbox 2527 1609 2724 1664; x_wconf 83' lang='lat' dir='ltr'><strong>Filiam</strong></span> <span class='ocrx_word' id='word_1_244' title='bbox 2753 1611 3059 1681; x_wconf 83' lang='lat' dir='ltr'><strong>ingenitam</strong></span> <span class='ocrx_word' id='word_1_245' title='bbox 3091 1627 3214 1668; x_wconf 87' lang='lat' dir='ltr'><strong>esse</strong></span> <span class='ocrx_word' id='word_1_246' title='bbox 3240 1616 3557 1671; x_wconf 89' lang='lat' dir='ltr'><strong>necessario</strong></span> 
     </span>
    </p>
   </div>
   <div class='ocr_carea' id='block_1_33' title="bbox 1977 1701 3554 1773">
    <p class='ocr_par' dir='ltr' id='par_1_33' title="bbox 1977 1701 3554 1773">
     <span class='ocr_line' id='line_1_33' title="bbox 1977 1701 3554 1773; baseline 0.003 -17"><span class='ocrx_word' id='word_1_247' title='bbox 1977 1701 2349 1767; x_wconf 87' lang='lat' dir='ltr'><strong>conﬁtebitur,</strong></span> <span class='ocrx_word' id='word_1_248' title='bbox 2382 1702 2651 1772; x_wconf 89' lang='lat' dir='ltr'><strong>siquidem</strong></span> <span class='ocrx_word' id='word_1_249' title='bbox 2688 1702 2830 1758; x_wconf 91' lang='lat' dir='ltr'><strong>idem</strong></span> <span class='ocrx_word' id='word_1_250' title='bbox 2864 1712 2975 1769; x_wconf 89' lang='grc' dir='ltr'>εει,</span> <span class='ocrx_word' id='word_1_251' title='bbox 3008 1705 3153 1759; x_wconf 88' lang='lat' dir='ltr'><strong>sicut</strong></span> <span class='ocrx_word' id='word_1_252' title='bbox 3186 1704 3359 1773; x_wconf 81' lang='lat' dir='ltr'><strong>dixit,</strong></span> <span class='ocrx_word' id='word_1_253' title='bbox 3392 1707 3554 1763; x_wconf 88' lang='lat' dir='ltr'><strong>ﬁnem</strong></span> 
     </span>
    </p>
   </div>
   <div class='ocr_carea' id='block_1_34' title="bbox 1978 1793 3556 1865">
    <p class='ocr_par' dir='ltr' id='par_1_34' title="bbox 1978 1793 3556 1865">
     <span class='ocr_line' id='line_1_34' title="bbox 1978 1793 3556 1865; baseline 0.004 -18"><span class='ocrx_word' id='word_1_254' title='bbox 1978 1810 2089 1849; x_wconf 90' lang='lat' dir='ltr'><strong>non</strong></span> <span class='ocrx_word' id='word_1_255' title='bbox 2120 1794 2357 1859; x_wconf 89' lang='lat' dir='ltr'><strong>habere,</strong></span> <span class='ocrx_word' id='word_1_256' title='bbox 2394 1810 2519 1849; x_wconf 90' lang='lat' dir='ltr'><strong>cum</strong></span> <span class='ocrx_word' id='word_1_257' title='bbox 2558 1809 2623 1848; x_wconf 91' lang='lat' dir='ltr'><strong>eo</strong></span> <span class='ocrx_word' id='word_1_258' title='bbox 2650 1793 2799 1863; x_wconf 90' lang='lat' dir='ltr'><strong>quod</strong></span> <span class='ocrx_word' id='word_1_259' title='bbox 2831 1801 2913 1849; x_wconf 87' lang='lat' dir='ltr'><strong>est</strong></span> <span class='ocrx_word' id='word_1_260' title='bbox 2941 1795 3214 1865; x_wconf 89' lang='lat' dir='ltr'><strong>principio</strong></span> <span class='ocrx_word' id='word_1_261' title='bbox 3244 1812 3454 1853; x_wconf 86' lang='lat' dir='ltr'><strong>carere.</strong></span> <span class='ocrx_word' id='word_1_262' title='bbox 3486 1795 3556 1853; x_wconf 85' lang='lat' dir='ltr'><strong>Ut</strong></span> 
     </span>
    </p>
   </div>
   <div class='ocr_carea' id='block_1_35' title="bbox 1979 1885 3556 1957">
    <p class='ocr_par' dir='ltr' id='par_1_35' title="bbox 1979 1885 3556 1957">
     <span class='ocr_line' id='line_1_35' title="bbox 1979 1885 3556 1957; baseline 0.004 -17"><span class='ocrx_word' id='word_1_263' title='bbox 1979 1888 2125 1941; x_wconf 90' lang='lat' dir='ltr'><strong>enim</strong></span> <span class='ocrx_word' id='word_1_264' title='bbox 2163 1888 2216 1939; x_wconf 91' lang='lat' dir='ltr'><strong>in</strong></span> <span class='ocrx_word' id='word_1_265' title='bbox 2250 1886 2496 1957; x_wconf 84' lang='lat' dir='ltr'><strong>ingenito</strong></span> <span class='ocrx_word' id='word_1_266' title='bbox 2528 1885 2676 1940; x_wconf 80' lang='lat' dir='ltr'><strong>videt</strong></span> <span class='ocrx_word' id='word_1_267' title='bbox 2710 1885 2856 1955; x_wconf 90' lang='lat' dir='ltr'><strong>quod</strong></span> <span class='ocrx_word' id='word_1_268' title='bbox 2891 1885 3052 1941; x_wconf 87' lang='lat' dir='ltr'><strong>ﬁnem</strong></span> <span class='ocrx_word' id='word_1_269' title='bbox 3090 1904 3200 1942; x_wconf 91' lang='lat' dir='ltr'><strong>non</strong></span> <span class='ocrx_word' id='word_1_270' title='bbox 3237 1890 3438 1956; x_wconf 84' lang='lat' dir='ltr'><strong>habet,</strong></span> <span class='ocrx_word' id='word_1_271' title='bbox 3474 1894 3556 1947; x_wconf 89' lang='lat' dir='ltr'><strong>sic</strong></span> 
     </span>
    </p>
   </div>
   <div class='ocr_carea' id='block_1_36' title="bbox 1980 1975 3554 2055">
    <p class='ocr_par' dir='ltr' id='par_1_36' title="bbox 1980 1975 3554 2055">
     <span class='ocr_line' id='line_1_36' title="bbox 1980 1975 3554 2055; baseline 0.004 -25"><span class='ocrx_word' id='word_1_272' title='bbox 1980 1975 2275 2030; x_wconf 84' lang='lat' dir='ltr'><strong>conﬁtetur</strong></span> <span class='ocrx_word' id='word_1_273' title='bbox 2308 1977 2360 2029; x_wconf 90' lang='lat' dir='ltr'><strong>in</strong></span> <span class='ocrx_word' id='word_1_274' title='bbox 2390 1990 2455 2031; x_wconf 88' lang='lat' dir='ltr'><strong>eo</strong></span> <span class='ocrx_word' id='word_1_275' title='bbox 2481 1975 2626 2046; x_wconf 90' lang='lat' dir='ltr'><strong>quod</strong></span> <span class='ocrx_word' id='word_1_276' title='bbox 2671 1975 2829 2031; x_wconf 84' lang='lat' dir='ltr'><strong>linem</strong></span> <span class='ocrx_word' id='word_1_277' title='bbox 2872 1975 3038 2031; x_wconf 80' lang='lat' dir='ltr'><strong>habet</strong></span> <span class='ocrx_word' id='word_1_278' title='bbox 3084 1978 3462 2055; x_wconf 68' lang='lat' dir='ltr'><strong>intellexisse,</strong></span> <span class='ocrx_word' id='word_1_279' title='bbox 3494 1981 3554 2036; x_wconf 93' lang='lat' dir='ltr'><strong>id</strong></span> 
     </span>
    </p>
   </div>
   <div class='ocr_carea' id='block_1_37' title="bbox 290 2064 1877 2150">
    <p class='ocr_par' dir='ltr' id='par_1_37' title="bbox 290 2077 1876 2150">
     <span class='ocr_line' id='line_1_37' title="bbox 290 2077 1876 2150; baseline 0.001 -21"><span class='ocrx_word' id='word_1_280' title='bbox 290 2093 373 2129; x_wconf 88' lang='grc' dir='ltr'><strong>σει</strong></span> <span class='ocrx_word' id='word_1_281' title='bbox 412 2078 504 2131; x_wconf 74' lang='grc' dir='ltr'><strong>καὶ</strong></span> <span class='ocrx_word' id='word_1_282' title='bbox 546 2079 605 2131; x_wconf 80' lang='grc' dir='ltr'><strong>οὐ</strong></span> <span class='ocrx_word' id='word_1_283' title='bbox 656 2078 955 2150; x_wconf 77' lang='grc' dir='ltr'>παραθέσει</span> <span class='ocrx_word' id='word_1_284' title='bbox 1003 2078 1110 2131; x_wconf 83' lang='grc' dir='ltr'><strong>τῶν</strong></span> <span class='ocrx_word' id='word_1_285' title='bbox 1155 2077 1384 2140; x_wconf 83' lang='grc' dir='ltr'>αἰώνων,</span> <span class='ocrx_word' id='word_1_286' title='bbox 1432 2078 1619 2149; x_wconf 64' lang='grc' dir='ltr'>φησιν,</span> <span class='ocrx_word' id='word_1_287' title='bbox 1666 2080 1695 2131; x_wconf 95' lang='lat'><strong>6</strong></span> <span class='ocrx_word' id='word_1_288' title='bbox 1743 2078 1876 2142; x_wconf 90' lang='grc' dir='ltr'>Θεός</span> 
     </span>
    </p>
   </div>
   <div class='ocr_carea' id='block_1_38' title="bbox 1981 2064 3555 2150">
    <p class='ocr_par' dir='ltr' id='par_1_38' title="bbox 1981 2068 3555 2142">
     <span class='ocr_line' id='line_1_38' title="bbox 1981 2068 3555 2142; baseline 0.004 -21"><span class='ocrx_word' id='word_1_289' title='bbox 1981 2068 2125 2137; x_wconf 88' lang='lat' dir='ltr'><strong>quod</strong></span> <span class='ocrx_word' id='word_1_290' title='bbox 2155 2068 2410 2139; x_wconf 83' lang='lat' dir='ltr'><strong>principii</strong></span> <span class='ocrx_word' id='word_1_291' title='bbox 2442 2075 2528 2123; x_wconf 90' lang='lat' dir='ltr'><strong>est</strong></span> <span class='ocrx_word' id='word_1_292' title='bbox 2553 2083 2751 2138; x_wconf 81' lang='lat' dir='ltr'><strong>expers</strong></span> <span class='ocrx_word' id='word_1_293' title='bbox 2771 2106 2787 2132; x_wconf 92' lang='lat'><strong>,</strong></span> <span class='ocrx_word' id='word_1_294' title='bbox 2819 2082 2929 2123; x_wconf 88' lang='lat' dir='ltr'><strong>non</strong></span> <span class='ocrx_word' id='word_1_295' title='bbox 2959 2070 3104 2124; x_wconf 89' lang='lat' dir='ltr'><strong>enim</strong></span> <span class='ocrx_word' id='word_1_296' title='bbox 3136 2071 3192 2124; x_wconf 89' lang='lat' dir='ltr'><strong>in</strong></span> <span class='ocrx_word' id='word_1_297' title='bbox 3224 2071 3422 2142; x_wconf 62' lang='lat' dir='ltr'><strong>aequali</strong></span> <span class='ocrx_word' id='word_1_298' title='bbox 3451 2087 3555 2127; x_wconf 90' lang='lat' dir='ltr'><strong>no-</strong></span> 
     </span>
    </p>
   </div>
   <div class='ocr_carea' id='block_1_39' title="bbox 288 2168 1874 2241">
    <p class='ocr_par' dir='ltr' id='par_1_39' title="bbox 288 2168 1874 2241">
     <span class='ocr_line' id='line_1_39' title="bbox 288 2168 1874 2241; baseline 0.002 -20"><span class='ocrx_word' id='word_1_299' title='bbox 288 2169 439 2223; x_wconf 79' lang='grc' dir='ltr'>ὲστιν</span> <span class='ocrx_word' id='word_1_300' title='bbox 473 2168 785 2240; x_wconf 83' lang='grc' dir='ltr'>ἀγέννητος.</span> <span class='ocrx_word' id='word_1_301' title='bbox 827 2170 923 2234; x_wconf 86' lang='grc' dir='ltr'><strong>Τίς</strong></span> <span class='ocrx_word' id='word_1_302' title='bbox 955 2171 1010 2224; x_wconf 78' lang='grc' dir='ltr'>δὲ</span> <span class='ocrx_word' id='word_1_303' title='bbox 1046 2173 1073 2224; x_wconf 90' lang='lat'><strong>6</strong></span> <span class='ocrx_word' id='word_1_304' title='bbox 1119 2170 1248 2241; x_wconf 74' lang='grc' dir='ltr'>περὶ</span> <span class='ocrx_word' id='word_1_305' title='bbox 1289 2169 1494 2223; x_wconf 88' lang='grc' dir='ltr'>τούτων</span> <span class='ocrx_word' id='word_1_306' title='bbox 1542 2170 1874 2241; x_wconf 81' lang='grc' dir='ltr'>μαχόμενος,</span> 
     </span>
    </p>
   </div>
   <div class='ocr_carea' id='block_1_40' title="bbox 286 2255 1873 2329">
    <p class='ocr_par' dir='ltr' id='par_1_40' title="bbox 286 2255 1873 2329">
     <span class='ocr_line' id='line_1_40' title="bbox 286 2255 1873 2329; baseline 0.001 -18"><span class='ocrx_word' id='word_1_307' title='bbox 286 2258 352 2312; x_wconf 79' lang='grc' dir='ltr'>τὸ</span> <span class='ocrx_word' id='word_1_308' title='bbox 378 2258 453 2329; x_wconf 75' lang='grc' dir='ltr'>μὴ</span> <span class='ocrx_word' id='word_1_309' title='bbox 488 2258 644 2328; x_wconf 71' lang='grc' dir='ltr'>φύσει</span> <span class='ocrx_word' id='word_1_310' title='bbox 684 2260 773 2314; x_wconf 83' lang='grc' dir='ltr'><strong>τὸν</strong></span> <span class='ocrx_word' id='word_1_311' title='bbox 803 2260 935 2314; x_wconf 77' lang='grc' dir='ltr'>Θεὸν</span> <span class='ocrx_word' id='word_1_312' title='bbox 981 2261 1088 2314; x_wconf 80' lang='grc' dir='ltr'>πᾶν</span> <span class='ocrx_word' id='word_1_313' title='bbox 1128 2255 1267 2313; x_wconf 77' lang='grc' dir='ltr'>εἶναι</span> <span class='ocrx_word' id='word_1_314' title='bbox 1313 2260 1342 2312; x_wconf 82' lang='grc' dir='ltr'><strong>ὃ</strong></span> <span class='ocrx_word' id='word_1_315' title='bbox 1412 2277 1463 2313; x_wconf 91' lang='grc' dir='ltr'><strong>τι</strong></span> <span class='ocrx_word' id='word_1_316' title='bbox 1498 2261 1593 2313; x_wconf 72' lang='grc' dir='ltr'><strong>καὶ</strong></span> <span class='ocrx_word' id='word_1_317' title='bbox 1625 2260 1873 2327; x_wconf 74' lang='grc' dir='ltr'>λέγε-ταις</span> 
     </span>
    </p>
   </div>
   <div class='ocr_carea' id='block_1_41' title="bbox 291 2346 1878 2420">
    <p class='ocr_par' dir='ltr' id='par_1_41' title="bbox 291 2346 1878 2420">
     <span class='ocr_line' id='line_1_41' title="bbox 291 2346 1878 2420; baseline -0.003 -17"><span class='ocrx_word' id='word_1_318' title='bbox 291 2350 404 2403; x_wconf 76' lang='grc' dir='ltr'><strong>Καὶ</strong></span> <span class='ocrx_word' id='word_1_319' title='bbox 438 2350 546 2420; x_wconf 78' lang='grc' dir='ltr'>γὰρ</span> <span class='ocrx_word' id='word_1_320' title='bbox 588 2351 681 2403; x_wconf 68' lang='grc' dir='ltr'><strong>καὶ</strong></span> <span class='ocrx_word' id='word_1_321' title='bbox 706 2348 933 2411; x_wconf 80' lang='grc' dir='ltr'>δίκαιον,</span> <span class='ocrx_word' id='word_1_322' title='bbox 979 2349 1072 2403; x_wconf 69' lang='grc' dir='ltr'><strong>καὶ</strong></span> <span class='ocrx_word' id='word_1_323' title='bbox 1104 2348 1348 2411; x_wconf 81' lang='grc' dir='ltr'>δυνατὸν,</span> <span class='ocrx_word' id='word_1_324' title='bbox 1391 2348 1486 2401; x_wconf 69' lang='grc' dir='ltr'>καὶ</span> <span class='ocrx_word' id='word_1_325' title='bbox 1517 2346 1754 2418; x_wconf 84' lang='grc' dir='ltr'>Πατέρα,</span> <span class='ocrx_word' id='word_1_326' title='bbox 1784 2347 1878 2400; x_wconf 73' lang='grc' dir='ltr'><strong>καὶ</strong></span> 
     </span>
    </p>
   </div>
   <div class='ocr_carea' id='block_1_42' title="bbox 291 2438 1880 2513">
    <p class='ocr_par' dir='ltr' id='par_1_42' title="bbox 291 2438 1880 2513">
     <span class='ocr_line' id='line_1_42' title="bbox 291 2438 1880 2513; baseline -0.003 -20"><span class='ocrx_word' id='word_1_327' title='bbox 291 2439 586 2510; x_wconf 67' lang='grc' dir='ltr'>ἄφθαρτον,</span> <span class='ocrx_word' id='word_1_328' title='bbox 614 2439 739 2494; x_wconf 75' lang='grc' dir='ltr'>οὔτε</span> <span class='ocrx_word' id='word_1_329' title='bbox 763 2444 830 2513; x_wconf 81' lang='grc' dir='ltr'>τῇ</span> <span class='ocrx_word' id='word_1_330' title='bbox 856 2441 990 2513; x_wconf 80' lang='grc' dir='ltr'>πρὸς</span> <span class='ocrx_word' id='word_1_331' title='bbox 1017 2441 1142 2503; x_wconf 73' lang='grc' dir='ltr'>τοὺς</span> <span class='ocrx_word' id='word_1_332' title='bbox 1171 2439 1373 2502; x_wconf 83' lang='grc' dir='ltr'>αἰῶνας</span> <span class='ocrx_word' id='word_1_333' title='bbox 1402 2438 1698 2509; x_wconf 81' lang='grc' dir='ltr'>παραθέσει</span> <span class='ocrx_word' id='word_1_334' title='bbox 1725 2438 1880 2505; x_wconf 80' lang='grc' dir='ltr'>λέγο-</span> 
     </span>
    </p>
   </div>
   <div class='ocr_carea' id='block_1_43' title="bbox 296 2529 1877 2603">
    <p class='ocr_par' dir='ltr' id='par_1_43' title="bbox 296 2529 1877 2603">
     <span class='ocr_line' id='line_1_43' title="bbox 296 2529 1877 2603; baseline -0.002 -19"><span class='ocrx_word' id='word_1_335' title='bbox 296 2549 398 2602; x_wconf 87' lang='grc' dir='ltr'><strong>μεν</strong></span> <span class='ocrx_word' id='word_1_336' title='bbox 427 2532 516 2584; x_wconf 77' lang='grc' dir='ltr'>τὸν</span> <span class='ocrx_word' id='word_1_337' title='bbox 537 2532 670 2586; x_wconf 78' lang='grc' dir='ltr'>Θεὸν</span> <span class='ocrx_word' id='word_1_338' title='bbox 689 2530 850 2598; x_wconf 77' lang='grc' dir='ltr'>εἶναι,</span> <span class='ocrx_word' id='word_1_339' title='bbox 878 2532 999 2585; x_wconf 70' lang='grc' dir='ltr'>οὔτε</span> <span class='ocrx_word' id='word_1_340' title='bbox 1032 2534 1097 2603; x_wconf 82' lang='grc' dir='ltr'><strong>τῇ</strong></span> <span class='ocrx_word' id='word_1_341' title='bbox 1122 2531 1255 2601; x_wconf 79' lang='grc' dir='ltr'>πρὸς</span> <span class='ocrx_word' id='word_1_342' title='bbox 1283 2530 1468 2601; x_wconf 72' lang='grc' dir='ltr'>ἕτερόν</span> <span class='ocrx_word' id='word_1_343' title='bbox 1495 2547 1546 2582; x_wconf 90' lang='grc' dir='ltr'><strong>τι</strong></span> <span class='ocrx_word' id='word_1_344' title='bbox 1569 2529 1679 2583; x_wconf 82' lang='grc' dir='ltr'>τῶν</span> <span class='ocrx_word' id='word_1_345' title='bbox 1703 2529 1877 2582; x_wconf 79' lang='grc' dir='ltr'>ὄντων</span> 
     </span>
    </p>
   </div>
   <div class='ocr_carea' id='block_1_44' title="bbox 291 2617 1879 2696">
    <p class='ocr_par' dir='ltr' id='par_1_44' title="bbox 291 2617 1879 2696">
     <span class='ocr_line' id='line_1_44' title="bbox 291 2617 1879 2696; baseline -0.003 -21"><span class='ocrx_word' id='word_1_346' title='bbox 291 2617 562 2696; x_wconf 74' lang='grc' dir='ltr'>ἀναφορᾷ,</span> <span class='ocrx_word' id='word_1_347' title='bbox 588 2624 722 2678; x_wconf 83' lang='grc' dir='ltr'><strong>ἀλλά</strong></span> <span class='ocrx_word' id='word_1_348' title='bbox 764 2625 893 2696; x_wconf 72' lang='grc' dir='ltr'>περὶ</span> <span class='ocrx_word' id='word_1_349' title='bbox 918 2623 1050 2679; x_wconf 75' lang='grc' dir='ltr'>αύτδ</span> <span class='ocrx_word' id='word_1_350' title='bbox 1078 2622 1139 2675; x_wconf 82' lang='grc' dir='ltr'>τὸ</span> <span class='ocrx_word' id='word_1_351' title='bbox 1172 2620 1559 2691; x_wconf 86' lang='grc' dir='ltr'>ὑποκείμενον,</span> <span class='ocrx_word' id='word_1_352' title='bbox 1591 2621 1618 2673; x_wconf 86' lang='grc' dir='ltr'><strong>ὃ</strong></span> <span class='ocrx_word' id='word_1_353' title='bbox 1667 2618 1718 2673; x_wconf 88' lang='grc' dir='ltr'><strong>τί</strong></span> <span class='ocrx_word' id='word_1_354' title='bbox 1748 2633 1879 2672; x_wconf 85' lang='grc' dir='ltr'>ποτε</span> 
     </span>
    </p>
   </div>
   <div class='ocr_carea' id='block_1_45' title="bbox 292 2710 1878 2788">
    <p class='ocr_par' dir='ltr' id='par_1_45' title="bbox 292 2710 1878 2788">
     <span class='ocr_line' id='line_1_45' title="bbox 292 2710 1878 2788; baseline -0.003 -19"><span class='ocrx_word' id='word_1_355' title='bbox 292 2716 437 2771; x_wconf 87' lang='grc' dir='ltr'><strong>κατά</strong></span> <span class='ocrx_word' id='word_1_356' title='bbox 464 2718 561 2788; x_wconf 82' lang='grc' dir='ltr'><strong>τὴν</strong></span> <span class='ocrx_word' id='word_1_357' title='bbox 591 2716 752 2786; x_wconf 84' lang='grc' dir='ltr'>φύσιν</span> <span class='ocrx_word' id='word_1_358' title='bbox 781 2717 947 2780; x_wconf 67' lang='grc' dir='ltr'>ἐστὶν,</span> <span class='ocrx_word' id='word_1_359' title='bbox 976 2716 1156 2768; x_wconf 80' lang='grc' dir='ltr'>πᾶσαν</span> <span class='ocrx_word' id='word_1_360' title='bbox 1180 2714 1378 2783; x_wconf 76' lang='grc' dir='ltr'>εὐσεϐῆ</span> <span class='ocrx_word' id='word_1_361' title='bbox 1399 2710 1709 2784; x_wconf 74' lang='grc' dir='ltr'>θεωροῦμεν</span> <span class='ocrx_word' id='word_1_362' title='bbox 1744 2711 1878 2764; x_wconf 75' lang='grc' dir='ltr'>ὑπό-</span> 
     </span>
    </p>
   </div>
   <div class='ocr_carea' id='block_1_46' title="bbox 289 2803 1879 2879">
    <p class='ocr_par' dir='ltr' id='par_1_46' title="bbox 289 2803 1879 2879">
     <span class='ocr_line' id='line_1_46' title="bbox 289 2803 1879 2879; baseline -0.004 -18"><span class='ocrx_word' id='word_1_363' title='bbox 289 2808 491 2879; x_wconf 59' lang='grc' dir='ltr'>ληψιν</span> <span class='ocrx_word' id='word_1_364' title='bbox 550 2808 627 2872; x_wconf 83' lang='grc' dir='ltr'>ὡς</span> <span class='ocrx_word' id='word_1_365' title='bbox 666 2809 780 2877; x_wconf 77' lang='grc' dir='ltr'>εἴγε</span> <span class='ocrx_word' id='word_1_366' title='bbox 839 2808 961 2862; x_wconf 87' lang='grc' dir='ltr'>καθ’</span> <span class='ocrx_word' id='word_1_367' title='bbox 1004 2805 1260 2860; x_wconf 82' lang='grc' dir='ltr'>ὑπόθεσιν</span> <span class='ocrx_word' id='word_1_368' title='bbox 1298 2806 1435 2875; x_wconf 86' lang='grc' dir='ltr'>μήτε</span> <span class='ocrx_word' id='word_1_369' title='bbox 1460 2803 1611 2868; x_wconf 82' lang='grc' dir='ltr'>αἰὼν,</span> <span class='ocrx_word' id='word_1_370' title='bbox 1661 2805 1796 2874; x_wconf 74' lang='grc' dir='ltr'>μήτε</span> <span class='ocrx_word' id='word_1_371' title='bbox 1827 2820 1879 2856; x_wconf 87' lang='grc' dir='ltr'><strong>τι</strong></span> 
     </span>
    </p>
   </div>
   <div class='ocr_carea' id='block_1_47' title="bbox 292 2894 1876 2970">
    <p class='ocr_par' dir='ltr' id='par_1_47' title="bbox 292 2894 1876 2970">
     <span class='ocr_line' id='line_1_47' title="bbox 292 2894 1876 2970; baseline -0.005 -16"><span class='ocrx_word' id='word_1_372' title='bbox 292 2898 424 2955; x_wconf 73' lang='grc' dir='ltr'>ἄλλο</span> <span class='ocrx_word' id='word_1_373' title='bbox 453 2896 561 2953; x_wconf 84' lang='grc' dir='ltr'><strong>τῶν</strong></span> <span class='ocrx_word' id='word_1_374' title='bbox 589 2899 732 2953; x_wconf 78' lang='grc' dir='ltr'>κατὰ</span> <span class='ocrx_word' id='word_1_375' title='bbox 757 2898 857 2970; x_wconf 79' lang='grc' dir='ltr'><strong>τὴν</strong></span> <span class='ocrx_word' id='word_1_376' title='bbox 890 2897 1065 2952; x_wconf 88' lang='grc' dir='ltr'>κτίσιν</span> <span class='ocrx_word' id='word_1_377' title='bbox 1094 2896 1398 2962; x_wconf 86' lang='grc' dir='ltr'>νοουμένων</span> <span class='ocrx_word' id='word_1_378' title='bbox 1424 2894 1876 2965; x_wconf 80' lang='grc' dir='ltr'>δεδημιούργητο,</span> 
     </span>
    </p>
   </div>
   <div class='ocr_carea' id='block_1_48' title="bbox 293 2982 1881 3062">
    <p class='ocr_par' dir='ltr' id='par_1_48' title="bbox 293 2982 1881 3062">
     <span class='ocr_line' id='line_1_48' title="bbox 293 2982 1881 3062; baseline -0.005 -17"><span class='ocrx_word' id='word_1_379' title='bbox 293 2990 450 3045; x_wconf 73' lang='grc' dir='ltr'>οὐδὲν</span> <span class='ocrx_word' id='word_1_380' title='bbox 476 2985 639 3062; x_wconf 80' lang='grc' dir='ltr'>ἦττον</span> <span class='ocrx_word' id='word_1_381' title='bbox 664 2986 735 3061; x_wconf 80' lang='grc' dir='ltr'>ἦν</span> <span class='ocrx_word' id='word_1_382' title='bbox 762 2990 828 3044; x_wconf 78' lang='grc' dir='ltr'><strong>ἂν</strong></span> <span class='ocrx_word' id='word_1_383' title='bbox 859 2991 887 3043; x_wconf 92' lang='lat'><strong>6</strong></span> <span class='ocrx_word' id='word_1_384' title='bbox 919 2989 1072 3052; x_wconf 82' lang='grc' dir='ltr'>Θεὸς,</span> <span class='ocrx_word' id='word_1_385' title='bbox 1110 2988 1248 3058; x_wconf 78' lang='grc' dir='ltr'>ὅπερ</span> <span class='ocrx_word' id='word_1_386' title='bbox 1284 2986 1380 3040; x_wconf 79' lang='grc' dir='ltr'>νῦν</span> <span class='ocrx_word' id='word_1_387' title='bbox 1418 2982 1558 3040; x_wconf 77' lang='grc' dir='ltr'>εἶναι</span> <span class='ocrx_word' id='word_1_388' title='bbox 1587 2985 1881 3038; x_wconf 79' lang='grc' dir='ltr'>πεπίστευ-</span> 
     </span>
    </p>
   </div>
   <div class='ocr_carea' id='block_1_49' title="bbox 292 3077 1882 3147">
    <p class='ocr_par' dir='ltr' id='par_1_49' title="bbox 292 3077 1882 3147">
     <span class='ocr_line' id='line_1_49' title="bbox 292 3077 1882 3147; baseline -0.005 -12"><span class='ocrx_word' id='word_1_389' title='bbox 292 3099 406 3145; x_wconf 85' lang='grc' dir='ltr'>ται,</span> <span class='ocrx_word' id='word_1_390' title='bbox 436 3081 587 3135; x_wconf 80' lang='grc' dir='ltr'>οὐδὲν</span> <span class='ocrx_word' id='word_1_391' title='bbox 625 3080 733 3134; x_wconf 83' lang='grc' dir='ltr'>τῶν</span> <span class='ocrx_word' id='word_1_392' title='bbox 762 3079 971 3134; x_wconf 83' lang='grc' dir='ltr'>αἰώνων</span> <span class='ocrx_word' id='word_1_393' title='bbox 1006 3081 1084 3143; x_wconf 89' lang='grc' dir='ltr'><strong>εἰς</strong></span> <span class='ocrx_word' id='word_1_394' title='bbox 1106 3080 1167 3132; x_wconf 84' lang='grc' dir='ltr'><strong>τὸ</strong></span> <span class='ocrx_word' id='word_1_395' title='bbox 1194 3077 1446 3147; x_wconf 87' lang='grc' dir='ltr'>γενέσθαι</span> <span class='ocrx_word' id='word_1_396' title='bbox 1480 3077 1508 3130; x_wconf 78' lang='grc' dir='ltr'><strong>ὅ</strong></span> <span class='ocrx_word' id='word_1_397' title='bbox 1541 3078 1680 3144; x_wconf 77' lang='grc' dir='ltr'>ἐστι,</span> <span class='ocrx_word' id='word_1_398' title='bbox 1711 3092 1882 3146; x_wconf 82' lang='grc' dir='ltr'>προσ-</span> 
     </span>
    </p>
   </div>
   <div class='ocr_carea' id='block_1_50' title="bbox 296 3170 1881 3245">
    <p class='ocr_par' dir='ltr' id='par_1_50' title="bbox 296 3170 1881 3245">
     <span class='ocr_line' id='line_1_50' title="bbox 296 3170 1881 3245; baseline -0.005 -15"><span class='ocrx_word' id='word_1_399' title='bbox 296 3174 565 3245; x_wconf 84' lang='grc' dir='ltr'>δεόμενος.</span> <span class='ocrx_word' id='word_1_400' title='bbox 608 3174 748 3228; x_wconf 79' lang='grc' dir='ltr'>Ἀλλ’</span> <span class='ocrx_word' id='word_1_401' title='bbox 773 3174 874 3231; x_wconf 79' lang='grc' dir='ltr'><strong>οὐκ</strong></span> <span class='ocrx_word' id='word_1_402' title='bbox 906 3173 1263 3239; x_wconf 83' lang='grc' dir='ltr'>ἐπείσακτον,</span> <span class='ocrx_word' id='word_1_403' title='bbox 1296 3173 1491 3243; x_wconf 63' lang='grc' dir='ltr'>φησιν,</span> <span class='ocrx_word' id='word_1_404' title='bbox 1528 3172 1646 3225; x_wconf 80' lang='grc' dir='ltr'>οὐδὲ</span> <span class='ocrx_word' id='word_1_405' title='bbox 1695 3170 1881 3224; x_wconf 74' lang='grc' dir='ltr'>σύνθεο</span> 
     </span>
    </p>
   </div>
   <div class='ocr_carea' id='block_1_51' title="bbox 292 3261 1882 3338">
    <p class='ocr_par' dir='ltr' id='par_1_51' title="bbox 292 3261 1882 3338">
     <span class='ocr_line' id='line_1_51' title="bbox 292 3261 1882 3338; baseline -0.003 -20"><span class='ocrx_word' id='word_1_406' title='bbox 292 3281 409 3327; x_wconf 89' lang='grc' dir='ltr'>τον,</span> <span class='ocrx_word' id='word_1_407' title='bbox 428 3264 549 3317; x_wconf 77' lang='grc' dir='ltr'>οὐδὲ</span> <span class='ocrx_word' id='word_1_408' title='bbox 566 3264 821 3338; x_wconf 81' lang='grc' dir='ltr'>διάφορον</span> <span class='ocrx_word' id='word_1_409' title='bbox 844 3264 956 3337; x_wconf 83' lang='grc' dir='ltr'>έχει</span> <span class='ocrx_word' id='word_1_410' title='bbox 979 3266 1142 3336; x_wconf 79' lang='grc' dir='ltr'>ζωήν.</span> <span class='ocrx_word' id='word_1_411' title='bbox 1173 3263 1344 3327; x_wconf 80' lang='grc' dir='ltr'>Αὐτὸς</span> <span class='ocrx_word' id='word_1_412' title='bbox 1361 3264 1469 3334; x_wconf 87' lang='grc' dir='ltr'><strong>γάρ</strong></span> <span class='ocrx_word' id='word_1_413' title='bbox 1485 3266 1632 3316; x_wconf 78' lang='grc' dir='ltr'>ἐστιν</span> <span class='ocrx_word' id='word_1_414' title='bbox 1656 3264 1689 3333; x_wconf 80' lang='grc' dir='ltr'><strong>η</strong></span> <span class='ocrx_word' id='word_1_415' title='bbox 1716 3261 1882 3325; x_wconf 75' lang='grc' dir='ltr'>ἀΐδιος</span> 
     </span>
    </p>
   </div>
   <div class='ocr_carea' id='block_1_52' title="bbox 296 3352 1881 3428">
    <p class='ocr_par' dir='ltr' id='par_1_52' title="bbox 296 3352 1881 3428">
     <span class='ocr_line' id='line_1_52' title="bbox 296 3352 1881 3428; baseline -0.004 -17"><span class='ocrx_word' id='word_1_416' title='bbox 296 3355 433 3427; x_wconf 79' lang='grc' dir='ltr'>ζωὴ,</span> <span class='ocrx_word' id='word_1_417' title='bbox 461 3356 581 3409; x_wconf 84' lang='grc' dir='ltr'>κατ’</span> <span class='ocrx_word' id='word_1_418' title='bbox 608 3357 776 3428; x_wconf 81' lang='grc' dir='ltr'>αὐτὴν</span> <span class='ocrx_word' id='word_1_419' title='bbox 809 3358 907 3428; x_wconf 81' lang='grc' dir='ltr'>τὴν</span> <span class='ocrx_word' id='word_1_420' title='bbox 937 3356 1081 3427; x_wconf 80' lang='grc' dir='ltr'>ζωὴν</span> <span class='ocrx_word' id='word_1_421' title='bbox 1110 3356 1396 3419; x_wconf 76' lang='grc' dir='ltr'>ἀθάνατος,</span> <span class='ocrx_word' id='word_1_422' title='bbox 1425 3357 1545 3409; x_wconf 81' lang='grc' dir='ltr'>κατ’</span> <span class='ocrx_word' id='word_1_423' title='bbox 1585 3352 1754 3424; x_wconf 78' lang='grc' dir='ltr'>αὐτὴν</span> <span class='ocrx_word' id='word_1_424' title='bbox 1779 3352 1881 3423; x_wconf 82' lang='grc' dir='ltr'>τὴν</span> 
     </span>
    </p>
   </div>
   <div class='ocr_carea' id='block_1_53' title="bbox 1978 2159 3554 2236">
    <p class='ocr_par' dir='ltr' id='par_1_53' title="bbox 1978 2159 3554 2236">
     <span class='ocr_line' id='line_1_53' title="bbox 1978 2159 3554 2236; baseline 0.004 -23"><span class='ocrx_word' id='word_1_425' title='bbox 1978 2160 2187 2214; x_wconf 90' lang='lat' dir='ltr'><strong>miuum</strong></span> <span class='ocrx_word' id='word_1_426' title='bbox 2219 2162 2630 2225; x_wconf 79' lang='lat' dir='ltr'><strong>conversionem</strong></span> <span class='ocrx_word' id='word_1_427' title='bbox 2662 2159 2901 2217; x_wconf 83' lang='lat' dir='ltr'><strong>fecisset.</strong></span> <span class='ocrx_word' id='word_1_428' title='bbox 2932 2160 3040 2216; x_wconf 88' lang='lat' dir='ltr'><strong>Sed</strong></span> <span class='ocrx_word' id='word_1_429' title='bbox 3070 2170 3269 2219; x_wconf 88' lang='lat' dir='ltr'><strong>natura</strong></span> <span class='ocrx_word' id='word_1_430' title='bbox 3290 2204 3305 2230; x_wconf 96' lang='lat'><strong>,</strong></span> <span class='ocrx_word' id='word_1_431' title='bbox 3339 2163 3554 2236; x_wconf 83' lang='lat' dir='ltr'><strong>inquit,</strong></span> 
     </span>
    </p>
   </div>
   <div class='ocr_carea' id='block_1_54' title="bbox 1977 2248 3552 2325">
    <p class='ocr_par' dir='ltr' id='par_1_54' title="bbox 1977 2248 3552 2325">
     <span class='ocr_line' id='line_1_54' title="bbox 1977 2248 3552 2325; baseline 0.003 -20"><span class='ocrx_word' id='word_1_432' title='bbox 1977 2257 2031 2305; x_wconf 89' lang='lat' dir='ltr'><strong>et</strong></span> <span class='ocrx_word' id='word_1_433' title='bbox 2065 2265 2171 2305; x_wconf 90' lang='lat' dir='ltr'><strong>non</strong></span> <span class='ocrx_word' id='word_1_434' title='bbox 2205 2250 2535 2305; x_wconf 64' lang='lat' dir='ltr'><strong>saeculorum</strong></span> <span class='ocrx_word' id='word_1_435' title='bbox 2572 2249 2918 2322; x_wconf 86' lang='lat' dir='ltr'><strong>appositione</strong></span> <span class='ocrx_word' id='word_1_436' title='bbox 2953 2248 3100 2306; x_wconf 88' lang='lat' dir='ltr'><strong>Deus</strong></span> <span class='ocrx_word' id='word_1_437' title='bbox 3131 2260 3217 2317; x_wconf 83' lang='lat' dir='ltr'><strong>est</strong></span> <span class='ocrx_word' id='word_1_438' title='bbox 3252 2252 3552 2325; x_wconf 83' lang='lat' dir='ltr'><strong>ingenitus.</strong></span> 
     </span>
    </p>
   </div>
   <div class='ocr_carea' id='block_1_55' title="bbox 1979 2338 3555 2406">
    <p class='ocr_par' dir='ltr' id='par_1_55' title="bbox 1979 2338 3555 2406">
     <span class='ocr_line' id='line_1_55' title="bbox 1979 2338 3555 2406; baseline 0.006 -13"><span class='ocrx_word' id='word_1_439' title='bbox 1979 2338 2113 2406; x_wconf 84' lang='lat' dir='ltr'><strong>Quis</strong></span> <span class='ocrx_word' id='word_1_440' title='bbox 2145 2340 2214 2395; x_wconf 90' lang='lat' dir='ltr'><strong>de</strong></span> <span class='ocrx_word' id='word_1_441' title='bbox 2241 2356 2306 2395; x_wconf 90' lang='lat' dir='ltr'><strong>eo</strong></span> <span class='ocrx_word' id='word_1_442' title='bbox 2335 2340 2669 2405; x_wconf 89' lang='lat' dir='ltr'><strong>contendat,</strong></span> <span class='ocrx_word' id='word_1_443' title='bbox 2705 2340 2872 2396; x_wconf 91' lang='lat' dir='ltr'><strong>Deum</strong></span> <span class='ocrx_word' id='word_1_444' title='bbox 2907 2356 3016 2396; x_wconf 91' lang='lat' dir='ltr'><strong>non</strong></span> <span class='ocrx_word' id='word_1_445' title='bbox 3047 2351 3247 2401; x_wconf 86' lang='lat' dir='ltr'><strong>natura</strong></span> <span class='ocrx_word' id='word_1_446' title='bbox 3289 2343 3345 2399; x_wconf 91' lang='lat' dir='ltr'><strong>id</strong></span> <span class='ocrx_word' id='word_1_447' title='bbox 3391 2360 3555 2403; x_wconf 88' lang='lat' dir='ltr'><strong>omne</strong></span> 
     </span>
    </p>
   </div>
   <div class='ocr_carea' id='block_1_56' title="bbox 1979 2429 3556 2506">
    <p class='ocr_par' dir='ltr' id='par_1_56' title="bbox 1979 2429 3556 2506">
     <span class='ocr_line' id='line_1_56' title="bbox 1979 2429 3556 2506; baseline 0.005 -23"><span class='ocrx_word' id='word_1_448' title='bbox 1979 2445 2104 2484; x_wconf 91' lang='lat' dir='ltr'><strong>esse</strong></span> <span class='ocrx_word' id='word_1_449' title='bbox 2129 2430 2273 2500; x_wconf 90' lang='lat' dir='ltr'><strong>quod</strong></span> <span class='ocrx_word' id='word_1_450' title='bbox 2307 2430 2467 2485; x_wconf 86' lang='lat' dir='ltr'><strong>etiam</strong></span> <span class='ocrx_word' id='word_1_451' title='bbox 2495 2429 2746 2484; x_wconf 81' lang='lat' dir='ltr'><strong>dicitur?</strong></span> <span class='ocrx_word' id='word_1_452' title='bbox 2772 2429 2985 2486; x_wconf 86' lang='lat' dir='ltr'><strong>Etenim</strong></span> <span class='ocrx_word' id='word_1_453' title='bbox 3016 2440 3071 2487; x_wconf 93' lang='lat' dir='ltr'><strong>et</strong></span> <span class='ocrx_word' id='word_1_454' title='bbox 3097 2432 3307 2502; x_wconf 89' lang='lat' dir='ltr'><strong>justum</strong></span> <span class='ocrx_word' id='word_1_455' title='bbox 3328 2473 3344 2498; x_wconf 93' lang='lat'><strong>,</strong></span> <span class='ocrx_word' id='word_1_456' title='bbox 3374 2442 3428 2490; x_wconf 91' lang='lat' dir='ltr'><strong>et</strong></span> <span class='ocrx_word' id='word_1_457' title='bbox 3457 2450 3556 2506; x_wconf 92' lang='lat' dir='ltr'><strong>po-</strong></span> 
     </span>
    </p>
   </div>
   <div class='ocr_carea' id='block_1_57' title="bbox 1979 2521 3558 2598">
    <p class='ocr_par' dir='ltr' id='par_1_57' title="bbox 1979 2521 3558 2598">
     <span class='ocr_line' id='line_1_57' title="bbox 1979 2521 3558 2598; baseline 0.005 -21"><span class='ocrx_word' id='word_1_458' title='bbox 1979 2530 2183 2577; x_wconf 82' lang='lat' dir='ltr'><strong>tentem</strong></span> <span class='ocrx_word' id='word_1_459' title='bbox 2204 2562 2217 2587; x_wconf 95' lang='lat'><strong>,</strong></span> <span class='ocrx_word' id='word_1_460' title='bbox 2253 2530 2307 2577; x_wconf 89' lang='lat' dir='ltr'><strong>et</strong></span> <span class='ocrx_word' id='word_1_461' title='bbox 2338 2521 2552 2577; x_wconf 83' lang='lat' dir='ltr'><strong>Patrem</strong></span> <span class='ocrx_word' id='word_1_462' title='bbox 2573 2564 2587 2589; x_wconf 93' lang='lat'><strong>,</strong></span> <span class='ocrx_word' id='word_1_463' title='bbox 2618 2533 2671 2578; x_wconf 92' lang='lat' dir='ltr'><strong>et</strong></span> <span class='ocrx_word' id='word_1_464' title='bbox 2698 2524 3172 2595; x_wconf 85' lang='lat' dir='ltr'><strong>incorruptibilem</strong></span> <span class='ocrx_word' id='word_1_465' title='bbox 3200 2542 3219 2595; x_wconf 86' lang='lat'><strong>;</strong></span> <span class='ocrx_word' id='word_1_466' title='bbox 3252 2542 3426 2598; x_wconf 88' lang='lat' dir='ltr'><strong>neque</strong></span> <span class='ocrx_word' id='word_1_467' title='bbox 3454 2544 3558 2585; x_wconf 66' lang='lat' dir='ltr'><strong>sa-</strong></span> 
     </span>
    </p>
   </div>
   <div class='ocr_carea' id='block_1_58' title="bbox 1979 2614 3558 2692">
    <p class='ocr_par' dir='ltr' id='par_1_58' title="bbox 1979 2614 3558 2692">
     <span class='ocr_line' id='line_1_58' title="bbox 1979 2614 3558 2692; baseline 0.004 -22"><span class='ocrx_word' id='word_1_468' title='bbox 1979 2616 2229 2670; x_wconf 90' lang='lat' dir='ltr'><strong>culorum</strong></span> <span class='ocrx_word' id='word_1_469' title='bbox 2280 2614 2628 2684; x_wconf 88' lang='lat' dir='ltr'><strong>appositione</strong></span> <span class='ocrx_word' id='word_1_470' title='bbox 2677 2614 2847 2671; x_wconf 87' lang='lat' dir='ltr'><strong>Deum</strong></span> <span class='ocrx_word' id='word_1_471' title='bbox 2900 2632 3025 2672; x_wconf 83' lang='lat' dir='ltr'><strong>esse</strong></span> <span class='ocrx_word' id='word_1_472' title='bbox 3071 2616 3345 2685; x_wconf 85' lang='lat' dir='ltr'><strong>dicimus,</strong></span> <span class='ocrx_word' id='word_1_473' title='bbox 3380 2635 3558 2692; x_wconf 85' lang='lat' dir='ltr'><strong>neque</strong></span> 
     </span>
    </p>
   </div>
   <div class='ocr_carea' id='block_1_59' title="bbox 1978 2706 3559 2783">
    <p class='ocr_par' dir='ltr' id='par_1_59' title="bbox 1978 2706 3559 2783">
     <span class='ocr_line' id='line_1_59' title="bbox 1978 2706 3559 2783; baseline 0.004 -22"><span class='ocrx_word' id='word_1_474' title='bbox 1978 2721 2102 2761; x_wconf 91' lang='lat' dir='ltr'><strong>cum</strong></span> <span class='ocrx_word' id='word_1_475' title='bbox 2135 2707 2307 2762; x_wconf 77' lang='lat' dir='ltr'><strong>altero</strong></span> <span class='ocrx_word' id='word_1_476' title='bbox 2339 2721 2530 2761; x_wconf 88' lang='lat' dir='ltr'><strong>eorum</strong></span> <span class='ocrx_word' id='word_1_477' title='bbox 2560 2722 2684 2776; x_wconf 83' lang='lat' dir='ltr'><strong>quae</strong></span> <span class='ocrx_word' id='word_1_478' title='bbox 2716 2714 2847 2762; x_wconf 90' lang='lat' dir='ltr'><strong>sunt</strong></span> <span class='ocrx_word' id='word_1_479' title='bbox 2875 2706 3183 2775; x_wconf 86' lang='lat' dir='ltr'><strong>relatione;</strong></span> <span class='ocrx_word' id='word_1_480' title='bbox 3219 2708 3315 2764; x_wconf 85' lang='lat' dir='ltr'><strong>sed</strong></span> <span class='ocrx_word' id='word_1_481' title='bbox 3347 2710 3402 2765; x_wconf 92' lang='lat' dir='ltr'><strong>in</strong></span> <span class='ocrx_word' id='word_1_482' title='bbox 3436 2712 3559 2783; x_wconf 90' lang='lat' dir='ltr'><strong>ipso</strong></span> 
     </span>
    </p>
   </div>
   <div class='ocr_carea' id='block_1_60' title="bbox 1980 2797 3554 2871">
    <p class='ocr_par' dir='ltr' id='par_1_60' title="bbox 1980 2797 3554 2871">
     <span class='ocr_line' id='line_1_60' title="bbox 1980 2797 3554 2871; baseline 0.006 -20"><span class='ocrx_word' id='word_1_483' title='bbox 1980 2797 2228 2866; x_wconf 87' lang='lat' dir='ltr'><strong>subjecto</strong></span> <span class='ocrx_word' id='word_1_484' title='bbox 2248 2837 2262 2862; x_wconf 93' lang='lat'><strong>,</strong></span> <span class='ocrx_word' id='word_1_485' title='bbox 2292 2797 2560 2868; x_wconf 89' lang='lat' dir='ltr'><strong>quidquid</strong></span> <span class='ocrx_word' id='word_1_486' title='bbox 2585 2797 2803 2853; x_wconf 86' lang='lat' dir='ltr'><strong>tandem</strong></span> <span class='ocrx_word' id='word_1_487' title='bbox 2833 2798 3133 2853; x_wconf 88' lang='lat' dir='ltr'><strong>secundum</strong></span> <span class='ocrx_word' id='word_1_488' title='bbox 3160 2806 3411 2856; x_wconf 84' lang='lat' dir='ltr'><strong>naturam</strong></span> <span class='ocrx_word' id='word_1_489' title='bbox 3435 2813 3519 2859; x_wconf 87' lang='lat' dir='ltr'><strong>est</strong></span> <span class='ocrx_word' id='word_1_490' title='bbox 3537 2844 3554 2871; x_wconf 90' lang='lat'><strong>,</strong></span> 
     </span>
    </p>
   </div>
   <div class='ocr_carea' id='block_1_61' title="bbox 1981 2890 3556 2962">
    <p class='ocr_par' dir='ltr' id='par_1_61' title="bbox 1981 2890 3556 2962">
     <span class='ocr_line' id='line_1_61' title="bbox 1981 2890 3556 2962; baseline 0.006 -19"><span class='ocrx_word' id='word_1_491' title='bbox 1981 2904 2198 2945; x_wconf 90' lang='lat' dir='ltr'><strong>omnem</strong></span> <span class='ocrx_word' id='word_1_492' title='bbox 2240 2891 2385 2961; x_wconf 91' lang='lat' dir='ltr'><strong>piam</strong></span> <span class='ocrx_word' id='word_1_493' title='bbox 2420 2890 2735 2960; x_wconf 88' lang='lat' dir='ltr'><strong>opinionem</strong></span> <span class='ocrx_word' id='word_1_494' title='bbox 2766 2891 3243 2962; x_wconf 82' lang='lat' dir='ltr'><strong>contemplamur:</strong></span> <span class='ocrx_word' id='word_1_495' title='bbox 3290 2903 3348 2950; x_wconf 93' lang='lat' dir='ltr'><strong>ut</strong></span> <span class='ocrx_word' id='word_1_496' title='bbox 3392 2896 3441 2950; x_wconf 91' lang='lat' dir='ltr'><strong>si</strong></span> <span class='ocrx_word' id='word_1_497' title='bbox 3488 2912 3556 2953; x_wconf 74' lang='lat' dir='ltr'><strong>ex</strong></span> 
     </span>
    </p>
   </div>
   <div class='ocr_carea' id='block_1_62' title="bbox 1981 2982 3559 3057">
    <p class='ocr_par' dir='ltr' id='par_1_62' title="bbox 1981 2982 3559 3057">
     <span class='ocr_line' id='line_1_62' title="bbox 1981 2982 3559 3057; baseline 0.004 -20"><span class='ocrx_word' id='word_1_498' title='bbox 1981 2982 2357 3051; x_wconf 86' lang='lat' dir='ltr'><strong>suppositione</strong></span> <span class='ocrx_word' id='word_1_499' title='bbox 2403 2998 2580 3052; x_wconf 92' lang='lat' dir='ltr'><strong>neque</strong></span> <span class='ocrx_word' id='word_1_500' title='bbox 2623 2983 2927 3049; x_wconf 69' lang='lat' dir='ltr'><strong>saeculum,</strong></span> <span class='ocrx_word' id='word_1_501' title='bbox 2972 2998 3154 3055; x_wconf 89' lang='lat' dir='ltr'><strong>neque</strong></span> <span class='ocrx_word' id='word_1_502' title='bbox 3198 2984 3351 3041; x_wconf 88' lang='lat' dir='ltr'><strong>aliud</strong></span> <span class='ocrx_word' id='word_1_503' title='bbox 3398 2988 3559 3057; x_wconf 85' lang='lat' dir='ltr'><strong>quid-</strong></span> 
     </span>
    </p>
   </div>
   <div class='ocr_carea' id='block_1_63' title="bbox 1980 3076 3559 3146">
    <p class='ocr_par' dir='ltr' id='par_1_63' title="bbox 1980 3076 3559 3146">
     <span class='ocr_line' id='line_1_63' title="bbox 1980 3076 3559 3146; baseline 0.007 -20"><span class='ocrx_word' id='word_1_504' title='bbox 1980 3090 2141 3143; x_wconf 89' lang='lat' dir='ltr'><strong>quam</strong></span> <span class='ocrx_word' id='word_1_505' title='bbox 2172 3090 2393 3141; x_wconf 88' lang='lat' dir='ltr'><strong>eorum,</strong></span> <span class='ocrx_word' id='word_1_506' title='bbox 2446 3091 2570 3146; x_wconf 69' lang='lat' dir='ltr'><strong>quae</strong></span> <span class='ocrx_word' id='word_1_507' title='bbox 2624 3076 2926 3131; x_wconf 87' lang='lat' dir='ltr'><strong>secundum</strong></span> <span class='ocrx_word' id='word_1_508' title='bbox 2976 3077 3311 3135; x_wconf 90' lang='lat' dir='ltr'><strong>creationem</strong></span> <span class='ocrx_word' id='word_1_509' title='bbox 3354 3080 3559 3138; x_wconf 85' lang='lat' dir='ltr'><strong>intelli-</strong></span> 
     </span>
    </p>
   </div>
   <div class='ocr_carea' id='block_1_64' title="bbox 1981 3165 3559 3234">
    <p class='ocr_par' dir='ltr' id='par_1_64' title="bbox 1981 3165 3559 3234">
     <span class='ocr_line' id='line_1_64' title="bbox 1981 3165 3559 3234; baseline 0.009 -19"><span class='ocrx_word' id='word_1_510' title='bbox 1981 3172 2205 3234; x_wconf 88' lang='lat' dir='ltr'><strong>guutur,</strong></span> <span class='ocrx_word' id='word_1_511' title='bbox 2254 3173 2401 3220; x_wconf 85' lang='lat' dir='ltr'><strong>esset</strong></span> <span class='ocrx_word' id='word_1_512' title='bbox 2448 3165 2767 3233; x_wconf 89' lang='lat' dir='ltr'><strong>conditum,</strong></span> <span class='ocrx_word' id='word_1_513' title='bbox 2810 3167 3174 3225; x_wconf 84' lang='lat' dir='ltr'><strong>nihilominus</strong></span> <span class='ocrx_word' id='word_1_514' title='bbox 3222 3180 3370 3228; x_wconf 90' lang='lat' dir='ltr'><strong>esset</strong></span> <span class='ocrx_word' id='word_1_515' title='bbox 3413 3168 3559 3229; x_wconf 86' lang='lat' dir='ltr'><strong>Dens</strong></span> 
     </span>
    </p>
   </div>
   <div class='ocr_carea' id='block_1_65' title="bbox 1980 3256 3560 3333">
    <p class='ocr_par' dir='ltr' id='par_1_65' title="bbox 1980 3256 3560 3333">
     <span class='ocr_line' id='line_1_65' title="bbox 1980 3256 3560 3333; baseline 0.007 -26"><span class='ocrx_word' id='word_1_516' title='bbox 1980 3256 2126 3325; x_wconf 84' lang='lat' dir='ltr'><strong>quod</strong></span> <span class='ocrx_word' id='word_1_517' title='bbox 2162 3270 2306 3309; x_wconf 91' lang='lat' dir='ltr'><strong>nunc</strong></span> <span class='ocrx_word' id='word_1_518' title='bbox 2336 3270 2461 3311; x_wconf 90' lang='lat' dir='ltr'><strong>esse</strong></span> <span class='ocrx_word' id='word_1_519' title='bbox 2490 3256 2763 3312; x_wconf 89' lang='lat' dir='ltr'><strong>creditum</strong></span> <span class='ocrx_word' id='word_1_520' title='bbox 2800 3264 2916 3321; x_wconf 91' lang='grc' dir='ltr'>εει,</span> <span class='ocrx_word' id='word_1_521' title='bbox 2948 3258 3085 3313; x_wconf 91' lang='lat' dir='ltr'><strong>nihil</strong></span> <span class='ocrx_word' id='word_1_522' title='bbox 3117 3267 3176 3314; x_wconf 91' lang='lat' dir='ltr'><strong>ut</strong></span> <span class='ocrx_word' id='word_1_523' title='bbox 3202 3261 3275 3316; x_wconf 89' lang='lat' dir='ltr'><strong>sit</strong></span> <span class='ocrx_word' id='word_1_524' title='bbox 3303 3262 3450 3333; x_wconf 83' lang='lat' dir='ltr'><strong>quod</strong></span> <span class='ocrx_word' id='word_1_525' title='bbox 3475 3272 3560 3320; x_wconf 91' lang='lat' dir='ltr'><strong>est</strong></span> 
     </span>
    </p>
   </div>
   <div class='ocr_carea' id='block_1_66' title="bbox 1982 3346 3562 3419">
    <p class='ocr_par' dir='ltr' id='par_1_66' title="bbox 1982 3346 3562 3419">
     <span class='ocr_line' id='line_1_66' title="bbox 1982 3346 3562 3419; baseline 0.006 -17"><span class='ocrx_word' id='word_1_526' title='bbox 1982 3346 2200 3402; x_wconf 72' lang='lat' dir='ltr'><strong>sazcalis</strong></span> <span class='ocrx_word' id='word_1_527' title='bbox 2230 3346 2513 3419; x_wconf 51' lang='lat' dir='ltr'><strong>indigens,</strong></span> <span class='ocrx_word' id='word_1_528' title='bbox 2549 3346 2655 3402; x_wconf 89' lang='lat' dir='ltr'><strong>Sed</strong></span> <span class='ocrx_word' id='word_1_529' title='bbox 2700 3349 2777 3401; x_wconf 90' lang='lat' dir='ltr'><strong>ait</strong></span> <span class='ocrx_word' id='word_1_530' title='bbox 2819 3363 3001 3419; x_wconf 91' lang='lat' dir='ltr'><strong>neque</strong></span> <span class='ocrx_word' id='word_1_531' title='bbox 3042 3349 3431 3419; x_wconf 87' lang='lat' dir='ltr'><strong>adventitiam,</strong></span> <span class='ocrx_word' id='word_1_532' title='bbox 3462 3369 3562 3411; x_wconf 86' lang='lat' dir='ltr'><strong>ne-</strong></span> 
     </span>
    </p>
   </div>
   <div class='ocr_carea' id='block_1_67' title="bbox 294 3418 1877 3520">
    <p class='ocr_par' dir='ltr' id='par_1_67' title="bbox 294 3418 1877 3520">
     <span class='ocr_line' id='line_1_67' title="bbox 294 3418 1877 3520; baseline -0.003 -18"><span class='ocrx_word' id='word_1_533' title='bbox 294 3418 595 3502; x_wconf 71' lang='grc' dir='ltr'>ἀθανασίαν</span> <span class='ocrx_word' id='word_1_534' title='bbox 637 3418 1151 3520; x_wconf 31' lang='grc' dir='ltr'>ἄφθαρτοςίταῦτα</span> <span class='ocrx_word' id='word_1_535' title='bbox 1185 3450 1278 3503; x_wconf 75' lang='grc' dir='ltr'><strong>καὶ</strong></span> <span class='ocrx_word' id='word_1_536' title='bbox 1324 3448 1451 3518; x_wconf 81' lang='grc' dir='ltr'><strong>περί</strong></span> <span class='ocrx_word' id='word_1_537' title='bbox 1501 3445 1592 3500; x_wconf 75' lang='grc' dir='ltr'>τοῦ</span> <span class='ocrx_word' id='word_1_538' title='bbox 1639 3418 1877 3513; x_wconf 74' lang='grc' dir='ltr'>Μονογε-</span> 
     </span>
    </p>
   </div>
   <div class='ocr_carea' id='block_1_68' title="bbox 1981 3418 3559 3520">
    <p class='ocr_par' dir='ltr' id='par_1_68' title="bbox 1986 3418 3559 3510">
     <span class='ocr_line' id='line_1_68' title="bbox 1986 3418 3559 3510; baseline 0.006 -18"><span class='ocrx_word' id='word_1_539' title='bbox 1986 3454 2094 3509; x_wconf 91' lang='lat' dir='ltr'><strong>qae</strong></span> <span class='ocrx_word' id='word_1_540' title='bbox 2123 3418 2526 3509; x_wconf 80' lang='lat' dir='ltr'><strong>compositam,</strong></span> <span class='ocrx_word' id='word_1_541' title='bbox 2559 3455 2737 3510; x_wconf 86' lang='lat' dir='ltr'><strong>neque</strong></span> <span class='ocrx_word' id='word_1_542' title='bbox 2765 3418 3108 3496; x_wconf 80' lang='lat' dir='ltr'><strong>diﬁerentem</strong></span> <span class='ocrx_word' id='word_1_543' title='bbox 3136 3441 3342 3500; x_wconf 88' lang='lat' dir='ltr'><strong>habere</strong></span> <span class='ocrx_word' id='word_1_544' title='bbox 3368 3418 3559 3501; x_wconf 86' lang='lat' dir='ltr'><strong>vitam.</strong></span> 
     </span>
    </p>
   </div>
   <div class='ocr_carea' id='block_1_69' title="bbox 294 3535 1880 3609">
    <p class='ocr_par' dir='ltr' id='par_1_69' title="bbox 294 3535 1880 3609">
     <span class='ocr_line' id='line_1_69' title="bbox 294 3535 1880 3609; baseline -0.003 -18"><span class='ocrx_word' id='word_1_545' title='bbox 294 3537 421 3602; x_wconf 73' lang='grc' dir='ltr'>νοῦς</span> <span class='ocrx_word' id='word_1_546' title='bbox 472 3538 890 3609; x_wconf 82' lang='grc' dir='ltr'>μεμαθήκαμεν,</span> <span class='ocrx_word' id='word_1_547' title='bbox 934 3538 1028 3591; x_wconf 76' lang='grc' dir='ltr'>καὶ</span> <span class='ocrx_word' id='word_1_548' title='bbox 1067 3539 1096 3591; x_wconf 86' lang='grc' dir='ltr'>ὁ</span> <span class='ocrx_word' id='word_1_549' title='bbox 1127 3538 1423 3605; x_wconf 83' lang='grc' dir='ltr'>ἀντιλέγων</span> <span class='ocrx_word' id='word_1_550' title='bbox 1456 3538 1555 3590; x_wconf 68' lang='grc' dir='ltr'><strong>οὐκ</strong></span> <span class='ocrx_word' id='word_1_551' title='bbox 1601 3535 1781 3597; x_wconf 78' lang='grc' dir='ltr'>ἔστιν,</span> <span class='ocrx_word' id='word_1_552' title='bbox 1829 3535 1880 3588; x_wconf 89' lang='grc' dir='ltr'><strong>εἰ</strong></span> 
     </span>
    </p>
   </div>
   <div class='ocr_carea' id='block_1_70' title="bbox 300 3614 1879 3700">
    <p class='ocr_par' dir='ltr' id='par_1_70' title="bbox 300 3614 1879 3700">
     <span class='ocr_line' id='line_1_70' title="bbox 300 3614 1879 3700; baseline -0.004 -18"><span class='ocrx_word' id='word_1_553' title='bbox 300 3630 376 3699; x_wconf 78' lang='grc' dir='ltr'>μή</span> <span class='ocrx_word' id='word_1_554' title='bbox 416 3645 502 3691; x_wconf 91' lang='grc' dir='ltr'><strong>τις</strong></span> <span class='ocrx_word' id='word_1_555' title='bbox 532 3628 637 3700; x_wconf 82' lang='grc' dir='ltr'>ἄρα</span> <span class='ocrx_word' id='word_1_556' title='bbox 673 3631 795 3693; x_wconf 86' lang='grc' dir='ltr'>ταῖς</span> <span class='ocrx_word' id='word_1_557' title='bbox 842 3614 1088 3682; x_wconf 74' lang='grc' dir='ltr'>Ἰωάννου</span> <span class='ocrx_word' id='word_1_558' title='bbox 1119 3632 1324 3697; x_wconf 79' lang='grc' dir='ltr'>φωναῖς</span> <span class='ocrx_word' id='word_1_559' title='bbox 1354 3629 1419 3682; x_wconf 74' lang='grc' dir='ltr'>ὲκ</span> <span class='ocrx_word' id='word_1_560' title='bbox 1444 3625 1537 3679; x_wconf 78' lang='grc' dir='ltr'>τοῦ</span> <span class='ocrx_word' id='word_1_561' title='bbox 1572 3624 1879 3698; x_wconf 74' lang='grc' dir='ltr'>προφανοῦς</span> 
     </span>
    </p>
   </div>
   <div class='ocr_carea' id='block_1_71' title="bbox 292 3714 1877 3791">
    <p class='ocr_par' dir='ltr' id='par_1_71' title="bbox 292 3714 1877 3791">
     <span class='ocr_line' id='line_1_71' title="bbox 292 3714 1877 3791; baseline -0.003 -19"><span class='ocrx_word' id='word_1_562' title='bbox 292 3719 633 3790; x_wconf 85' lang='grc' dir='ltr'>διαμάχοιτο.</span> <span class='ocrx_word' id='word_1_563' title='bbox 687 3718 823 3773; x_wconf 71' lang='grc' dir='ltr'>Οὔτε</span> <span class='ocrx_word' id='word_1_564' title='bbox 877 3720 986 3791; x_wconf 79' lang='grc' dir='ltr'>γὰρ</span> <span class='ocrx_word' id='word_1_565' title='bbox 1033 3718 1331 3789; x_wconf 80' lang='grc' dir='ltr'>ἐπεισήχθη</span> <span class='ocrx_word' id='word_1_566' title='bbox 1381 3716 1460 3788; x_wconf 81' lang='grc' dir='ltr'><strong>τῷ</strong></span> <span class='ocrx_word' id='word_1_567' title='bbox 1507 3716 1690 3787; x_wconf 81' lang='grc' dir='ltr'>Υἰῷή</span> <span class='ocrx_word' id='word_1_568' title='bbox 1743 3714 1877 3786; x_wconf 79' lang='grc' dir='ltr'><strong>ζωή.</strong></span> 
     </span>
    </p>
   </div>
   <div class='ocr_carea' id='block_1_72' title="bbox 308 3805 1878 3885">
    <p class='ocr_par' dir='ltr' id='par_1_72' title="bbox 308 3805 1878 3885">
     <span class='ocr_line' id='line_1_72' title="bbox 308 3805 1878 3885; baseline -0.004 -20"><span class='ocrx_word' id='word_1_569' title='bbox 308 3810 458 3882; x_wconf 77' lang='grc' dir='ltr'><strong>Ἐγὼ</strong></span> <span class='ocrx_word' id='word_1_570' title='bbox 487 3811 595 3885; x_wconf 82' lang='grc' dir='ltr'><strong>γάρ</strong></span> <span class='ocrx_word' id='word_1_571' title='bbox 620 3813 755 3880; x_wconf 82' lang='grc' dir='ltr'>εἰμι,</span> <span class='ocrx_word' id='word_1_572' title='bbox 783 3812 967 3881; x_wconf 72' lang='grc' dir='ltr'>φησιν,</span> <span class='ocrx_word' id='word_1_573' title='bbox 992 3811 1031 3879; x_wconf 77' lang='grc' dir='ltr'>ἡ</span> <span class='ocrx_word' id='word_1_574' title='bbox 1056 3809 1186 3876; x_wconf 77' lang='grc' dir='ltr'><strong>ζωή.</strong></span> <span class='ocrx_word' id='word_1_575' title='bbox 1216 3808 1355 3864; x_wconf 75' lang='grc' dir='ltr'>Οὖτε</span> <span class='ocrx_word' id='word_1_576' title='bbox 1378 3807 1630 3870; x_wconf 85' lang='grc' dir='ltr'>σύνθετος</span> <span class='ocrx_word' id='word_1_577' title='bbox 1649 3805 1814 3859; x_wconf 80' lang='grc' dir='ltr'>αὐτοῦ</span> <span class='ocrx_word' id='word_1_578' title='bbox 1845 3807 1878 3876; x_wconf 80' lang='grc' dir='ltr'>ὴ</span> 
     </span>
    </p>
   </div>
   <div class='ocr_carea' id='block_1_73' title="bbox 295 3897 1880 3974">
    <p class='ocr_par' dir='ltr' id='par_1_73' title="bbox 295 3897 1880 3974">
     <span class='ocr_line' id='line_1_73' title="bbox 295 3897 1880 3974; baseline -0.005 -16"><span class='ocrx_word' id='word_1_579' title='bbox 295 3904 435 3973; x_wconf 74' lang='grc' dir='ltr'>ζωὴ,</span> <span class='ocrx_word' id='word_1_580' title='bbox 488 3901 614 3957; x_wconf 76' lang='grc' dir='ltr'>οὔτε</span> <span class='ocrx_word' id='word_1_581' title='bbox 656 3903 934 3974; x_wconf 83' lang='grc' dir='ltr'>διάφορος,</span> <span class='ocrx_word' id='word_1_582' title='bbox 969 3902 1106 3957; x_wconf 85' lang='grc' dir='ltr'><strong>ἀλλά</strong></span> <span class='ocrx_word' id='word_1_583' title='bbox 1153 3900 1294 3956; x_wconf 86' lang='grc' dir='ltr'><strong>κατά</strong></span> <span class='ocrx_word' id='word_1_584' title='bbox 1342 3900 1545 3971; x_wconf 89' lang='grc' dir='ltr'>ταύτην</span> <span class='ocrx_word' id='word_1_585' title='bbox 1587 3899 1697 3972; x_wconf 12' lang='grc' dir='ltr'>τὴν»</span> <span class='ocrx_word' id='word_1_586' title='bbox 1733 3897 1880 3968; x_wconf 76' lang='grc' dir='ltr'>ζωήν</span> 
     </span>
    </p>
   </div>
   <div class='ocr_carea' id='block_1_74' title="bbox 294 3990 1879 4063">
    <p class='ocr_par' dir='ltr' id='par_1_74' title="bbox 294 3990 1879 4063">
     <span class='ocr_line' id='line_1_74' title="bbox 294 3990 1879 4063; baseline -0.003 -16"><span class='ocrx_word' id='word_1_587' title='bbox 294 3995 443 4047; x_wconf 73' lang='grc' dir='ltr'>ιστιν</span> <span class='ocrx_word' id='word_1_588' title='bbox 475 3993 761 4057; x_wconf 79' lang='grc' dir='ltr'>ἀθάνατος.</span> <span class='ocrx_word' id='word_1_589' title='bbox 806 3993 920 4047; x_wconf 85' lang='grc' dir='ltr'>Τίνι</span> <span class='ocrx_word' id='word_1_590' title='bbox 964 3993 1073 4063; x_wconf 88' lang='grc' dir='ltr'>γὰρ</span> <span class='ocrx_word' id='word_1_591' title='bbox 1117 3993 1181 4048; x_wconf 81' lang='grc' dir='ltr'>ἄν</span> <span class='ocrx_word' id='word_1_592' title='bbox 1218 4010 1299 4056; x_wconf 88' lang='grc' dir='ltr'><strong>τις</strong></span> <span class='ocrx_word' id='word_1_593' title='bbox 1330 3992 1476 4063; x_wconf 76' lang='grc' dir='ltr'>ἄλλῳ</span> <span class='ocrx_word' id='word_1_594' title='bbox 1504 3991 1566 4045; x_wconf 74' lang='grc' dir='ltr'>τὸ</span> <span class='ocrx_word' id='word_1_595' title='bbox 1612 3990 1879 4044; x_wconf 86' lang='grc' dir='ltr'>ἀθάνατον</span> 
     </span>
    </p>
   </div>
   <div class='ocr_carea' id='block_1_75' title="bbox 284 4072 1881 4155">
    <p class='ocr_par' dir='ltr' id='par_1_75' title="bbox 284 4072 1881 4155">
     <span class='ocr_line' id='line_1_75' title="bbox 284 4072 1881 4155; baseline -0.001 -18"><span class='ocrx_word' id='word_1_596' title='bbox 284 4072 438 4155; x_wconf 63' lang='grc' dir='ltr'><strong>¹πλὴν</strong></span> <span class='ocrx_word' id='word_1_597' title='bbox 467 4085 525 4137; x_wconf 84' lang='grc' dir='ltr'>ὲν</span> <span class='ocrx_word' id='word_1_598' title='bbox 559 4083 669 4155; x_wconf 76' lang='grc' dir='ltr'><strong>ζωῇ</strong></span> <span class='ocrx_word' id='word_1_599' title='bbox 702 4084 1033 4154; x_wconf 84' lang='grc' dir='ltr'>θεωρήσειε;</span> <span class='ocrx_word' id='word_1_600' title='bbox 1077 4085 1185 4138; x_wconf 80' lang='grc' dir='ltr'>Καὶ</span> <span class='ocrx_word' id='word_1_601' title='bbox 1209 4083 1329 4138; x_wconf 81' lang='grc' dir='ltr'>κατ’</span> <span class='ocrx_word' id='word_1_602' title='bbox 1355 4082 1526 4155; x_wconf 81' lang='grc' dir='ltr'>αὐτὴν</span> <span class='ocrx_word' id='word_1_603' title='bbox 1552 4081 1653 4153; x_wconf 79' lang='grc' dir='ltr'>τὴν</span> <span class='ocrx_word' id='word_1_604' title='bbox 1678 4081 1881 4135; x_wconf 88' lang='grc' dir='ltr'>ἀθανα-</span> 
     </span>
    </p>
   </div>
   <div class='ocr_carea' id='block_1_76' title="bbox 297 4172 1882 4247">
    <p class='ocr_par' dir='ltr' id='par_1_76' title="bbox 297 4172 1882 4247">
     <span class='ocr_line' id='line_1_76' title="bbox 297 4172 1882 4247; baseline 0 -21"><span class='ocrx_word' id='word_1_605' title='bbox 297 4172 442 4236; x_wconf 87' lang='grc' dir='ltr'>σίαν,</span> <span class='ocrx_word' id='word_1_606' title='bbox 471 4173 761 4245; x_wconf 65' lang='grc' dir='ltr'>ἀφθαρτος.</span> <span class='ocrx_word' id='word_1_607' title='bbox 806 4175 879 4229; x_wconf 78' lang='grc' dir='ltr'><strong>Τὸ</strong></span> <span class='ocrx_word' id='word_1_608' title='bbox 909 4176 1018 4247; x_wconf 89' lang='grc' dir='ltr'><strong>γάρ</strong></span> <span class='ocrx_word' id='word_1_609' title='bbox 1048 4175 1276 4229; x_wconf 86' lang='grc' dir='ltr'>θανάτου</span> <span class='ocrx_word' id='word_1_610' title='bbox 1311 4177 1579 4247; x_wconf 82' lang='grc' dir='ltr'>κρεῖττον,</span> <span class='ocrx_word' id='word_1_611' title='bbox 1622 4175 1718 4229; x_wconf 73' lang='grc' dir='ltr'><strong>καὶ</strong></span> <span class='ocrx_word' id='word_1_612' title='bbox 1748 4173 1882 4243; x_wconf 78' lang='grc' dir='ltr'>φθο-</span> 
     </span>
    </p>
   </div>
   <div class='ocr_carea' id='block_1_77' title="bbox 298 4264 1882 4339">
    <p class='ocr_par' dir='ltr' id='par_1_77' title="bbox 298 4264 1882 4339">
     <span class='ocr_line' id='line_1_77' title="bbox 298 4264 1882 4339; baseline -0.001 -20"><span class='ocrx_word' id='word_1_613' title='bbox 298 4267 402 4336; x_wconf 77' lang='grc' dir='ltr'>ρᾶς</span> <span class='ocrx_word' id='word_1_614' title='bbox 434 4266 649 4329; x_wconf 84' lang='grc' dir='ltr'>πάντως</span> <span class='ocrx_word' id='word_1_615' title='bbox 675 4266 821 4320; x_wconf 78' lang='grc' dir='ltr'>ἐστὶν</span> <span class='ocrx_word' id='word_1_616' title='bbox 864 4266 1230 4322; x_wconf 83' lang='grc' dir='ltr'>ἀνεπίδεκτον.</span> <span class='ocrx_word' id='word_1_617' title='bbox 1273 4266 1450 4339; x_wconf 85' lang='grc' dir='ltr'>Μέχρι</span> <span class='ocrx_word' id='word_1_618' title='bbox 1493 4265 1685 4319; x_wconf 80' lang='grc' dir='ltr'>τούτου</span> <span class='ocrx_word' id='word_1_619' title='bbox 1718 4264 1815 4319; x_wconf 64' lang='grc' dir='ltr'><strong>καί⁵</strong></span> <span class='ocrx_word' id='word_1_620' title='bbox 1851 4264 1882 4317; x_wconf 91' lang='lat'><strong>6</strong></span> 
     </span>
    </p>
   </div>
   <div class='ocr_carea' id='block_1_78' title="bbox 295 4351 1002 4424">
    <p class='ocr_par' dir='ltr' id='par_1_78' title="bbox 295 4351 1002 4424">
     <span class='ocr_line' id='line_1_78' title="bbox 295 4351 1002 4424; baseline 0.008 -20"><span class='ocrx_word' id='word_1_621' title='bbox 295 4351 565 4424; x_wconf 75' lang='grc' dir='ltr'>ἡμέτερος</span> <span class='ocrx_word' id='word_1_622' title='bbox 603 4354 793 4411; x_wconf 75' lang='grc' dir='ltr'>ἕπεται</span> <span class='ocrx_word' id='word_1_623' title='bbox 825 4355 1002 4424; x_wconf 83' lang='grc' dir='ltr'>λόγος.</span> 
     </span>
    </p>
   </div>
   <div class='ocr_carea' id='block_1_79' title="bbox 1986 3531 3559 3603">
    <p class='ocr_par' dir='ltr' id='par_1_79' title="bbox 1986 3531 3559 3603">
     <span class='ocr_line' id='line_1_79' title="bbox 1986 3531 3559 3603; baseline 0.004 -18"><span class='ocrx_word' id='word_1_624' title='bbox 1986 3531 2107 3601; x_wconf 88' lang='lat' dir='ltr'><strong>lpse</strong></span> <span class='ocrx_word' id='word_1_625' title='bbox 2134 3532 2279 3586; x_wconf 91' lang='lat' dir='ltr'><strong>enim</strong></span> <span class='ocrx_word' id='word_1_626' title='bbox 2313 3538 2399 3585; x_wconf 90' lang='lat' dir='ltr'><strong>est</strong></span> <span class='ocrx_word' id='word_1_627' title='bbox 2428 3538 2629 3586; x_wconf 70' lang='lat' dir='ltr'><strong>aeterna</strong></span> <span class='ocrx_word' id='word_1_628' title='bbox 2664 3532 2770 3585; x_wconf 87' lang='lat' dir='ltr'><strong>vita</strong></span> <span class='ocrx_word' id='word_1_629' title='bbox 2793 3570 2808 3594; x_wconf 93' lang='lat'><strong>,</strong></span> <span class='ocrx_word' id='word_1_630' title='bbox 2843 3531 3149 3587; x_wconf 87' lang='lat' dir='ltr'><strong>secundum</strong></span> <span class='ocrx_word' id='word_1_631' title='bbox 3182 3534 3361 3603; x_wconf 84' lang='lat' dir='ltr'><strong>ipsam</strong></span> <span class='ocrx_word' id='word_1_632' title='bbox 3389 3534 3559 3591; x_wconf 85' lang='lat' dir='ltr'><strong>vitam</strong></span> 
     </span>
    </p>
   </div>
   <div class='ocr_carea' id='block_1_80' title="bbox 1985 3621 3563 3697">
    <p class='ocr_par' dir='ltr' id='par_1_80' title="bbox 1985 3621 3563 3697">
     <span class='ocr_line' id='line_1_80' title="bbox 1985 3621 3563 3697; baseline 0.004 -22"><span class='ocrx_word' id='word_1_633' title='bbox 1985 3622 2342 3684; x_wconf 88' lang='lat' dir='ltr'><strong>immortalis,</strong></span> <span class='ocrx_word' id='word_1_634' title='bbox 2379 3621 2683 3677; x_wconf 82' lang='lat' dir='ltr'><strong>secundum</strong></span> <span class='ocrx_word' id='word_1_635' title='bbox 2730 3622 3194 3679; x_wconf 84' lang='lat' dir='ltr'><strong>immortalitatem</strong></span> <span class='ocrx_word' id='word_1_636' title='bbox 3228 3625 3563 3697; x_wconf 82' lang='lat' dir='ltr'><strong>incorrupti-</strong></span> 
     </span>
    </p>
   </div>
   <div class='ocr_carea' id='block_1_81' title="bbox 1987 3708 3563 3780">
    <p class='ocr_par' dir='ltr' id='par_1_81' title="bbox 1987 3708 3563 3780">
     <span class='ocr_line' id='line_1_81' title="bbox 1987 3708 3563 3780; baseline 0.004 -14"><span class='ocrx_word' id='word_1_637' title='bbox 1987 3712 2133 3766; x_wconf 88' lang='lat' dir='ltr'><strong>bilis.</strong></span> <span class='ocrx_word' id='word_1_638' title='bbox 2170 3708 2294 3766; x_wconf 64' lang='lat' dir='ltr'><strong>llazc</strong></span> <span class='ocrx_word' id='word_1_639' title='bbox 2322 3711 2487 3767; x_wconf 84' lang='lat' dir='ltr'><strong>etiam</strong></span> <span class='ocrx_word' id='word_1_640' title='bbox 2519 3710 2588 3765; x_wconf 88' lang='lat' dir='ltr'><strong>de</strong></span> <span class='ocrx_word' id='word_1_641' title='bbox 2637 3709 2928 3780; x_wconf 86' lang='lat' dir='ltr'><strong>Unigenito</strong></span> <span class='ocrx_word' id='word_1_642' title='bbox 2973 3711 3289 3770; x_wconf 86' lang='lat' dir='ltr'><strong>didicimus.</strong></span> <span class='ocrx_word' id='word_1_643' title='bbox 3319 3713 3431 3772; x_wconf 82' lang='lat' dir='ltr'><strong>Nec</strong></span> <span class='ocrx_word' id='word_1_644' title='bbox 3476 3726 3563 3773; x_wconf 92' lang='lat' dir='ltr'><strong>est</strong></span> 
     </span>
    </p>
   </div>
   <div class='ocr_carea' id='block_1_82' title="bbox 1983 3798 3561 3877">
    <p class='ocr_par' dir='ltr' id='par_1_82' title="bbox 1983 3798 3561 3877">
     <span class='ocr_line' id='line_1_82' title="bbox 1983 3798 3561 3877; baseline 0.006 -21"><span class='ocrx_word' id='word_1_645' title='bbox 1983 3803 2077 3873; x_wconf 89' lang='lat' dir='ltr'><strong>qui</strong></span> <span class='ocrx_word' id='word_1_646' title='bbox 2109 3800 2493 3865; x_wconf 63' lang='lat' dir='ltr'><strong>contradicat:</strong></span> <span class='ocrx_word' id='word_1_647' title='bbox 2522 3802 2629 3855; x_wconf 89' lang='lat' dir='ltr'><strong>nisi</strong></span> <span class='ocrx_word' id='word_1_648' title='bbox 2656 3798 2886 3857; x_wconf 81' lang='lat' dir='ltr'><strong>Joannis</strong></span> <span class='ocrx_word' id='word_1_649' title='bbox 2913 3803 3142 3859; x_wconf 81' lang='lat' dir='ltr'><strong>vocibus</strong></span> <span class='ocrx_word' id='word_1_650' title='bbox 3171 3819 3238 3859; x_wconf 76' lang='lat' dir='ltr'><strong>ex</strong></span> <span class='ocrx_word' id='word_1_651' title='bbox 3270 3811 3561 3877; x_wconf 85' lang='lat' dir='ltr'><strong>propatulo</strong></span> 
     </span>
    </p>
   </div>
   <div class='ocr_carea' id='block_1_83' title="bbox 1970 3889 3556 3965">
    <p class='ocr_par' dir='ltr' id='par_1_83' title="bbox 1970 3889 3556 3965">
     <span class='ocr_line' id='line_1_83' title="bbox 1970 3889 3556 3965; baseline 0.004 -18"><span class='ocrx_word' id='word_1_652' title='bbox 1970 3899 2271 3965; x_wconf 80' lang='lat' dir='ltr'><strong>repugnet.</strong></span> <span class='ocrx_word' id='word_1_653' title='bbox 2305 3891 2497 3961; x_wconf 88' lang='lat' dir='ltr'><strong>Neque</strong></span> <span class='ocrx_word' id='word_1_654' title='bbox 2522 3892 2669 3946; x_wconf 91' lang='lat' dir='ltr'><strong>enim</strong></span> <span class='ocrx_word' id='word_1_655' title='bbox 2698 3889 2838 3945; x_wconf 82' lang='lat' dir='ltr'><strong>Filio</strong></span> <span class='ocrx_word' id='word_1_656' title='bbox 2863 3893 2973 3946; x_wconf 85' lang='lat' dir='ltr'><strong>vita</strong></span> <span class='ocrx_word' id='word_1_657' title='bbox 3004 3891 3228 3949; x_wconf 85' lang='lat' dir='ltr'><strong>aliunde</strong></span> <span class='ocrx_word' id='word_1_658' title='bbox 3252 3895 3425 3951; x_wconf 84' lang='lat' dir='ltr'><strong>ascita</strong></span> <span class='ocrx_word' id='word_1_659' title='bbox 3450 3905 3556 3954; x_wconf 87' lang='lat' dir='ltr'><strong>est.</strong></span> 
     </span>
    </p>
   </div>
   <div class='ocr_carea' id='block_1_84' title="bbox 1988 3980 3561 4056">
    <p class='ocr_par' dir='ltr' id='par_1_84' title="bbox 1988 3980 3561 4056">
     <span class='ocr_line' id='line_1_84' title="bbox 1988 3980 3561 4056; baseline 0.003 -18"><span class='ocrx_word' id='word_1_660' title='bbox 1988 3983 2100 4056; x_wconf 82' lang='lat' dir='ltr'><strong>Ego</strong></span> <span class='ocrx_word' id='word_1_661' title='bbox 2155 3984 2299 4038; x_wconf 88' lang='lat' dir='ltr'><strong>enim</strong></span> <span class='ocrx_word' id='word_1_662' title='bbox 2343 3999 2494 4045; x_wconf 80' lang='lat' dir='ltr'><strong>sum,</strong></span> <span class='ocrx_word' id='word_1_663' title='bbox 2524 3980 2737 4052; x_wconf 87' lang='lat' dir='ltr'><strong>inquit,</strong></span> <span class='ocrx_word' id='word_1_664' title='bbox 2782 3981 2889 4036; x_wconf 77' lang='lat' dir='ltr'><strong>vita</strong></span> <span class='ocrx_word' id='word_1_665' title='bbox 2922 3981 2993 4037; x_wconf 82' lang='grc'><strong>⁸⁸.</strong></span> <span class='ocrx_word' id='word_1_666' title='bbox 3049 3980 3236 4053; x_wconf 66' lang='lat' dir='ltr'><strong>Neque</strong></span> <span class='ocrx_word' id='word_1_667' title='bbox 3277 3983 3399 4055; x_wconf 83' lang='lat' dir='ltr'><strong>ejus</strong></span> <span class='ocrx_word' id='word_1_668' title='bbox 3449 3987 3561 4044; x_wconf 79' lang='lat' dir='ltr'><strong>vita</strong></span> 
     </span>
    </p>
   </div>
   <div class='ocr_carea' id='block_1_85' title="bbox 1986 4072 3561 4147">
    <p class='ocr_par' dir='ltr' id='par_1_85' title="bbox 1986 4072 3561 4147">
     <span class='ocr_line' id='line_1_85' title="bbox 1986 4072 3561 4147; baseline 0.002 -14"><span class='ocrx_word' id='word_1_669' title='bbox 1986 4077 2331 4147; x_wconf 84' lang='lat' dir='ltr'><strong>composita,</strong></span> <span class='ocrx_word' id='word_1_670' title='bbox 2365 4090 2542 4145; x_wconf 87' lang='lat' dir='ltr'><strong>neque</strong></span> <span class='ocrx_word' id='word_1_671' title='bbox 2588 4072 2879 4138; x_wconf 80' lang='lat' dir='ltr'><strong>diﬁ‘erens,</strong></span> <span class='ocrx_word' id='word_1_672' title='bbox 2916 4073 3011 4137; x_wconf 83' lang='lat' dir='ltr'><strong>sed</strong></span> <span class='ocrx_word' id='word_1_673' title='bbox 3062 4074 3364 4131; x_wconf 86' lang='lat' dir='ltr'><strong>secundum</strong></span> <span class='ocrx_word' id='word_1_674' title='bbox 3417 4077 3561 4136; x_wconf 78' lang='lat' dir='ltr'><strong>hanc</strong></span> 
     </span>
    </p>
   </div>
   <div class='ocr_carea' id='block_1_86' title="bbox 1983 4164 3561 4238">
    <p class='ocr_par' dir='ltr' id='par_1_86' title="bbox 1983 4164 3561 4238">
     <span class='ocr_line' id='line_1_86' title="bbox 1983 4164 3561 4238; baseline -0.006 -15"><span class='ocrx_word' id='word_1_675' title='bbox 1983 4169 2150 4224; x_wconf 87' lang='lat' dir='ltr'><strong>vitam</strong></span> <span class='ocrx_word' id='word_1_676' title='bbox 2180 4176 2264 4223; x_wconf 82' lang='lat' dir='ltr'><strong>est</strong></span> <span class='ocrx_word' id='word_1_677' title='bbox 2295 4166 2642 4220; x_wconf 87' lang='lat' dir='ltr'><strong>immortalis.</strong></span> <span class='ocrx_word' id='word_1_678' title='bbox 2681 4164 2736 4218; x_wconf 91' lang='lat' dir='ltr'><strong>In</strong></span> <span class='ocrx_word' id='word_1_679' title='bbox 2769 4179 2880 4235; x_wconf 92' lang='lat' dir='ltr'><strong>quo</strong></span> <span class='ocrx_word' id='word_1_680' title='bbox 2920 4164 3065 4220; x_wconf 91' lang='lat' dir='ltr'><strong>enim</strong></span> <span class='ocrx_word' id='word_1_681' title='bbox 3109 4166 3219 4222; x_wconf 85' lang='lat' dir='ltr'><strong>alio</strong></span> <span class='ocrx_word' id='word_1_682' title='bbox 3266 4169 3412 4238; x_wconf 90' lang='lat' dir='ltr'><strong>quod</strong></span> <span class='ocrx_word' id='word_1_683' title='bbox 3458 4170 3561 4225; x_wconf 90' lang='lat' dir='ltr'><strong>im-</strong></span> 
     </span>
    </p>
   </div>
   <div class='ocr_carea' id='block_1_87' title="bbox 1985 4255 3562 4329">
    <p class='ocr_par' dir='ltr' id='par_1_87' title="bbox 1985 4255 3562 4329">
     <span class='ocr_line' id='line_1_87' title="bbox 1985 4255 3562 4329; baseline 0.003 -16"><span class='ocrx_word' id='word_1_684' title='bbox 1985 4259 2215 4313; x_wconf 84' lang='lat' dir='ltr'><strong>mortale</strong></span> <span class='ocrx_word' id='word_1_685' title='bbox 2233 4265 2338 4321; x_wconf 88' lang='lat' dir='ltr'><strong>est,</strong></span> <span class='ocrx_word' id='word_1_686' title='bbox 2358 4264 2718 4326; x_wconf 71' lang='lat' dir='ltr'><strong>prmterquam</strong></span> <span class='ocrx_word' id='word_1_687' title='bbox 2743 4255 2798 4309; x_wconf 89' lang='lat' dir='ltr'><strong>in</strong></span> <span class='ocrx_word' id='word_1_688' title='bbox 2822 4255 2952 4321; x_wconf 81' lang='lat' dir='ltr'><strong>vita,</strong></span> <span class='ocrx_word' id='word_1_689' title='bbox 2969 4258 3477 4329; x_wconf 76' lang='lat' dir='ltr'><strong>contemplaretur‘l</strong></span> <span class='ocrx_word' id='word_1_690' title='bbox 3496 4261 3562 4317; x_wconf 76' lang='lat' dir='ltr'><strong>Et</strong></span> 
     </span>
    </p>
   </div>
   <div class='ocr_carea' id='block_1_88' title="bbox 1989 4346 3562 4420">
    <p class='ocr_par' dir='ltr' id='par_1_88' title="bbox 1989 4346 3562 4420">
     <span class='ocr_line' id='line_1_88' title="bbox 1989 4346 3562 4420; baseline -0.009 -14"><span class='ocrx_word' id='word_1_691' title='bbox 1989 4350 2295 4406; x_wconf 84' lang='lat' dir='ltr'><strong>secundum</strong></span> <span class='ocrx_word' id='word_1_692' title='bbox 2330 4348 2503 4417; x_wconf 87' lang='lat' dir='ltr'><strong>ipsam</strong></span> <span class='ocrx_word' id='word_1_693' title='bbox 2539 4346 3000 4401; x_wconf 86' lang='lat' dir='ltr'><strong>immortalitatem</strong></span> <span class='ocrx_word' id='word_1_694' title='bbox 3044 4347 3478 4420; x_wconf 55' lang='lat' dir='ltr'><strong>incorruptibmg</strong></span> <span class='ocrx_word' id='word_1_695' title='bbox 3505 4363 3562 4410; x_wconf 70' lang='grc' dir='ltr'>οι</span> 
     </span>
    </p>
   </div>
   <div class='ocr_carea' id='block_1_89' title="bbox 296 4436 3419 4516">
    <p class='ocr_par' dir='ltr' id='par_1_89' title="bbox 296 4436 3419 4516">
     <span class='ocr_line' id='line_1_89' title="bbox 296 4436 3419 4516; baseline 0 -20"><span class='ocrx_word' id='word_1_696' title='bbox 296 4451 477 4497; x_wconf 84' lang='lat' dir='ltr'><strong>morte</strong></span> <span class='ocrx_word' id='word_1_697' title='bbox 513 4445 804 4513; x_wconf 88' lang='lat' dir='ltr'><strong>potentior,</strong></span> <span class='ocrx_word' id='word_1_698' title='bbox 833 4453 997 4515; x_wconf 82' lang='lat' dir='ltr'><strong>atque</strong></span> <span class='ocrx_word' id='word_1_699' title='bbox 1038 4461 1268 4516; x_wconf 87' lang='lat' dir='ltr'><strong>prorsus</strong></span> <span class='ocrx_word' id='word_1_700' title='bbox 1311 4446 1568 4500; x_wconf 88' lang='lat' dir='ltr'><strong>interitus</strong></span> <span class='ocrx_word' id='word_1_701' title='bbox 1598 4443 1776 4498; x_wconf 86' lang='lat' dir='ltr'><strong>omnis</strong></span> <span class='ocrx_word' id='word_1_702' title='bbox 1804 4454 1886 4498; x_wconf 86' lang='lat' dir='ltr'><strong>est</strong></span> <span class='ocrx_word' id='word_1_703' title='bbox 1920 4455 2135 4512; x_wconf 75' lang='lat' dir='ltr'><strong>expers.</strong></span> <span class='ocrx_word' id='word_1_704' title='bbox 2172 4437 2452 4493; x_wconf 84' lang='lat' dir='ltr'><strong>Hactenus</strong></span> <span class='ocrx_word' id='word_1_705' title='bbox 2479 4450 2660 4491; x_wconf 88' lang='lat' dir='ltr'><strong>sermo</strong></span> <span class='ocrx_word' id='word_1_706' title='bbox 2691 4443 2881 4492; x_wconf 84' lang='lat' dir='ltr'><strong>noster</strong></span> <span class='ocrx_word' id='word_1_707' title='bbox 2904 4436 3069 4493; x_wconf 87' lang='lat' dir='ltr'><strong>dictis</strong></span> <span class='ocrx_word' id='word_1_708' title='bbox 3097 4439 3419 4498; x_wconf 85' lang='lat' dir='ltr'><strong>assentitar.</strong></span> 
     </span>
    </p>
   </div>
   <div class='ocr_carea' id='block_1_90' title="bbox 371 4533 1887 4609">
    <p class='ocr_par' dir='ltr' id='par_1_90' title="bbox 371 4533 1887 4609">
     <span class='ocr_line' id='line_1_90' title="bbox 371 4533 1887 4609; baseline 0.008 -23"><span class='ocrx_word' id='word_1_709' title='bbox 371 4533 476 4587; x_wconf 80' lang='grc' dir='ltr'><strong>Τὸν</strong></span> <span class='ocrx_word' id='word_1_710' title='bbox 510 4534 569 4587; x_wconf 75' lang='grc' dir='ltr'>δὲ</span> <span class='ocrx_word' id='word_1_711' title='bbox 619 4538 1107 4608; x_wconf 86' lang='grc' dir='ltr'>συγγεγραμμένον</span> <span class='ocrx_word' id='word_1_712' title='bbox 1158 4541 1273 4602; x_wconf 80' lang='grc' dir='ltr'>τοῖς</span> <span class='ocrx_word' id='word_1_713' title='bbox 1322 4537 1631 4609; x_wconf 78' lang='grc' dir='ltr'>εἰρημένοις</span> <span class='ocrx_word' id='word_1_714' title='bbox 1677 4535 1887 4606; x_wconf 66' lang='grc' dir='ltr'>γρίφου,</span> 
     </span>
    </p>
   </div>
   <div class='ocr_carea' id='block_1_91' title="bbox 296 4624 1887 4701">
    <p class='ocr_par' dir='ltr' id='par_1_91' title="bbox 296 4624 1887 4701">
     <span class='ocr_line' id='line_1_91' title="bbox 296 4624 1887 4701; baseline 0 -23"><span class='ocrx_word' id='word_1_715' title='bbox 296 4624 693 4696; x_wconf 73' lang='grc' dir='ltr'>ἑρμηνεύοντες</span> <span class='ocrx_word' id='word_1_716' title='bbox 717 4628 765 4680; x_wconf 84' lang='grc' dir='ltr'><strong>οἰ</strong></span> <span class='ocrx_word' id='word_1_717' title='bbox 795 4630 859 4699; x_wconf 73' lang='grc' dir='ltr'>τῇ</span> <span class='ocrx_word' id='word_1_718' title='bbox 892 4629 1189 4699; x_wconf 88' lang='grc' dir='ltr'>Προυνίκου</span> <span class='ocrx_word' id='word_1_719' title='bbox 1214 4628 1377 4701; x_wconf 74' lang='grc' dir='ltr'>σοφία</span> <span class='ocrx_word' id='word_1_720' title='bbox 1399 4625 1887 4698; x_wconf 57' lang='grc' dir='ltr'><strong>ὲγγυμΝαιτθιίιτες⁸</strong></span> 
     </span>
    </p>
   </div>
   <div class='ocr_carea' id='block_1_92' title="bbox 294 4715 1893 4793">
    <p class='ocr_par' dir='ltr' id='par_1_92' title="bbox 294 4715 1893 4793">
     <span class='ocr_line' id='line_1_92' title="bbox 294 4715 1893 4793; baseline 0.001 -24"><span class='ocrx_word' id='word_1_721' title='bbox 294 4715 359 4783; x_wconf 75' lang='grc' dir='ltr'><strong>ἑξ</strong></span> <span class='ocrx_word' id='word_1_722' title='bbox 393 4717 608 4787; x_wconf 67' lang='grc' dir='ltr'>ἐκείνης</span> <span class='ocrx_word' id='word_1_723' title='bbox 634 4719 743 4790; x_wconf 82' lang='grc' dir='ltr'><strong>γὰρ</strong></span> <span class='ocrx_word' id='word_1_724' title='bbox 770 4720 916 4773; x_wconf 84' lang='grc' dir='ltr'>δοκεῖ</span> <span class='ocrx_word' id='word_1_725' title='bbox 947 4738 1036 4791; x_wconf 83' lang='grc' dir='ltr'><strong>μοι</strong></span> <span class='ocrx_word' id='word_1_726' title='bbox 1086 4723 1186 4791; x_wconf 81' lang='grc' dir='ltr'><strong>τῆς</strong></span> <span class='ocrx_word' id='word_1_727' title='bbox 1238 4719 1593 4793; x_wconf 76' lang='grc' dir='ltr'>παρασκευῆς</span> <span class='ocrx_word' id='word_1_728' title='bbox 1634 4719 1703 4771; x_wconf 85' lang='grc' dir='ltr'><strong>τά</strong></span> <span class='ocrx_word' id='word_1_729' title='bbox 1739 4718 1893 4787; x_wconf 84' lang='grc' dir='ltr'>εἰρη-</span> 
     </span>
    </p>
   </div>
   <div class='ocr_carea' id='block_1_93' title="bbox 2062 4529 3562 4601">
    <p class='ocr_par' dir='ltr' id='par_1_93' title="bbox 2062 4529 3562 4601">
     <span class='ocr_line' id='line_1_93' title="bbox 2062 4529 3562 4601; baseline 0.001 -16"><span class='ocrx_word' id='word_1_730' title='bbox 2062 4531 2377 4600; x_wconf 84' lang='lat' dir='ltr'><strong>Ascriptum</strong></span> <span class='ocrx_word' id='word_1_731' title='bbox 2410 4538 2592 4585; x_wconf 90' lang='lat' dir='ltr'><strong>autem</strong></span> <span class='ocrx_word' id='word_1_732' title='bbox 2625 4531 2679 4584; x_wconf 92' lang='lat' dir='ltr'><strong>in</strong></span> <span class='ocrx_word' id='word_1_733' title='bbox 2715 4529 3072 4600; x_wconf 84' lang='lat' dir='ltr'><strong>sequentibus</strong></span> <span class='ocrx_word' id='word_1_734' title='bbox 3099 4530 3354 4601; x_wconf 80' lang='lat' dir='ltr'><strong>griphum</strong></span> <span class='ocrx_word' id='word_1_735' title='bbox 3390 4531 3562 4589; x_wconf 89' lang='lat' dir='ltr'><strong>inter-</strong></span> 
     </span>
    </p>
   </div>
   <div class='ocr_carea' id='block_1_94' title="bbox 1988 4620 3557 4695">
    <p class='ocr_par' dir='ltr' id='par_1_94' title="bbox 1988 4620 3557 4695">
     <span class='ocr_line' id='line_1_94' title="bbox 1988 4620 3557 4695; baseline 0.003 -18"><span class='ocrx_word' id='word_1_736' title='bbox 1988 4630 2296 4695; x_wconf 85' lang='lat' dir='ltr'><strong>pretentur,</strong></span> <span class='ocrx_word' id='word_1_737' title='bbox 2325 4622 2419 4693; x_wconf 88' lang='lat' dir='ltr'><strong>qui</strong></span> <span class='ocrx_word' id='word_1_738' title='bbox 2452 4623 2506 4677; x_wconf 91' lang='lat' dir='ltr'><strong>in</strong></span> <span class='ocrx_word' id='word_1_739' title='bbox 2532 4620 2756 4677; x_wconf 88' lang='lat' dir='ltr'><strong>Prunici</strong></span> <span class='ocrx_word' id='word_1_740' title='bbox 2784 4620 3049 4692; x_wconf 79' lang='lat' dir='ltr'><strong>sapientia</strong></span> <span class='ocrx_word' id='word_1_741' title='bbox 3076 4630 3206 4676; x_wconf 91' lang='lat' dir='ltr'><strong>sunt</strong></span> <span class='ocrx_word' id='word_1_742' title='bbox 3226 4623 3514 4681; x_wconf 78' lang='lat' dir='ltr'><strong>exercitati</strong></span> <span class='ocrx_word' id='word_1_743' title='bbox 3538 4642 3557 4682; x_wconf 88' lang='lat'><strong>:</strong></span> 
     </span>
    </p>
   </div>
   <div class='ocr_carea' id='block_1_95' title="bbox 1987 4713 3561 4785">
    <p class='ocr_par' dir='ltr' id='par_1_95' title="bbox 1987 4713 3561 4785">
     <span class='ocr_line' id='line_1_95' title="bbox 1987 4713 3561 4785; baseline 0 -14"><span class='ocrx_word' id='word_1_744' title='bbox 1987 4731 2055 4771; x_wconf 76' lang='lat' dir='ltr'><strong>ex</strong></span> <span class='ocrx_word' id='word_1_745' title='bbox 2087 4716 2183 4770; x_wconf 91' lang='lat' dir='ltr'><strong>illo</strong></span> <span class='ocrx_word' id='word_1_746' title='bbox 2210 4716 2357 4770; x_wconf 89' lang='lat' dir='ltr'><strong>enim</strong></span> <span class='ocrx_word' id='word_1_747' title='bbox 2394 4727 2662 4785; x_wconf 81' lang='lat' dir='ltr'><strong>apparatu</strong></span> <span class='ocrx_word' id='word_1_748' title='bbox 2694 4714 2824 4769; x_wconf 83' lang='lat' dir='ltr'><strong>mihi</strong></span> <span class='ocrx_word' id='word_1_749' title='bbox 2857 4713 3075 4769; x_wconf 76' lang='lat' dir='ltr'><strong>videtur</strong></span> <span class='ocrx_word' id='word_1_750' title='bbox 3100 4730 3223 4785; x_wconf 57' lang='lat' dir='ltr'><strong>quae</strong></span> <span class='ocrx_word' id='word_1_751' title='bbox 3249 4714 3395 4770; x_wconf 86' lang='lat' dir='ltr'><strong>dicta</strong></span> <span class='ocrx_word' id='word_1_752' title='bbox 3427 4724 3561 4771; x_wconf 87' lang='lat' dir='ltr'><strong>sunt</strong></span> 
     </span>
    </p>
   </div>
   <div class='ocr_carea' id='block_1_96' title="bbox 302 4801 1877 4879">
    <p class='ocr_par' dir='ltr' id='par_1_96' title="bbox 302 4801 1877 4879">
     <span class='ocr_line' id='line_1_96' title="bbox 302 4801 1877 4879; baseline 0.003 -21"><span class='ocrx_word' id='word_1_753' title='bbox 302 4806 443 4875; x_wconf 68' lang='grc' dir='ltr'>μένα</span> <span class='ocrx_word' id='word_1_754' title='bbox 490 4808 929 4879; x_wconf 83' lang='grc' dir='ltr'>προενηνοχέναι.</span> <span class='ocrx_word' id='word_1_755' title='bbox 977 4809 1042 4862; x_wconf 87' lang='grc' dir='ltr'>Τί</span> <span class='ocrx_word' id='word_1_756' title='bbox 1089 4810 1196 4877; x_wconf 90' lang='grc' dir='ltr'><strong>γάρ</strong></span> <span class='ocrx_word' id='word_1_757' title='bbox 1244 4825 1443 4879; x_wconf 81' lang='grc' dir='ltr'>φησιν;</span> <span class='ocrx_word' id='word_1_758' title='bbox 1478 4809 1766 4875; x_wconf 79' lang='grc' dir='ltr'>Ἀναρχος</span> <span class='ocrx_word' id='word_1_759' title='bbox 1807 4801 1877 4857; x_wconf 65' lang='grc' dir='ltr'><strong>ὧν</strong></span> 
     </span>
    </p>
   </div>
   <div class='ocr_carea' id='block_1_97' title="bbox 1981 4801 3559 4879">
    <p class='ocr_par' dir='ltr' id='par_1_97' title="bbox 1993 4802 3559 4877">
     <span class='ocr_line' id='line_1_97' title="bbox 1993 4802 3559 4877; baseline 0.001 -18"><span class='ocrx_word' id='word_1_760' title='bbox 1993 4806 2314 4877; x_wconf 79' lang='lat' dir='ltr'><strong>promlisse.</strong></span> <span class='ocrx_word' id='word_1_761' title='bbox 2351 4804 2493 4869; x_wconf 86' lang='lat' dir='ltr'><strong>Quid</strong></span> <span class='ocrx_word' id='word_1_762' title='bbox 2525 4806 2668 4859; x_wconf 92' lang='lat' dir='ltr'><strong>enim</strong></span> <span class='ocrx_word' id='word_1_763' title='bbox 2700 4804 2777 4858; x_wconf 88' lang='lat' dir='ltr'><strong>ait</strong></span> <span class='ocrx_word' id='word_1_764' title='bbox 2799 4804 2822 4857; x_wconf 85' lang='lat'><strong>?</strong></span> <span class='ocrx_word' id='word_1_765' title='bbox 2842 4802 2978 4859; x_wconf 81' lang='lat' dir='ltr'><strong>Cum</strong></span> <span class='ocrx_word' id='word_1_766' title='bbox 3006 4804 3076 4859; x_wconf 77' lang='lat' dir='ltr'><strong>sit</strong></span> <span class='ocrx_word' id='word_1_767' title='bbox 3100 4803 3348 4874; x_wconf 76' lang='lat' dir='ltr'><strong>principii</strong></span> <span class='ocrx_word' id='word_1_768' title='bbox 3374 4820 3559 4874; x_wconf 68' lang='lat' dir='ltr'><strong>expers</strong></span> 
     </span>
    </p>
   </div>
   <div class='ocr_carea' id='block_1_98' title="bbox 297 4895 1888 4967">
    <p class='ocr_par' dir='ltr' id='par_1_98' title="bbox 297 4895 1888 4967">
     <span class='ocr_line' id='line_1_98' title="bbox 297 4895 1888 4967; baseline -0.001 -16"><span class='ocrx_word' id='word_1_769' title='bbox 297 4895 604 4967; x_wconf 77' lang='grc' dir='ltr'>ἀνάρχως,</span> <span class='ocrx_word' id='word_1_770' title='bbox 632 4897 961 4967; x_wconf 72' lang='grc' dir='ltr'>ἀγέννητός</span> <span class='ocrx_word' id='word_1_771' title='bbox 988 4898 1157 4953; x_wconf 78' lang='grc' dir='ltr'>ἐστιν</span> <span class='ocrx_word' id='word_1_772' title='bbox 1175 4896 1534 4967; x_wconf 75' lang='grc' dir='ltr'>ἁγεγνήτως,</span> <span class='ocrx_word' id='word_1_773' title='bbox 1569 4896 1888 4962; x_wconf 75' lang='grc' dir='ltr'>ἀτελεύτηο</span> 
     </span>
    </p>
   </div>
   <div class='ocr_carea' id='block_1_99' title="bbox 1992 4895 3558 4966">
    <p class='ocr_par' dir='ltr' id='par_1_99' title="bbox 1992 4895 3558 4966">
     <span class='ocr_line' id='line_1_99' title="bbox 1992 4895 3558 4966; baseline 0.001 -14"><span class='ocrx_word' id='word_1_774' title='bbox 1992 4900 2106 4952; x_wconf 84' lang='lat' dir='ltr'><strong>siue</strong></span> <span class='ocrx_word' id='word_1_775' title='bbox 2140 4896 2430 4966; x_wconf 82' lang='lat' dir='ltr'><strong>principio,</strong></span> <span class='ocrx_word' id='word_1_776' title='bbox 2468 4895 2732 4965; x_wconf 77' lang='lat' dir='ltr'><strong>ingenitus</strong></span> <span class='ocrx_word' id='word_1_777' title='bbox 2766 4908 2846 4949; x_wconf 79' lang='lat' dir='ltr'><strong>est</strong></span> <span class='ocrx_word' id='word_1_778' title='bbox 2879 4896 3139 4965; x_wconf 68' lang='lat' dir='ltr'><strong>ingenita,</strong></span> <span class='ocrx_word' id='word_1_779' title='bbox 3182 4897 3558 4955; x_wconf 68' lang='lat' dir='ltr'><strong>interminatus</strong></span> 
     </span>
    </p>
   </div>
   <div class='ocr_carea' id='block_1_100' title="bbox 297 4964 1877 5056">
    <p class='ocr_par' dir='ltr' id='par_1_100' title="bbox 297 4964 1877 5056">
     <span class='ocr_line' id='line_1_100' title="bbox 297 4964 1877 5056; baseline -0.001 -15"><span class='ocrx_word' id='word_1_780' title='bbox 297 4989 406 5053; x_wconf 84' lang='grc' dir='ltr'><strong>τός</strong></span> <span class='ocrx_word' id='word_1_781' title='bbox 452 4964 623 5042; x_wconf 59' lang='grc' dir='ltr'>ἐστιν</span> <span class='ocrx_word' id='word_1_782' title='bbox 656 4964 1092 5056; x_wconf 68' lang='grc' dir='ltr'>άτελεὺτῆτως,</span> <span class='ocrx_word' id='word_1_783' title='bbox 1136 4964 1276 5042; x_wconf 68' lang='grc' dir='ltr'>οὔτε</span> <span class='ocrx_word' id='word_1_784' title='bbox 1307 4988 1436 5041; x_wconf 81' lang='grc' dir='ltr'>καθ’</span> <span class='ocrx_word' id='word_1_785' title='bbox 1474 4986 1699 5054; x_wconf 73' lang='grc' dir='ltr'>ἕτερον,</span> <span class='ocrx_word' id='word_1_786' title='bbox 1747 4985 1877 5039; x_wconf 80' lang='grc' dir='ltr'>οὔτε</span> 
     </span>
    </p>
   </div>
   <div class='ocr_carea' id='block_1_101' title="bbox 1981 4964 3562 5056">
    <p class='ocr_par' dir='ltr' id='par_1_101' title="bbox 1987 4964 3562 5056">
     <span class='ocr_line' id='line_1_101' title="bbox 1987 4964 3562 5056; baseline -0.001 -15"><span class='ocrx_word' id='word_1_787' title='bbox 1987 4964 2356 5049; x_wconf 74' lang='lat' dir='ltr'><strong>interminate,</strong></span> <span class='ocrx_word' id='word_1_788' title='bbox 2393 4964 2535 5055; x_wconf 9' lang='lat' dir='ltr'><strong>quod,</strong></span> <span class='ocrx_word' id='word_1_789' title='bbox 2566 5000 2727 5053; x_wconf 76' lang='lat' dir='ltr'><strong>neque</strong></span> <span class='ocrx_word' id='word_1_790' title='bbox 2758 4964 3047 5038; x_wconf 79' lang='lat' dir='ltr'><strong>secundum</strong></span> <span class='ocrx_word' id='word_1_791' title='bbox 3093 4984 3363 5052; x_wconf 61' lang='lat' dir='ltr'><strong>alterum,</strong></span> <span class='ocrx_word' id='word_1_792' title='bbox 3397 5000 3562 5056; x_wconf 71' lang='lat' dir='ltr'><strong>neque</strong></span> 
     </span>
    </p>
   </div>
   <div class='ocr_carea' id='block_1_102' title="bbox 296 5080 1887 5153">
    <p class='ocr_par' dir='ltr' id='par_1_102' title="bbox 296 5080 1887 5153">
     <span class='ocr_line' id='line_1_102' title="bbox 296 5080 1887 5153; baseline -0.002 -16"><span class='ocrx_word' id='word_1_793' title='bbox 296 5083 376 5137; x_wconf 77' lang='grc' dir='ltr'>δι’</span> <span class='ocrx_word' id='word_1_794' title='bbox 418 5083 642 5152; x_wconf 74' lang='grc' dir='ltr'>ἕτερον,</span> <span class='ocrx_word' id='word_1_795' title='bbox 689 5084 829 5139; x_wconf 82' lang='grc' dir='ltr'>οὔτε</span> <span class='ocrx_word' id='word_1_796' title='bbox 862 5083 1014 5153; x_wconf 78' lang='grc' dir='ltr'>πρὸς</span> <span class='ocrx_word' id='word_1_797' title='bbox 1052 5082 1260 5152; x_wconf 74' lang='grc' dir='ltr'>ἕτερον</span> <span class='ocrx_word' id='word_1_798' title='bbox 1295 5082 1642 5152; x_wconf 76' lang='grc' dir='ltr'>λεγόμενον.</span> <span class='ocrx_word' id='word_1_799' title='bbox 1688 5080 1747 5134; x_wconf 84' lang='grc'><strong>⁸0</strong></span> <span class='ocrx_word' id='word_1_800' title='bbox 1778 5081 1887 5152; x_wconf 81' lang='grc' dir='ltr'>γὰρ</span> 
     </span>
    </p>
   </div>
   <div class='ocr_carea' id='block_1_103' title="bbox 302 5171 1885 5246">
    <p class='ocr_par' dir='ltr' id='par_1_103' title="bbox 302 5171 1885 5246">
     <span class='ocr_line' id='line_1_103' title="bbox 302 5171 1885 5246; baseline -0.001 -19"><span class='ocrx_word' id='word_1_801' title='bbox 302 5173 720 5246; x_wconf 80' lang='grc' dir='ltr'>κεκαθαρμένος</span> <span class='ocrx_word' id='word_1_802' title='bbox 736 5172 834 5246; x_wconf 83' lang='grc' dir='ltr'>τὴν</span> <span class='ocrx_word' id='word_1_803' title='bbox 855 5174 1044 5245; x_wconf 81' lang='grc' dir='ltr'>ἀκοὴν,</span> <span class='ocrx_word' id='word_1_804' title='bbox 1068 5174 1162 5228; x_wconf 76' lang='grc' dir='ltr'><strong>καὶ</strong></span> <span class='ocrx_word' id='word_1_805' title='bbox 1188 5173 1488 5245; x_wconf 81' lang='grc' dir='ltr'>διορατικδς</span> <span class='ocrx_word' id='word_1_806' title='bbox 1511 5173 1608 5242; x_wconf 80' lang='grc' dir='ltr'>τὴν</span> <span class='ocrx_word' id='word_1_807' title='bbox 1626 5171 1885 5236; x_wconf 84' lang='grc' dir='ltr'>διάνοιαν,</span> 
     </span>
    </p>
   </div>
   <div class='ocr_carea' id='block_1_104' title="bbox 295 5260 1885 5337">
    <p class='ocr_par' dir='ltr' id='par_1_104' title="bbox 295 5260 1885 5337">
     <span class='ocr_line' id='line_1_104' title="bbox 295 5260 1885 5337; baseline -0.001 -18"><span class='ocrx_word' id='word_1_808' title='bbox 295 5260 410 5319; x_wconf 82' lang='grc' dir='ltr'>οἶδε</span> <span class='ocrx_word' id='word_1_809' title='bbox 439 5266 537 5320; x_wconf 66' lang='grc' dir='ltr'><strong>κα)⁸</strong></span> <span class='ocrx_word' id='word_1_810' title='bbox 563 5266 670 5337; x_wconf 70' lang='grc' dir='ltr'>πρὸ</span> <span class='ocrx_word' id='word_1_811' title='bbox 695 5266 805 5319; x_wconf 86' lang='grc' dir='ltr'>τῶν</span> <span class='ocrx_word' id='word_1_812' title='bbox 833 5266 984 5337; x_wconf 67' lang='grc' dir='ltr'>ἐμῶν</span> <span class='ocrx_word' id='word_1_813' title='bbox 1019 5266 1214 5336; x_wconf 86' lang='grc' dir='ltr'>λόγων,</span> <span class='ocrx_word' id='word_1_814' title='bbox 1245 5267 1325 5321; x_wconf 82' lang='grc' dir='ltr'><strong>ὅτι</strong></span> <span class='ocrx_word' id='word_1_815' title='bbox 1347 5265 1488 5335; x_wconf 81' lang='grc' dir='ltr'>πλὴν</span> <span class='ocrx_word' id='word_1_816' title='bbox 1519 5261 1614 5318; x_wconf 82' lang='grc' dir='ltr'>τοῦ</span> <span class='ocrx_word' id='word_1_817' title='bbox 1640 5264 1885 5333; x_wconf 81' lang='grc' dir='ltr'>πατάγου</span> 
     </span>
    </p>
   </div>
   <div class='ocr_carea' id='block_1_105' title="bbox 297 5356 1888 5430">
    <p class='ocr_par' dir='ltr' id='par_1_105' title="bbox 297 5356 1888 5430">
     <span class='ocr_line' id='line_1_105' title="bbox 297 5356 1888 5430; baseline -0.001 -20"><span class='ocrx_word' id='word_1_818' title='bbox 297 5356 410 5410; x_wconf 83' lang='grc' dir='ltr'><strong>τῶν</strong></span> <span class='ocrx_word' id='word_1_819' title='bbox 438 5356 737 5429; x_wconf 83' lang='grc' dir='ltr'>ὀνομάτων,</span> <span class='ocrx_word' id='word_1_820' title='bbox 758 5357 794 5412; x_wconf 80' lang='grc' dir='ltr'>ἃ</span> <span class='ocrx_word' id='word_1_821' title='bbox 818 5361 883 5429; x_wconf 83' lang='grc' dir='ltr'>τῇ</span> <span class='ocrx_word' id='word_1_822' title='bbox 908 5358 1179 5430; x_wconf 84' lang='grc' dir='ltr'>ἀλλοκότῳ</span> <span class='ocrx_word' id='word_1_823' title='bbox 1204 5357 1383 5413; x_wconf 71' lang='grc' dir='ltr'>αὐτῶν</span> <span class='ocrx_word' id='word_1_824' title='bbox 1409 5356 1695 5428; x_wconf 75' lang='grc' dir='ltr'>συμπλοκῇ</span> <span class='ocrx_word' id='word_1_825' title='bbox 1728 5373 1888 5410; x_wconf 87' lang='grc' dir='ltr'>κατε-</span> 
     </span>
    </p>
   </div>
   <div class='ocr_carea' id='block_1_106' title="bbox 300 5448 1887 5522">
    <p class='ocr_par' dir='ltr' id='par_1_106' title="bbox 300 5448 1887 5522">
     <span class='ocr_line' id='line_1_106' title="bbox 300 5448 1887 5522; baseline -0.002 -19"><span class='ocrx_word' id='word_1_826' title='bbox 300 5450 591 5522; x_wconf 77' lang='grc' dir='ltr'>κρότησεν,</span> <span class='ocrx_word' id='word_1_827' title='bbox 618 5450 771 5504; x_wconf 75' lang='grc' dir='ltr'>οὐδὲν</span> <span class='ocrx_word' id='word_1_828' title='bbox 799 5452 942 5522; x_wconf 59' lang='grc' dir='ltr'>τινος</span> <span class='ocrx_word' id='word_1_829' title='bbox 969 5450 1399 5522; x_wconf 79' lang='grc' dir='ltr'>ὲπιστημονικῆς</span> <span class='ocrx_word' id='word_1_830' title='bbox 1427 5448 1664 5512; x_wconf 81' lang='grc' dir='ltr'>διανοίας</span> <span class='ocrx_word' id='word_1_831' title='bbox 1688 5450 1744 5501; x_wconf 82' lang='grc' dir='ltr'><strong>ἐν</strong></span> <span class='ocrx_word' id='word_1_832' title='bbox 1775 5450 1887 5511; x_wconf 71' lang='grc' dir='ltr'>τοῖς</span> 
     </span>
    </p>
   </div>
   <div class='ocr_carea' id='block_1_107' title="bbox 298 5538 1886 5613">
    <p class='ocr_par' dir='ltr' id='par_1_107' title="bbox 298 5538 1886 5613">
     <span class='ocr_line' id='line_1_107' title="bbox 298 5538 1886 5613; baseline -0.001 -20"><span class='ocrx_word' id='word_1_833' title='bbox 298 5541 614 5612; x_wconf 84' lang='grc' dir='ltr'>εἰρημένοις</span> <span class='ocrx_word' id='word_1_834' title='bbox 639 5540 972 5613; x_wconf 80' lang='grc' dir='ltr'>εὑρίσκεται.</span> <span class='ocrx_word' id='word_1_835' title='bbox 994 5541 1056 5594; x_wconf 83' lang='grc' dir='ltr'>Εἰ</span> <span class='ocrx_word' id='word_1_836' title='bbox 1081 5540 1136 5594; x_wconf 80' lang='grc' dir='ltr'>δὲ</span> <span class='ocrx_word' id='word_1_837' title='bbox 1166 5540 1274 5612; x_wconf 80' lang='grc' dir='ltr'>ἄρα</span> <span class='ocrx_word' id='word_1_838' title='bbox 1296 5558 1378 5603; x_wconf 89' lang='grc' dir='ltr'><strong>τις</strong></span> <span class='ocrx_word' id='word_1_839' title='bbox 1410 5539 1504 5593; x_wconf 72' lang='grc' dir='ltr'><strong>καὶ</strong></span> <span class='ocrx_word' id='word_1_840' title='bbox 1531 5538 1659 5592; x_wconf 89' lang='grc' dir='ltr'><strong>σκιά</strong></span> <span class='ocrx_word' id='word_1_841' title='bbox 1681 5539 1886 5609; x_wconf 77' lang='grc' dir='ltr'>νοήμα-</span> 
     </span>
    </p>
   </div>
   <div class='ocr_carea' id='block_1_108' title="bbox 299 5628 1887 5706">
    <p class='ocr_par' dir='ltr' id='par_1_108' title="bbox 299 5628 1887 5706">
     <span class='ocr_line' id='line_1_108' title="bbox 299 5628 1887 5706; baseline -0.001 -20"><span class='ocrx_word' id='word_1_842' title='bbox 299 5649 417 5696; x_wconf 81' lang='grc' dir='ltr'>τος,</span> <span class='ocrx_word' id='word_1_843' title='bbox 447 5630 527 5702; x_wconf 83' lang='grc' dir='ltr'>τῷ</span> <span class='ocrx_word' id='word_1_844' title='bbox 550 5631 708 5703; x_wconf 66' lang='grc' dir='ltr'>ψόφῳ</span> <span class='ocrx_word' id='word_1_845' title='bbox 736 5632 846 5687; x_wconf 84' lang='grc' dir='ltr'>τῶν</span> <span class='ocrx_word' id='word_1_846' title='bbox 880 5631 1138 5706; x_wconf 81' lang='grc' dir='ltr'>ῥημάτων</span> <span class='ocrx_word' id='word_1_847' title='bbox 1172 5630 1500 5706; x_wconf 71' lang='grc' dir='ltr'>ἐνευρεθείη,</span> <span class='ocrx_word' id='word_1_848' title='bbox 1530 5632 1565 5704; x_wconf 81' lang='grc' dir='ltr'>ἢ</span> <span class='ocrx_word' id='word_1_849' title='bbox 1599 5629 1793 5695; x_wconf 75' lang='grc' dir='ltr'>ἀσεϐὲς</span> <span class='ocrx_word' id='word_1_850' title='bbox 1826 5628 1887 5684; x_wconf 73' lang='grc' dir='ltr'>τὸ</span> 
     </span>
    </p>
   </div>
   <div class='ocr_carea' id='block_1_109' title="bbox 374 5768 834 5841">
    <p class='ocr_par' dir='ltr' id='par_1_109' title="bbox 374 5768 834 5841">
     <span class='ocr_line' id='line_1_109' title="bbox 374 5768 834 5841; baseline 0 -14"><span class='ocrx_word' id='word_1_851' title='bbox 374 5770 424 5805; x_wconf 78' lang='grc'><strong>⁸³</strong></span> <span class='ocrx_word' id='word_1_852' title='bbox 456 5768 614 5827; x_wconf 65' lang='grc' dir='ltr'>ιοαιι.</span> <span class='ocrx_word' id='word_1_853' title='bbox 640 5789 717 5841; x_wconf 73' lang='grc' dir='ltr'>ιι,</span> <span class='ocrx_word' id='word_1_854' title='bbox 743 5771 834 5828; x_wconf 73' lang='lat'><strong>25.</strong></span> 
     </span>
    </p>
   </div>
   <div class='ocr_carea' id='block_1_110' title="bbox 1986 5073 3560 5149">
    <p class='ocr_par' dir='ltr' id='par_1_110' title="bbox 1986 5073 3560 5149">
     <span class='ocr_line' id='line_1_110' title="bbox 1986 5073 3560 5149; baseline -0.003 -15"><span class='ocrx_word' id='word_1_855' title='bbox 1986 5089 2201 5149; x_wconf 68' lang='lat' dir='ltr'><strong>propter</strong></span> <span class='ocrx_word' id='word_1_856' title='bbox 2247 5080 2474 5131; x_wconf 83' lang='lat' dir='ltr'><strong>alterum</strong></span> <span class='ocrx_word' id='word_1_857' title='bbox 2499 5114 2513 5139; x_wconf 93' lang='lat'><strong>,</strong></span> <span class='ocrx_word' id='word_1_858' title='bbox 2564 5090 2725 5145; x_wconf 78' lang='lat' dir='ltr'><strong>neque</strong></span> <span class='ocrx_word' id='word_1_859' title='bbox 2776 5073 2846 5128; x_wconf 78' lang='lat' dir='ltr'><strong>ad</strong></span> <span class='ocrx_word' id='word_1_860' title='bbox 2901 5074 3131 5133; x_wconf 75' lang='lat' dir='ltr'><strong>alterum</strong></span> <span class='ocrx_word' id='word_1_861' title='bbox 3181 5073 3401 5131; x_wconf 73' lang='lat' dir='ltr'><strong>dicitur.</strong></span> <span class='ocrx_word' id='word_1_862' title='bbox 3453 5073 3560 5141; x_wconf 87' lang='lat' dir='ltr'><strong>Qui</strong></span> 
     </span>
    </p>
   </div>
   <div class='ocr_carea' id='block_1_111' title="bbox 1989 5165 3560 5240">
    <p class='ocr_par' dir='ltr' id='par_1_111' title="bbox 1989 5165 3560 5240">
     <span class='ocr_line' id='line_1_111' title="bbox 1989 5165 3560 5240; baseline -0.003 -15"><span class='ocrx_word' id='word_1_863' title='bbox 1989 5186 2177 5225; x_wconf 84' lang='lat' dir='ltr'><strong>aurem</strong></span> <span class='ocrx_word' id='word_1_864' title='bbox 2210 5178 2495 5240; x_wconf 78' lang='lat' dir='ltr'><strong>purgatam</strong></span> <span class='ocrx_word' id='word_1_865' title='bbox 2529 5166 2730 5232; x_wconf 84' lang='lat' dir='ltr'><strong>habet,</strong></span> <span class='ocrx_word' id='word_1_866' title='bbox 2775 5176 2831 5221; x_wconf 90' lang='lat' dir='ltr'><strong>et</strong></span> <span class='ocrx_word' id='word_1_867' title='bbox 2874 5165 3234 5235; x_wconf 85' lang='lat' dir='ltr'><strong>intelligentia</strong></span> <span class='ocrx_word' id='word_1_868' title='bbox 3269 5175 3354 5221; x_wconf 86' lang='lat' dir='ltr'><strong>est</strong></span> <span class='ocrx_word' id='word_1_869' title='bbox 3383 5165 3560 5222; x_wconf 82' lang='lat' dir='ltr'><strong>solers</strong></span> 
     </span>
    </p>
   </div>
   <div class='ocr_carea' id='block_1_112' title="bbox 1991 5256 3560 5332">
    <p class='ocr_par' dir='ltr' id='par_1_112' title="bbox 1991 5256 3560 5332">
     <span class='ocr_line' id='line_1_112' title="bbox 1991 5256 3560 5332; baseline -0.001 -16"><span class='ocrx_word' id='word_1_870' title='bbox 1991 5277 2056 5317; x_wconf 85' lang='lat' dir='ltr'><strong>ac</strong></span> <span class='ocrx_word' id='word_1_871' title='bbox 2087 5262 2377 5332; x_wconf 83' lang='lat' dir='ltr'><strong>perspicax</strong></span> <span class='ocrx_word' id='word_1_872' title='bbox 2401 5301 2416 5323; x_wconf 95' lang='lat'><strong>,</strong></span> <span class='ocrx_word' id='word_1_873' title='bbox 2449 5267 2750 5330; x_wconf 80' lang='lat' dir='ltr'><strong>antequam</strong></span> <span class='ocrx_word' id='word_1_874' title='bbox 2780 5258 3078 5330; x_wconf 85' lang='lat' dir='ltr'><strong>quidquam</strong></span> <span class='ocrx_word' id='word_1_875' title='bbox 3108 5256 3376 5323; x_wconf 72' lang='lat' dir='ltr'><strong>dixerim,</strong></span> <span class='ocrx_word' id='word_1_876' title='bbox 3404 5258 3560 5314; x_wconf 70' lang='lat' dir='ltr'><strong>novit</strong></span> 
     </span>
    </p>
   </div>
   <div class='ocr_carea' id='block_1_113' title="bbox 1992 5348 3559 5425">
    <p class='ocr_par' dir='ltr' id='par_1_113' title="bbox 1992 5348 3559 5425">
     <span class='ocr_line' id='line_1_113' title="bbox 1992 5348 3559 5425; baseline -0.013 -15"><span class='ocrx_word' id='word_1_877' title='bbox 1992 5362 2191 5425; x_wconf 48' lang='lat' dir='ltr'><strong>praeter</strong></span> <span class='ocrx_word' id='word_1_878' title='bbox 2220 5351 2513 5406; x_wconf 83' lang='lat' dir='ltr'><strong>verborum</strong></span> <span class='ocrx_word' id='word_1_879' title='bbox 2547 5349 2835 5420; x_wconf 86' lang='lat' dir='ltr'><strong>strepitum</strong></span> <span class='ocrx_word' id='word_1_880' title='bbox 2855 5387 2871 5411; x_wconf 94' lang='lat'><strong>,</strong></span> <span class='ocrx_word' id='word_1_881' title='bbox 2917 5361 3039 5419; x_wconf 64' lang='lat' dir='ltr'><strong>quae</strong></span> <span class='ocrx_word' id='word_1_882' title='bbox 3062 5358 3377 5407; x_wconf 77' lang='lat' dir='ltr'><strong>monstroso</strong></span> <span class='ocrx_word' id='word_1_883' title='bbox 3409 5348 3559 5420; x_wconf 68' lang='lat' dir='ltr'><strong>ipso-</strong></span> 
     </span>
    </p>
   </div>
   <div class='ocr_carea' id='block_1_114' title="bbox 1990 5439 3560 5514">
    <p class='ocr_par' dir='ltr' id='par_1_114' title="bbox 1990 5439 3560 5514">
     <span class='ocr_line' id='line_1_114' title="bbox 1990 5439 3560 5514; baseline -0.004 -12"><span class='ocrx_word' id='word_1_884' title='bbox 1990 5461 2112 5502; x_wconf 91' lang='lat' dir='ltr'><strong>rum</strong></span> <span class='ocrx_word' id='word_1_885' title='bbox 2145 5444 2438 5514; x_wconf 75' lang='lat' dir='ltr'><strong>complexu</strong></span> <span class='ocrx_word' id='word_1_886' title='bbox 2465 5441 2716 5511; x_wconf 90' lang='lat' dir='ltr'><strong>crepuit,</strong></span> <span class='ocrx_word' id='word_1_887' title='bbox 2741 5441 2951 5496; x_wconf 80' lang='lat' dir='ltr'><strong>nullum</strong></span> <span class='ocrx_word' id='word_1_888' title='bbox 2979 5439 3264 5496; x_wconf 78' lang='lat' dir='ltr'><strong>scientiam</strong></span> <span class='ocrx_word' id='word_1_889' title='bbox 3286 5439 3560 5512; x_wconf 73' lang='lat' dir='ltr'><strong>gignentia</strong></span> 
     </span>
    </p>
   </div>
   <div class='ocr_carea' id='block_1_115' title="bbox 1993 5527 3560 5606">
    <p class='ocr_par' dir='ltr' id='par_1_115' title="bbox 1993 5527 3560 5606">
     <span class='ocr_line' id='line_1_115' title="bbox 1993 5527 3560 5606; baseline -0.004 -13"><span class='ocrx_word' id='word_1_890' title='bbox 1993 5532 2380 5606; x_wconf 72' lang='lat' dir='ltr'><strong>intelligentia:</strong></span> <span class='ocrx_word' id='word_1_891' title='bbox 2408 5531 2698 5600; x_wconf 78' lang='lat' dir='ltr'><strong>vestigium</strong></span> <span class='ocrx_word' id='word_1_892' title='bbox 2728 5530 2781 5585; x_wconf 93' lang='lat' dir='ltr'><strong>iu</strong></span> <span class='ocrx_word' id='word_1_893' title='bbox 2817 5530 2902 5585; x_wconf 88' lang='lat' dir='ltr'><strong>his</strong></span> <span class='ocrx_word' id='word_1_894' title='bbox 2929 5528 3093 5585; x_wconf 89' lang='lat' dir='ltr'><strong>dictis</strong></span> <span class='ocrx_word' id='word_1_895' title='bbox 3120 5529 3371 5587; x_wconf 77' lang='lat' dir='ltr'><strong>inveniri.</strong></span> <span class='ocrx_word' id='word_1_896' title='bbox 3402 5527 3560 5596; x_wconf 77' lang='lat' dir='ltr'><strong>Quod</strong></span> 
     </span>
    </p>
   </div>
   <div class='ocr_carea' id='block_1_116' title="bbox 1993 5619 3560 5698">
    <p class='ocr_par' dir='ltr' id='par_1_116' title="bbox 1993 5619 3560 5698">
     <span class='ocr_line' id='line_1_116' title="bbox 1993 5619 3560 5698; baseline -0.009 -12"><span class='ocrx_word' id='word_1_897' title='bbox 1993 5628 2037 5686; x_wconf 83' lang='lat' dir='ltr'><strong>si</strong></span> <span class='ocrx_word' id='word_1_898' title='bbox 2069 5627 2250 5698; x_wconf 85' lang='lat' dir='ltr'><strong>aliqua</strong></span> <span class='ocrx_word' id='word_1_899' title='bbox 2281 5621 2524 5681; x_wconf 86' lang='lat' dir='ltr'><strong>nationis</strong></span> <span class='ocrx_word' id='word_1_900' title='bbox 2560 5622 2751 5678; x_wconf 84' lang='lat' dir='ltr'><strong>umbra</strong></span> <span class='ocrx_word' id='word_1_901' title='bbox 2784 5622 2841 5678; x_wconf 86' lang='lat' dir='ltr'><strong>in</strong></span> <span class='ocrx_word' id='word_1_902' title='bbox 2873 5622 2979 5679; x_wconf 83' lang='lat' dir='ltr'><strong>hoc</strong></span> <span class='ocrx_word' id='word_1_903' title='bbox 3009 5621 3301 5679; x_wconf 83' lang='lat' dir='ltr'><strong>verborum</strong></span> <span class='ocrx_word' id='word_1_904' title='bbox 3324 5619 3560 5692; x_wconf 79' lang='lat' dir='ltr'><strong>strepitu</strong></span> 
     </span>
    </p>
   </div>
  </div>
