4010 6212
526 365 662 425 109i

1745 359 1803 419 S.
1843 355 2171 417 GREGORII
2196 355 2483 416 NYSSENI

3659 359 3805 416 ιοθε

524 482 750 538 inventa
787 477 988 544 fuerit,
1013 478 1100 535 vel
1140 476 1287 549 quod
1329 478 1609 534 inventum
1653 476 2089 543 fuerit,omninc

2201 477 2420 550 εὑρεθὲν
2447 476 2598 531 ἔσται
2626 476 2864 541 πάντως,
2895 475 2928 547 ἦ
2956 474 3373 542 καταγέλαστον.
3412 474 3483 529 Τί
3512 474 3627 547 γάρ
3649 476 3784 532 νοῶν

527 572 753 643 impium
787 572 928 636 erit,
958 572 1043 627 vel
1076 573 1391 627 ridiculum.
1445 570 1591 639 Quid
1621 571 1768 626 enim
1801 571 2113 647 intelligens

526 664 631 718 hoc
670 660 847 718 dicis?
900 662 988 718 dic
1020 663 1191 719 mihi.
1244 664 1399 730 Quod
1444 664 1702 736 principii
1749 680 1946 736 expers
1996 669 2115 726 sine

527 757 637 810 ﬁne
665 764 785 821 est,
821 763 876 810 et
907 755 1015 810 ﬁne
1041 769 1241 810 carens
1271 756 1488 825 absque
1522 756 1810 829 principio.
1848 758 1930 811 An
1964 760 2109 815 idem

528 855 701 916 putas
726 861 847 900 esse
881 846 1212 917 principium
1244 860 1370 900 cum
1409 846 1561 901 ﬁne?
1592 846 1657 900 Et
1693 848 1761 903 de
1798 865 1908 904 uno
1941 867 2109 907 sensu

527 937 664 991 duas
708 951 871 990 voces
916 935 1128 1004 positas
1165 950 1324 997 esse,
1376 941 1433 988 ut
1481 933 1626 989 Petri
1655 944 1708 990 et
1741 935 1981 994 Simonis
2015 954 2111 1010 ap-

527 1027 859 1096 pellationes
887 1042 1056 1080 unum
1103 1025 1380 1095 quoddam
1426 1027 1737 1097 subjectum
1785 1030 2105 1098 declarant,

527 1119 805 1189 hujus’que
846 1119 1022 1190 gratia
1076 1119 1544 1188 quemadmodum
1602 1121 1933 1192 principium
1979 1139 2105 1179 cum

528 1210 635 1264 ﬁne
676 1209 816 1264 idem
851 1225 973 1264 esse
1009 1218 1167 1279 putas
1188 1253 1202 1277 ,
1240 1210 1321 1264 sic
1351 1211 1620 1282 copulans
1649 1212 1715 1268 ad
1733 1216 1909 1269 ’unam
1936 1216 2106 1287 signi—

528 1302 807 1355 ﬁcantiam
841 1302 979 1357 duas
1015 1318 1178 1357 voces
1221 1303 1415 1357 horum
1464 1311 1761 1375 utrumque
1811 1308 2063 1364 tollentes
2087 1350 2102 1373 ,

526 1396 690 1449 linem
725 1394 848 1449 dico
885 1402 941 1448 et
975 1394 1305 1465 principium
1330 1435 1345 1460 ,
1384 1410 1451 1450 ex
1484 1410 1754 1454 converso
1788 1398 2102 1471 intelligens

527 1485 670 1540 idem
703 1499 825 1540 esse
856 1499 981 1538 cum
1015 1485 1269 1556 principii
1301 1493 1554 1555 experte,
1589 1486 1643 1542 id
1677 1487 1823 1558 quod
1868 1486 1976 1544 ﬁne
2004 1505 2101 1545 ca-

525 1584 611 1632 ret
633 1618 648 1643 ,
674 1577 813 1631 duas
841 1591 1006 1633 voces
1037 1564 1299 1632 confusas
1327 1577 1470 1632 inter
1491 1576 1743 1634 se'unam
1774 1579 1978 1636 fecisti.
2001 1583 2100 1637 At-

524 1683 631 1738 que
669 1668 784 1722 haac
818 1668 913 1723 tibi
958 1669 1242 1722 nominum
1278 1669 1396 1724 vult
1421 1670 1733 1726 commistio
1754 1711 1770 1737 ,
1801 1687 1926 1727 cum
1959 1672 2099 1731 dicis

524 1759 828 1830 ingenitum
862 1776 987 1816 esse
1020 1765 1140 1818 sine
1182 1762 1316 1824 ﬁne,
1349 1771 1406 1818 et
1450 1763 1558 1819 ﬁne
1596 1779 1792 1821 carens
1827 1767 2092 1840 ingenite.

2215 570 2373 625 τοῦτο
2409 570 2623 639 λέγεις;
2652 569 2790 624 Εἰπέ
2832 586 2940 640 μοι.
2984 568 3111 623 Ὀτι
3140 569 3374 641 ἀναρχός
3400 573 3553 626 ἐστιν
3584 574 3775 629 ἁτελευ

2215 666 2393 736 τήτως
2413 704 2428 729 ,
2461 663 2556 717 καὶ
2585 661 2940 732 ἀτελεύτητος
2975 662 3246 735 ἀνάρχως.
3285 659 3435 735 *Αρα
3464 665 3667 721 ταύτὸν
3704 670 3799 724 οἴει

2214 755 2310 823 τὴν
2365 756 2539 826 ἀρχὴν
2579 750 2718 808 εἶναι
2756 752 2833 824 τῷ
2875 753 3053 819 τέλει;
3105 754 3216 808 Καὶ
3258 756 3381 809 καθ’
3416 756 3537 822 ἑνὸς
3588 759 3799 814 κεῖσθαι

2214 848 2484 918 νοήματος
2516 845 2615 910 τὰς
2641 846 2735 900 δύο
2764 845 2966 915 φωνάς,
2998 846 3074 909 ὡς
3101 845 3306 918 Πέτρου
3336 847 3432 900 καὶ
3467 849 3719 919 Σίμωνος
3749 854 3799 904 αί

2214 939 2574 1011 προσηγορίαι
2595 938 2653 991 ’ἐν
2676 956 2728 992 τι
2756 940 2816 991 τὸ
2845 940 3201 1009 ὑποκείμενον
3229 938 3296 990 δι’
3322 939 3525 993 ἑαυτῶν
3549 941 3797 1012 δηλοῦσι,

2212 1035 2308 1088 καὶ
2336 1033 2526 1088 τούτου
2563 1035 2721 1106 χάριν
2754 1032 2943 1104 ὥσπερ
2985 1032 3080 1103 τὴν
3122 1034 3294 1102 ἀρχὴν
3323 1033 3401 1104 τῷ
3428 1035 3575 1088 τέλει
3603 1037 3797 1090 ταύτδν

2210 1121 2351 1180 εἶναι
2392 1125 2654 1197 νομίζεις,
2702 1125 2873 1189 οὕτως
2904 1124 3143 1195 συνάψας
3177 1124 3313 1196 πρὸς
3349 1127 3479 1196 μίαν
3520 1132 3796 1198 σημασίαν

2208 1219 2305 1282 τὰς
2333 1217 2426 1272 δύο
2448 1217 2631 1289 φωνὰς
2653 1218 2749 1282 τὰς
2774 1218 3036 1289 ἐκατέρου
3069 1218 3273 1272 τούτων
3299 1220 3679 1292 ἀναιρετικάς,
3704 1223 3793 1276 τοῦ

2206 1310 2392 1375 τέλους
2416 1311 2559 1379 λέγω
2577 1313 2670 1363 καὶ
2696 1312 2792 1380 τῆς
2810 1310 3004 1381 ἀρχῆς,
3028 1310 3091 1362 ὲκ
3107 1309 3199 1362 τοῦ
3217 1312 3579 1381 ἀντιστρόφου
3602 1316 3796 1385 νοήσας

2206 1402 2282 1474 τῷ
2321 1402 2546 1474 ἀνάρχῳ
2589 1402 2784 1456 ταύτὸν
2826 1398 3056 1456 εἶναιτὸ
3096 1403 3469 1475 ἀτελεύτητον,
3518 1405 3655 1473 μίαν
3700 1407 3795 1472 τὰς

2203 1496 2297 1550 δύο
2339 1497 2522 1566 φωνάς
2560 1496 2836 1567 συγχύσας
2870 1496 3125 1568 ἀλλήλαις
3164 1497 3445 1568 ἐποίησας.
3489 1499 3603 1553 Καὶ
3639 1499 3793 1555 τοῦτό

2207 1605 2288 1642 σοι
2341 1587 2589 1659 βούλεται
2626 1589 2734 1641 τῶν
2772 1588 3052 1661 ὀνομάτων
3099 1590 3133 1660 ή
3184 1590 3358 1660 μίξις,
3394 1593 3454 1643 ὲν
3486 1591 3568 1662 τῷ
3615 1592 3793 1654 λέγειν

2202 1678 2496 1753 ἀγέννητον
2523 1676 2661 1734 εἶναι
2686 1681 3056 1753 ἀτελευτήτως
3073 1723 3089 1744 ,
3127 1681 3221 1735 κα)⁵
3251 1683 3614 1754 ἀτελεύτητον
3640 1688 3794 1754 ἀγεν-

2202 1773 2397 1843 νήτως.
2423 1774 2531 1826 Kal
2550 1772 2666 1837 πῶς
2687 1772 2787 1826 οὐκ
2807 1770 2944 1837 εἶδες
2962 1774 3024 1827 τὸ
3045 1773 3237 1838 ἀσεϐὲς
3260 1775 3318 1827 ὲν
3337 1778 3448 1841 τοῖς
3471 1776 3794 1847 λεγομένοις

524 1851 810 1917 Quomodo
847 1852 899 1905 in
934 1852 1020 1908 his
1050 1851 1216 1907 dictis
1267 1867 1375 1907 non
1426 1853 1749 1925 advertisti,
1804 1837 1951 1928 quod
1999 1861 2089 1916 imi

2205 1837 2321 1937 ἅμα
2361 1867 2456 1920 καὶ
2502 1866 2935 1934 καταγέλαστον;
2979 1868 3041 1920 Et
3084 1866 3193 1938 γὰρ
3233 1869 3298 1920 ὲκ
3342 1837 3441 1921 τοῠγ
3483 1837 3791 1939 tceo-ﬁve;

524 1943 676 2012 pium
707 1949 793 1997 est
827 1943 991 1996 simul
1034 1948 1089 1998 et
1130 1942 1277 2012 quod
1331 1943 1680 2000 ridiculum?
1731 1948 1789 2002 Si
1840 1951 1984 2004 enim
2033 1968 2101 2006 ex

523 2050 680 2105 ωηυο
713 2051 809 2106 per
842 2035 984 2090 hanc
1020 2050 1213 2090 novam
1245 2036 1556 2093 mistionem
1590 2040 1875 2097 nominum
1914 2044 1973 2097 ﬁt
2017 2044 2101 2098 iu-

523 2127 709 2182 versio
731 2167 745 2190 ,
775 2126 848 2180 ita
882 2136 942 2180 ut
976 2128 1280 2197 ingenitum
1313 2128 1386 2183 sit
1421 2128 1776 2187 intermi’nate
1821 2133 1938 2190 sive
1981 2135 2101 2191 sine

478 2200 485 2211 ’
521 2219 629 2273 ﬁne
660 2217 997 2288 ingenitum,
1050 2224 1105 2272 et
1149 2218 1562 2275 interminatutn
1607 2224 1723 2278 sive
1746 2223 1852 2280 ﬁne
1900 2240 2100 2283 carens

521 2310 594 2364 sit
624 2308 862 2376 ingenite
892 2308 1308 2364 interminatum
1338 2311 1454 2367 sive
1480 2312 1591 2369 ﬁne
1623 2328 1843 2381 carens,
1872 2319 2099 2375 omnino

519 2414 746 2455 necesse
770 2406 855 2454 est
881 2413 1043 2455 omne
1073 2400 1484 2456 interminatum
1512 2420 1622 2459 non
1652 2405 1813 2462 aliter
1837 2423 1962 2465 esse
1993 2411 2098 2467 nisi

519 2490 767 2559 ingenite
792 2489 978 2546 fuerit.
1014 2490 1078 2545 Et
1104 2493 1184 2546 sic
1207 2493 1306 2547 tibi
1340 2493 1638 2561 invenitur,
1666 2512 1698 2553 ο
1727 2498 2094 2571 amicissime,

519 2584 838 2654 pervulgata
887 2593 940 2638 et
990 2584 1223 2638 multum
1276 2585 1405 2639 trita
1451 2587 1782 2659 ἀγεννησία,
1824 2607 1948 2661 quae
1981 2593 2097 2649 solo

517 2684 614 2730 tuo
658 2675 869 2745 judicio
915 2674 1097 2732 Patris
1142 2679 1438 2733 essentiam
1491 2689 1647 2735 notat
1692 2691 1745 2737 et
1793 2686 2092 2754 exprimit,

517 2766 826 2822 communis
856 2766 1003 2820 facta
1031 2782 1155 2821 cum
1186 2768 1444 2824 omnibus
1470 2786 1591 2840 qua:
1618 2772 1840 2829 interitu
1868 2785 2093 2842 carent,

516 2865 570 2909 et
601 2858 785 2910 omnia
811 2855 1022 2911 faciens
1052 2854 1201 2909 Patri
1232 2857 1730 2915 consubstantialia
1755 2903 1770 2928 ,
1806 2875 2093 2935 propterea

514 2945 663 3017 quod
693 2944 951 3000 omnibus
991 2945 1253 3001 similiter
1281 2958 1581 3018 appareat,
1615 2953 1817 3020 quibus
1851 2970 1949 3026 par
1991 2957 2096 3012 im-

518 3036 904 3092 mortalitatem
951 3037 1064 3092 vita
1118 3037 1172 3092 in
1216 3040 1492 3095 infinitum
1542 3042 1823 3111 procedit,
1858 3046 2095 3103 archan-

515 3130 690 3199 gelis,
743 3130 988 3201 angelis,
1041 3130 1298 3186 humanis
1348 3134 1593 3190 animis:
1643 3136 1879 3194 fortasse
1925 3127 2088 3196 etiam

515 3224 620 3293 ipsi
654 3224 908 3296 potestati
940 3238 1060 3295 quae
1091 3222 1326 3289 defecit,
1360 3225 1585 3284 diabolo
1625 3235 1680 3285 et
1720 3229 2083 3289 daemonibus.

516 3315 746 3380 Sieuim
778 3316 1190 3370 interminatum
1231 3318 1347 3373 sive
1388 3318 1494 3375 ﬁne
1532 3335 1759 3386 carens,
1804 3331 1858 3377 et
1902 3323 2084 3379 incor-

2202 1976 2292 2012 ται
2337 1958 2425 2014 διά
2478 1960 2582 2029 τῆς
2622 1959 2819 2030 καινῆς
2862 1959 3067 2031 ταύτης
3112 1957 3313 2031 μίξεως
3356 1963 3389 2033 ἡ
3429 1963 3541 2015 τῶν
3585 1963 3792 2034 ὀνομά-

2199 2067 2308 2103 των
2371 2048 2725 2121 ἀναστροφὴ,
2788 2048 2865 2113 ὡς
2924 2045 2986 2101 τὸ
3041 2049 3337 2122 ἀγέννητον
3410 2052 3790 2125 ἀτελευτήτως

2200 2139 2338 2197 εἶναι
2406 2143 2728 2214 ἀγέννητον,
2785 2141 2878 2196 καὶ
2944 2141 3005 2194 τὸ
3061 2142 3416 2215 ἀτελεύτητον
3475 2145 3787 2217 ἀγεννήτως

2200 2230 2340 2289 εἶναι
2395 2235 2785 2306 ἀτελεύτητον,
2827 2233 3039 2305 ἀνάγκη
3087 2236 3235 2288 πᾶσα
3300 2237 3665 2307 ἀτελεύτητον
3714 2241 3787 2312 μὴ

2201 2326 2376 2390 ἄλλως
2426 2323 2565 2381 εἶναι
2591 2369 2607 2392 ,
2657 2329 2705 2381 εί
2754 2327 2828 2398 μὴ
2848 2324 3168 2398 ¹ἀγεννήτως
3201 2328 3307 2397 εἴη.
3336 2329 3451 2382 Καὶ
3483 2329 3665 2394 οὕτως
3708 2331 3788 2383 εύ-

2202 2417 2447 2488 ρίσκεταί
2490 2435 2604 2482 σοι,
2638 2410 2683 2470 ὧ
2732 2416 3045 2487 φίλτατε,ή
3085 2416 3522 2490 πολυθρύλλητος
3556 2420 3786 2491 ἀγεννή-

2200 2507 2326 2573 σία,
2361 2508 2395 2578 ἠ
2439 2506 2575 2577 μόνη
2614 2506 2755 2560 κατά
2785 2506 2844 2560 σὲ
2881 2506 2976 2560 τοῦ
3011 2506 3222 2578 Πατρὸς
3252 2508 3363 2579 ¹τὴν
3393 2508 3593 2564 οὐσίαν
3624 2528 3787 2581 χαρα-

2197 2598 2560 2668 κτηρίζουσα,
2590 2598 3035 2668 κοινοποιουμένη
3074 2598 3211 2669 πρὸς
3244 2601 3353 2653 πᾶν
3390 2601 3454 2653 τὸ
3495 2600 3783 2667 ἀθάνατον,

2196 2691 2291 2742 καὶ
2316 2690 2494 2744 πάντα
2527 2689 2755 2744 ποιοῦσα
2780 2689 2855 2761 τῷ
2887 2691 3001 2744 Πατ
3012 2690 3063 2762 pl
3091 2690 3350 2760 όμοούσια
3376 2732 3391 2755 ,
3418 2692 3511 2746 διά
3535 2693 3601 2747 τὸ
3626 2697 3787 2748 πᾶσιν

2194 2779 2396 2851 ὁμοίως
2422 2780 2803 2850 ἐμφαίνεσθαι,
2833 2775 2915 2845 οἷς
2943 2781 3030 2835 διὰ
3057 2782 3155 2848 τῆς
3187 2781 3492 2847 ἀθανασίας
3537 2786 3786 2857 πρόεισιν

2193 2875 2225 2944 ή
2265 2870 2378 2942 ζωὴ
2414 2871 2548 2942 πρὸς
2585 2872 2646 2926 τὸ
2671 2873 2919 2944 ἄπειρον,
2967 2874 3346 2945 ἀρχαγγέλοις,
3379 2876 3666 2944 ἀγγέλοις,
3703 2880 3785 2932 ἀν-

2194 2963 2496 3035 θρωπίναις
2525 2963 2742 3036 ψυχαῖς
2780 2967 2921 3036 τάχα
2956 2966 3012 3020 δὲ
3045 2967 3138 3021 καὶ⁵
3169 2968 3305 3039 αὐτῇ
3343 2971 3409 3039 τῇ
3442 2970 3777 3043 ἀποστατικῇ

2192 3054 2442 3126 δυνάμει,
2473 3054 2552 3126 τῷ
2579 3055 2811 3128 διαϐόλῳ
2835 3073 2896 3111 τε
2925 3057 3017 3110 καὶ
3044 3059 3155 3120 τοῖς
3186 3057 3460 3127 δαίμοσιν.
3491 3058 3557 3113 Et
3588 3061 3702 3134 γὰρ
3724 3062 3779 3115 τὸ

2193 3148 2552 3220 ἀτελεύτητόν
2586 3166 2646 3203 τε
2696 3155 2791 3204 καί⁸
2832 3149 3105 3222 ἄφθαρτον
3143 3153 3458 3224 ἀγεννήτως
3501 3154 3656 3208 κατά
3696 3155 3777 3209 τὸν

2194 3240 2288 3295 σὺν
2334 3241 2491 3310 λόγον
2526 3242 2745 3306 πάντως
2795 3243 2912 3296 ἐστι
2935 3283 2950 3306 ,
2994 3244 3159 3298 παντὶ
3201 3244 3281 3316 τῷ
3326 3246 3678 3318 ἀτελευτήτῳ
3723 3263 3775 3299 τε

2192 3332 2286 3385 καὶ
2305 3332 2567 3406 ἀφθάρτῳ
2590 3333 3008 3407 συνθεωρεῖσθαι
3026 3337 3241 3399 πάντως
3259 3337 3364 3410 χρὴ
3383 3338 3447 3391 τὸ
3464 3341 3775 3409 ἀγέννητον.

513 3406 804 3503 ruptihile,
850 3406 1119 3503 ingenite,
1161 3416 1220 3462 ut
1266 3417 1324 3464 tu
1372 3410 1648 3482 loqueris,
1698 3413 1862 3484 plane
1899 3422 2021 3482 est,
2058 3417 2115 3473 in
2166 3424 2317 3479 onmi
2373 3425 2737 3485 interminato
2771 3406 2824 3484 et
2859 3406 3535 3501 incorruptibiliomnino
3567 3406 3774 3503 oportet

511 3499 819 3569 ingenitum
861 3494 1233 3556 considerari.

579 3596 637 3650 ln
669 3596 783 3652 haec
810 3595 1122 3651 inciduntet
1144 3598 1497 3655 revolvuntur
1511 3600 1772 3668 absurda,
1801 3605 1890 3674 qui
1908 3605 2081 3674 prius«

508 3705 674 3761 quam
713 3687 1006 3743 didicerint
1030 3704 1152 3759 qua
1171 3690 1386 3748 discere
1405 3682 1584 3760 decet,
1611 3710 1710 3765 per
1741 3711 1864 3767 qua)
1890 3697 2087 3754 docere

508 3781 902 3853 aggrediuntur
926 3796 1082 3837 suam
1121 3783 1395 3839 inscitiam
1431 3785 1796 3857 publicantes.
1831 3788 1887 3844 Si
1918 3791 2082 3845 etiam

506 3872 745 3943 aliquam
774 3870 1109 3941 dijudicandi
1133 3872 1418 3927 scientiam
1445 3873 1690 3940 haberet,
1725 3891 1836 3932 non
1866 3877 2086 3949 ignora-

505 3970 591 4020 ret
648 3978 869 4020 sensum
927 3962 1279 4032 peculiariter
1325 3964 1666 4019 recondituni
1718 3967 1773 4020 in
1817 3983 1883 4022 eo
1937 3970 2082 4039 quod

505 4056 759 4127 principii
809 4062 895 4110 est
953 4070 1149 4131 expers
1176 4053 1401 4123 etquod
1459 4053 1569 4110 ﬁne
1598 4065 1777 4113 caret.
1830 4057 1897 4112 Et
1935 4059 2083 4130 quod

504 4146 724 4219 quidem
786 4146 1198 4211 interminatum
1232 4146 1349 4201 sive
1401 4145 1508 4202 ﬁne
1559 4162 1753 4204 carens
1788 4164 2082 4207 commune

2262 3608 2482 3673 Τούτοις
2519 3610 2937 3683 περιπίπτουσιν
2969 3611 3018 3677 oi
3058 3611 3186 3682 πρὶν
3222 3611 3411 3683 μαθεῖν
3437 3612 3480 3666 ἀ
3512 3617 3775 3687 προσήκει

2193 3701 2405 3774 μαθεῖν,
2435 3702 2504 3756 δι’
2529 3696 2605 3756 ὦν
2623 3700 2893 3756 διδάσκειν
2914 3702 3252 3774 ἐπιχειροῦσι
3274 3704 3375 3775 τὴν
3395 3705 3613 3759 ἑαυτῶν
3640 3709 3774 3778 ἀμα-

2190 3793 2312 3848 θίαν
2359 3792 2793 3864 δημοσιεύοντες.
2849 3793 2911 3846 ΕΞ
2949 3793 3059 3866 γὰρ
3104 3789 3219 3864 εἶχέ
3266 3811 3390 3848 τινα
3429 3795 3772 3870 διακριτικην

2190 3886 2519 3957 ἐπιστήμην,
2553 3885 2656 3938 οὐκ
2682 3884 2749 3939 ἂν
2778 3884 3012 3956 ἠγνόησε
3041 3884 3139 3956 τὴν
3178 3885 3486 3952 ἰδιαζόντως
3517 3889 3772 3961 ἐγκειμέ-

2186 3994 2285 4050 νην
2309 3977 2387 4048 τῷ
2416 3994 2476 4031 τε
2520 3976 2742 4048 ἀνάρχῳ
2769 3977 2863 4030 καὶ
2892 3976 2971 4047 τῷ
3002 3975 3341 4048 ἀτελευτήτῳ
3368 3978 3639 4036 διάνοιαν.
3672 3982 3773 4035 Καὶ

2183 4069 2264 4123 ὅτι
2289 4069 2349 4123 τὸ
2375 4069 2474 4141 μὲν
2494 4064 2848 4138 ἀτελεύτητον
2870 4068 3046 4122 κοινὸν
3067 4069 3283 4123 πάντων
3302 4071 3475 4134 ἐστὶν,
3502 4072 3613 4127 ὅσα
3637 4073 3774 4144 διαρ-

2184 4160 2300 4212 κεῖν
2317 4157 2672 4211 πεπίστευται
2700 4158 2765 4227 τῇ
2805 4154 2918 4226 ζωῇ
2943 4155 3079 4227 πρὸς
3096 4156 3155 4209 τὸ
3174 4155 3421 4228 ἀπειρον’
3443 4158 3507 4213 τὸ
3527 4160 3592 4213 δὲ
3612 4162 3772 4232 ἀναρ-

501 4248 587 4298 εει
612 4240 854 4294 omnium
883 4252 1224 4308 qumcunquc
1244 4237 1450 4294 credita
1480 4246 1608 4294 sunt
1636 4255 1797 4310 posse
1826 4239 1991 4297 vitam
2024 4241 2079 4297 in

2195 4267 2295 4320 ίον,
2331 4251 2491 4321 μόνου
2514 4249 2630 4303 ἐστὶ
2661 4248 2754 4302 τοῦ
2799 4249 2925 4303 ἀνευ
2953 4249 3133 4314 αἰτίας
3164 4248 3335 4314 ὄντος.
3362 4250 3491 4316 Πῶς
3518 4248 3618 4306 οὖν
3663 4252 3769 4307 ἐστι

501 4332 777 4390 inﬁnitum
805 4330 1166 4402 protendere;
1201 4329 1455 4400 principii
1510 4346 1642 4387 vero
1673 4346 1871 4403 expers
1906 4334 2079 4391 solius

2195 4343 2243 4397 τὸ
2270 4343 2485 4397 πάντων
2515 4342 2711 4405 κοινὸν,
2749 4341 3066 4413 ἱσοδύναμον
3105 4343 3299 4412 ἐκείνῳ
3325 4345 3586 4415 νομίσαι,
3610 4348 3640 4400 ὃ
3678 4347 3769 4418 μό-

501 4432 584 4479 εει
633 4423 727 4492 qui
764 4422 975 4491 absque
1001 4433 1168 4475 causa
1215 4428 1320 4474 est.
1362 4419 1651 4486 Quomodo
1698 4422 1868 4493 igitur
1927 4425 2075 4494 quod

2195 4453 2273 4489 νου
2305 4433 2398 4490 τοῦ
2429 4433 2562 4488 Θεοῦ
2602 4433 2721 4489 κατ’
2751 4434 3025 4507 ἐξαίρετον
3056 4430 3195 4490 εἶναι
3225 4436 3379 4508 παρά
3412 4438 3638 4492 πάντων
3675 4456 3766 4492 πεί

498 4514 741 4569 omnium
769 4525 1061 4567 commune
1084 4516 1190 4571 est.
1240 4509 1568 4580 asquivalere
1601 4511 1681 4566 illi
1736 4513 1862 4570 licet
1884 4517 2077 4571 existi-

498 4621 672 4671 mare,
706 4604 855 4677 quod
910 4603 1082 4660 solius
1117 4599 1235 4666 Dei,
1263 4616 1457 4671 nempe
1508 4604 1782 4673 praecipua
1839 4605 2075 4675 quadam

454 4715 459 4719 ·
495 4695 712 4753 ratione
755 4710 877 4750 esse
909 4693 978 4749 ab
1010 4691 1266 4748 omnibus
1311 4690 1582 4747 creditum
1631 4701 1737 4753 est.
1773 4694 1851 4749 ita
1881 4705 1939 4750 ut
1979 4712 2077 4767 per

496 4788 601 4845 hoc
618 4787 704 4843 vel
743 4785 1047 4855 ingenitum
1079 4798 1369 4840 commune
1386 4782 1550 4838 faciat
1574 4784 2074 4843 omnibusimmor-

497 4880 728 4938 talitatis
752 4876 1132 4949 participibus,
1158 4876 1241 4932 vel
1270 4876 1406 4931 nihil
1447 4875 1759 4932 immortale
1780 4890 1907 4933 esse
1939 4893 2074 4934 con-

492 4972 676 5037 cedat,
709 4968 981 5040 siquidem
1042 4968 1215 5024 solius
1240 4973 1326 5024 est
1382 4966 1491 5023 ﬁne
1530 4966 1774 5026 carentis
1834 4969 2075 5040 ingenite

490 5081 637 5130 esse,
668 5072 724 5120 et
751 5070 967 5127 contra,
996 5061 1044 5119 si
1092 5060 1269 5116 solius
1290 5069 1376 5115 est
1401 5061 1506 5117 ﬁne
1539 5060 1781 5117 carentis
1832 5060 2075 5133 ingenite

491 5173 617 5214 esse
650 5160 675 5215 ι
717 5156 802 5213 sic
824 5153 973 5211 enim
1008 5152 1457 5210 existimarentur
1500 5152 1857 5209 interminata
1889 5156 2071 5212 omnia

490 5267 617 5308 esse
647 5251 910 5323 ingenita.
943 5248 1050 5305 Sed
1084 5247 1200 5303 haec
1259 5247 1606 5312 omittantur,
1634 5254 1689 5304 et
1727 5247 1850 5319 ejus
1882 5249 2073 5304 convi-

491 5345 664 5401 tiandi
694 5343 1031 5401 consuetudo
1060 5356 1223 5413 quam
1258 5340 1313 5395 in
1353 5355 1452 5397 sua
1492 5340 1637 5396 dicta
1691 5340 1912 5405 infudit,
1946 5356 2073 5397 cum

493 5432 582 5491 his
613 5437 833 5493 silentio
863 5437 1194 5492 involvatur.
1223 5434 1304 5489 Ad
1324 5434 1609 5490 lectionem
1638 5444 2067 5505 consequentem

561 5540 805 5582 ruamus.

491 5541 805 5598 pergamus.

560 5614 820 5674 Fortasse
856 5626 1037 5673 autem
1091 5617 1226 5672 mihi
1275 5616 1490 5672 videtur
1539 5617 1801 5688 praeclare
1864 5616 2067 5675 habere

489 5711 655 5767 etiam
708 5706 940 5779 plurima
987 5721 1110 5777 quae
1137 5707 1396 5777 deinceps
1427 5717 1735 5778 sequuntur
1770 5711 2064 5765 inexcussa

488 5811 929 5876 praetercurrere.
958 5797 1017 5852 in
1039 5796 1295 5854 omnibus
1326 5802 1470 5854 enim
1499 5799 1640 5857 idem
1676 5809 1781 5871 cst,
1808 5815 1918 5857 non
1938 5816 2061 5857 cmn

2180 4526 2483 4588 πίστευται,
2508 4525 2646 4579 ὥστε
2664 4523 2753 4578 διὰ
2766 4524 2951 4580 τούτου
2972 4526 3005 4596 ἢ
3029 4526 3401 4596 κοινοποιῆσαι
3426 4528 3572 4599 πρὸς
3591 4529 3762 4582 πάντα

2175 4620 2243 4674 τὰ
2276 4618 2380 4689 τῆς
2415 4616 2712 4681 ἀθανασίας
2749 4617 3041 4688 μετέχοντα
3081 4616 3142 4671 τδ
3170 4617 3487 4689 ἀγέννητον,
3521 4620 3558 4690 ἢ
3599 4620 3760 4691 μηδὲν

2173 4711 2442 4768 ἀθάνατον
2508 4711 2810 4781 συγχωρεῖν
2858 4705 3018 4774 εἶναι,
3071 4708 3231 4781 εῐπερ
3283 4710 3444 4781 μόνον
3501 4711 3620 4765 ἐστὶ
3668 4709 3758 4765 τοῦ

2172 4804 2468 4875 ἁγεννήτου
2501 4801 2562 4855 τὸ
2599 4800 2968 4872 ἀτελευτήτως
3005 4795 3144 4855 εἶναι
3163 4843 3177 4864 ,
3209 4803 3303 4855 καὶ
3330 4802 3395 4855 τὸ
3420 4798 3679 4874 ἔμπαλιν,
3712 4804 3756 4857 εί

2171 4892 2265 4947 τοῦ
2317 4891 2674 4963 ἀτελευτήτου
2740 4890 2902 4963 μόνου
2952 4891 3069 4944 ἐστὶ
3117 4891 3182 4944 τδ
3233 4892 3548 4961 ἀγεννήτως
3600 4889 3754 4953 sint;

2174 4983 2330 5040 Οὕτω
2364 4984 2474 5056 γὰρ
2507 4982 2574 5037 ἂν
2605 4980 2744 5036 εἶναι
2797 4981 3076 5054 νομισθείη
3119 4981 3190 5035 τὰ
3221 4982 3557 5054 ἀτελεύτητα
3583 4984 3754 5038 πάντα

2169 5077 2458 5148 ἀγέννητα.
2523 5074 2660 5128 Ἀλλ’
2707 5073 2888 5128 ὲάσθω
2936 5075 3031 5129 καὶ
3063 5074 3234 5129 ταῦτα
3252 5116 3269 5140 ,
3301 5075 3398 5129 καὶ
3439 5076 3475 5146 ή
3522 5073 3751 5147 συνήθης

2171 5169 2337 5223 αὑτοῦ
2375 5168 2609 5239 λοιδορία
2654 5167 2721 5240 ἣν
2750 5170 2865 5232 τοῖς
2901 5168 3207 5241 εἰρημένοις
3239 5168 3550 5241 ὲπήντλησε
3572 5210 3588 5234 ,
3620 5168 3749 5241 μετὰ

2170 5263 2374 5316 τούτων
2405 5260 2664 5332 σιγάςθω.
2702 5260 2845 5333 Πρὸς
2878 5260 2935 5314 δὲ
2977 5261 3038 5316 τὸ
3065 5260 3357 5316 ἀκόλουθον
3380 5262 3625 5336 ἔλθωμεν
3656 5261 3746 5331 τῆς

2138 5385 2143 5388 ο
2171 5352 2550 5423 ἀναγνώσεως.
2778 5376 2788 5381 ”

2244 5614 2396 5684 Τάχα
2420 5612 2477 5667 δέ
2509 5629 2598 5684 μοι
2625 5611 2770 5666 δοκεί
2796 5610 2974 5675 καλῶς
2996 5608 3160 5681 ἔχειν,
3188 5610 3281 5665 καὶ
3299 5609 3368 5662 τὰ
3388 5609 3619 5665 πλεῖστα
3641 5608 3743 5663 τῶν

2172 5707 2368 5777 ἑφεξῆς
2412 5702 2792 5776 παραδραμεῖν
2836 5700 3185 5767 ἀνεξέταστα.
3253 5701 3340 5754 Ἐν
3384 5701 3521 5754 πᾶσι
3572 5701 3675 5770 γὰρ

2172 5796 2333 5862 αὐτός
2366 5797 2514 5851 ἔστιν
2549 5797 2611 5851 οὐ
2644 5797 2759 5860 τοῖς
2786 5795 2915 5864 παρ’
2944 5791 3104 5865 ήμῶν
3139 5792 3605 5866 συμπλεκόμενος,
3630 5790 3737 5846 ἀλλ’
