4010 6212
298 330 447 389 1095

1397 321 1682 381 CONTRA
1729 320 2120 391 EUNOMIUM,
2153 322 2285 380 LIB.
2319 322 2436 381 XII.

3436 330 3573 389 ιοοι

299 450 482 523 ἐαυτῷ
522 446 694 510 διδοὺς
741 446 816 509 ὡς
854 442 1044 498 ἐκ-τοῦ
1081 443 1354 516 ἡμετέρου
1384 443 1545 513 λόγου
1591 443 1753 515 δῆθεν
1791 443 1891 507 τὰς

2006 443 2197 514 iisquae
2216 459 2245 498 a
2266 443 2424 500 nobis
2445 441 2705 498 dicuntur
2733 457 2954 497 manum
2980 457 3301 511 conserens,
3322 446 3419 504 sed
3439 462 3579 508 sane

300 542 441 617 πρὸς
466 538 736 595 ἀντίθεσιν
769 535 1045 608 ἀφορμὰς,
1075 530 1157 600 οἷς
1180 535 1243 589 τὸ
1270 535 1336 588 δι’
1360 534 1647 606 ἀκριϐείας
1679 537 1892 603 ἐπεξιέ-

298 651 409 695 ναι,
436 630 668 702 μάταιον
698 626 765 682 ἄν
790 644 874 691 τις
902 626 1046 680 εἴποι
1069 626 1178 680 τῶν
1205 625 1413 697 κρίνειν
1441 628 1887 699 ἐπεσκεμμένων,

298 724 541 793 ἑκάστου
567 719 677 773 τῶν
708 719 848 790 μετὰ
888 718 1125 780 διανοίας
1162 718 1598 788 ἐντυγχανόντων
1622 719 1788 774 αὑτοῦ
1813 718 1890 791 τῷ

299 812 719 883 συγγράμματι,
748 810 806 875 ἐξ
827 807 1006 862 αὐτῶν
1032 809 1138 861 τῶν
1165 808 1472 879 λεγομένων
1492 811 1592 882 τὴν
1619 828 1891 880 συκοφαν-

297 906 418 959 τίαν
453 902 982 972 καταλαμϐάνοντος.
1022 900 1403 971 Πρεσσυτέραν
1430 901 1579 970 λέγει
1618 902 1712 955 τοῦ
1753 902 1889 957 Θεοῦ

299 996 398 1067 τὴν
443 994 602 1061 ἀξίαν
673 992 773 1061 τῆς
815 989 909 1043 τοῦ
952 990 1222 1061 ἡμετέρου
1269 991 1580 1063 καθηγητοῦ
1625 994 1887 1057 ἐπινοίας.

301 1087 438 1141 Οὐδὲ
471 1087 631 1156 ἡμεῖς
662 1082 1045 1151 ἀντιλέγομεν·
1080 1082 1113 1152 η
1166 1081 1273 1152 γὰρ
1305 1081 1399 1135 τοῦ
1443 1082 1577 1136 Θεοῦ
1610 1084 1756 1149 ἀξία,
1797 1085 1886 1155 ἦν-

299 1194 425 1231 τινα
454 1176 560 1247 χρὴ
593 1173 686 1227 καὶ
708 1171 910 1242 ταύτην
930 1171 1172 1242 νομίζειν
1195 1168 1355 1233 εἶναι,
1384 1173 1445 1226 οὐ
1469 1173 1570 1241 τῆς
1596 1174 1715 1227 καθ’
1744 1175 1890 1245 ἡμᾶς

306 1269 468 1339 μόνον
497 1267 689 1335 γενεᾶς
724 1263 1045 1335 προτερεύει
1069 1302 1084 1327 ,
1115 1263 1252 1317 ἀλλὰ
1295 1265 1389 1318 καὶ
1424 1264 1606 1334 πάσης
1633 1265 1733 1336 τῆς
1774 1267 1890 1319 κτί-

306 1378 445 1423 σεως
476 1359 569 1414 καὶ
616 1356 794 1412 αὐτῶν
842 1355 1157 1429 ὑπέρκειται
1198 1356 1307 1410 τῶν
1340 1359 1569 1412 αἰώνων.
1600 1357 1666 1411 Τί
1706 1353 1797 1412 οῦν
1824 1359 1889 1412 ἐκ

303 1453 512 1508 τούτων
546 1450 623 1523 τῷ
655 1451 795 1521 λόγῳ
824 1450 1194 1519 προσγίνεται,
1224 1451 1273 1502 εἰ
1304 1449 1377 1521 μὴ
1402 1449 1679 1503 Βασιλείου
1709 1450 1886 1521 μόνον,

305 1545 447 1601 ἀλλὰ
484 1528 583 1598 ’καὶ
625 1542 844 1596 πάντων
872 1541 981 1594 τῶν
1034 1540 1204 1594 ὄντων
1252 1541 1500 1611 ἁνωτέρα
1547 1541 1889 1613 ὁμολογεῖται

302 1636 399 1690 τοῦ
433 1634 568 1689 Θεοῦ
589 1636 622 1704 ἡ
659 1633 822 1698 ἀξία;
857 1632 985 1697 Ναὶ,
1023 1632 1205 1702 φησὶν,
1235 1630 1371 1684 ἀλλὰ
1410 1631 1473 1683 τὸ
1500 1631 1670 1704 ὄνομα
1699 1635 1732 1703 ἡ
1765 1632 1889 1699 ἀξία

305 1727 477 1781 ἐστίν.
529 1725 639 1778 Καὶ
687 1724 768 1787 τίς
800 1721 1078 1788 ἀπέδειξε.
1106 1720 1302 1775 ταύτὸν
1348 1716 1483 1775 εἶναι
1516 1725 1584 1794 τῇ
1631 1722 1758 1793 ἀξίᾳ
1792 1725 1889 1795 τὴν

1999 536 2103 590 sibi
2137 536 2237 606 ipsi
2273 534 2411 590 dans
2435 535 2583 591 velut
2605 549 2673 590 ex
2706 542 2897 590 nostro
2923 551 3180 593 sermone
3205 537 3273 593 ad
3296 553 3581 611 opponen-

1998 628 2127 684 dum
2180 643 2241 684 se
2300 627 2643 692 occasiones,
2709 626 2909 697 quibus
2957 628 3228 687 subtiliter
3274 631 3580 690 tractandis

1998 734 2218 790 operam
2268 735 2473 790 ponere
2540 718 2809 790 quispiam
2860 734 3049 775 eorum
3087 724 3182 793 qui
3233 724 3582 780 considerate

2000 820 2269 868 noverunt
2290 813 2558 882 judicare,
2595 827 2794 867 vanum
2827 820 2881 868 et
2920 814 3256 885 superﬂuum
3290 832 3415 872 esse
3433 816 3582 874 dixe-

1998 907 2091 971 rit,
2131 921 2256 960 cum
2293 906 2676 977 unusquisque
2729 920 2921 962 eorum
2977 906 3072 977 qui
3121 907 3176 961 in
3224 907 3347 978 ejus
3376 912 3579 982 scripta

2000 997 2317 1063 inciderint,
2355 1014 2419 1053 ex
2449 998 2584 1068 ipsis
2611 998 2776 1053 dictis
2792 998 3121 1054 calumniam
3142 1002 3578 1071 possitarguere.

2002 1089 2100 1144 Hic
2133 1088 2225 1144 Dei
2260 1090 2575 1160 dignitatem
2604 1089 2848 1145 doctoris
2888 1090 3064 1144 nostri
3121 1093 3583 1149 commentatione

2000 1178 2364 1250 antiquiorem
2423 1187 2693 1235 autumat.
2725 1178 2913 1251 Neque
2966 1196 3068 1237 nos
3104 1183 3578 1240 contradicimus:

1999 1268 2270 1342 siquidem
2307 1270 2402 1326 Dei
2434 1272 2689 1361 dignitas,
2743 1287 2909 1340 quam
2945 1272 3165 1342 quidem
3219 1273 3383 1329 etiam
3440 1273 3582 1329 hanc

1998 1363 2321 1419 existimare
2349 1371 2587 1434 oportet,
2622 1379 2729 1419 non
2762 1364 2938 1419 solum
2974 1371 3135 1420 aetate
3195 1375 3384 1423 nostra
3431 1366 3584 1438 prior

1997 1465 2104 1522 est,
2132 1456 2227 1512 sed
2255 1458 2416 1511 etiam
2465 1456 2612 1511 omni
2676 1463 2949 1523 creatura,
2978 1464 3033 1510 et
3062 1457 3197 1528 ipsis
3225 1460 3445 1515 saeculis
3478 1475 3579 1515 su-

1999 1550 2183 1621 perior
2219 1549 2444 1604 eminet.
2470 1545 2613 1614 Quid
2646 1548 2811 1619 igitur
2835 1565 2903 1604 ex
2950 1548 3037 1605 bis
3085 1550 3325 1604 sermoni
3359 1551 3582 1615 accidit,

2000 1642 2045 1699 si
2072 1658 2180 1697 non
2205 1640 2406 1697 Basilio
2435 1642 2613 1697 solum
2667 1642 2761 1697 sed
2819 1642 2980 1697 etiam
3015 1644 3269 1698 omnibus
3295 1643 3459 1699 rebus
3487 1659 3586 1700 su-

1998 1736 2251 1805 perioret
2271 1734 2550 1803 antiquior
2568 1733 2661 1789 Dei
2680 1733 3225 1804 censeturdignitas"
3245 1734 3359 1802 Nre,
3376 1736 3581 1807 inquit,

306 1816 702 1889 προσηγορίαν,
725 1815 815 1867 ἵνα
837 1813 933 1867 καὶ
960 1815 1123 1885 ἡμεῖς
1142 1813 1220 1884 τῷ
1240 1813 1521 1885 λεγομένῳ
1544 1814 1894 1887 συνθώμεθα;

2006 1826 2097 1882 sed
2127 1827 2228 1881 hoc
2252 1841 2449 1879 nomen
2475 1824 2711 1894 dignitas
2755 1832 2863 1878 est.
2913 1823 2980 1878 Et
3007 1826 3132 1894 quis
3185 1826 3585 1884 demonstravit

305 1910 527 1972 Φύσεως
550 1908 726 1981 ἡμῶν,
760 1908 913 1979 φησὶ,
946 1906 1186 1961 διδάσκει
1216 1906 1436 1977 θεσμὸς.
1467 1910 1525 1962 ἐν
1558 1910 1669 1972 τοῖς
1697 1909 1898 1980 ὀνομα-

306 2002 559 2073 ζομένοις
614 1999 954 2068 πράγμασιν,
1003 1997 1102 2051 οὐκ
1152 2000 1209 2051 ὲν
1258 2000 1324 2068 τῇ
1372 1996 1481 2050 τῶν
1527 1997 1901 2068 ὀνομαζόντων

306 2092 525 2162 ἐξουσίᾳ
556 2089 770 2144 κεῖσθαι
798 2089 899 2161 τὴν
922 2089 1030 2143 τῶν
1056 2090 1334 2160 ὀνομάτων
1362 2089 1539 2154 ἀξίαν.
1567 2088 1662 2163 Τίς
1687 2082 1842 2155 οὗτος
1872 2091 1901 2144 ό

302 2189 405 2259 τῆς
449 2186 664 2255 φύσεως
692 2184 891 2255 νόμος;
928 2184 1039 2236 Καὶ
1079 2182 1195 2247 πῶς
1223 2184 1284 2236 ού
1309 2183 1451 2237 κατά
1488 2183 1706 2238 πάντων
1734 2201 1901 2238 κεκυ-

306 2278 596 2349 ρωμένοςς
654 2276 718 2329 Εἰ
757 2275 863 2346 γὰρ
919 2275 1078 2344 φύσις
1126 2275 1187 2329 τὸ
1220 2275 1458 2330 τοιοῦτον
1504 2275 1860 2348 ἐνομοθέτησε
1885 2310 1899 2335 ,

304 2366 450 2420 κατὰ
475 2367 694 2420 πάντων
724 2349 1131 2436 κεκυρωμένος.
1164 2366 1227 2418 Εἰ
1256 2365 1366 2437 γὰρ
1392 2365 1552 2435 φύσις
1581 2366 1641 2420 τὸ
1665 2366 1903 2420 τοιοῦτον

306 2457 688 2529 ἐνομοθέτησε,
712 2456 853 2511 κατὰ
875 2457 1092 2510 πάντων
1118 2456 1289 2528 αὐτὴν
1311 2457 1416 2510 ἔδει
1444 2458 1506 2511 τὸ
1533 2458 1733 2530 κράτος
1755 2457 1898 2529 ἔχειν

305 2545 416 2605 τῶν
445 2548 845 2603 κοινωνούντων
889 2547 989 2618 τῆς
1031 2547 1244 2616 φύσεως
1267 2588 1280 2611 ,
1309 2548 1500 2621 ὥσπερ
1536 2549 1629 2603 καὶ
1668 2550 1737 2603 τὰ
1767 2549 1902 2604 ἄλλα

305 2644 493 2698 πάντα
516 2644 617 2696 ὅσα
642 2643 743 2712 τῆς
770 2641 984 2710 φύσεως
1005 2640 1131 2695 ἴδια.
1159 2642 1220 2695 Ei
1244 2638 1338 2695 οῦν
1361 2641 1525 2713 νόμος
1554 2643 1654 2714 τῆς
1687 2643 1907 2713 φύσεως

306 2740 375 2792 ἐκ
410 2738 518 2790 τῶν
554 2735 894 2808 πραγμάτων
928 2734 1061 2806 ἡμῖν
1100 2733 1437 2803 ἀναφύεσθαι
1485 2735 1583 2799 τὰς
1623 2753 1899 2808 προσηγο⁴

310 2829 447 2900 ρίαςν
468 2826 660 2884 ἐποίει.
693 2825 885 2896 ὥσπερ
909 2827 975 2879 ἐκ
1016 2825 1124 2879 τῶν
1163 2827 1494 2897 σπερμάτων
1525 2827 1558 2899 ἢ
1592 2826 1700 2881 τῶν
1736 2827 1900 2898 ῥιζῶν

305 2919 379 2973 τὰ
407 2918 786 2989 βλαστήματα,
810 2920 901 2971 καὶ
933 2920 1007 2990 μὴ
1028 2922 1093 2991 τῇ
1121 2921 1439 2992 προαιρέσει
1464 2919 1586 2973 τῶν,
1597 2918 1899 2989 δηλούντων

304 3013 378 3068 τὰ
401 3015 701 3084 πράγματα
722 3013 821 3077 τὰς
849 3011 1193 3081 σημαντικὰς
1216 3011 1325 3063 τῶν
1358 3011 1730 3081 ὑποκειμένων
1754 3012 1899 3063 ἐπω-

306 3105 506 3175 νυμίας
539 3101 833 3174 ἐπέτρεπε,
865 3101 1070 3165 πάντες
1089 3101 1156 3155 ἂν
1183 3096 1326 3172 ἦμεν
1352 3102 1401 3154 οἱ
1426 3100 1718 3172 ἄνθρωποι,
1762 3100 1901 3171 πρὸς

2005 1917 2147 1972 idem
2201 1929 2327 1971 esse
2374 1928 2499 1968 cum
2564 1912 2827 1982 dignitate
2854 1912 3295 1982 appellationem,
3328 1922 3386 1968 ut
3415 1917 3583 1970 etiam

2003 2022 2105 2062 nos
2152 2006 2300 2060 dicto
2353 2002 2771 2059 assentiamur?
2818 2002 3031 2058 Nostrae
3076 2012 3308 2069 naturae,
3351 2007 3449 2072 a't,
3493 2007 3583 2064 lex

2004 2098 2163 2154 decet
2189 2098 2247 2153 in
2281 2097 2447 2152 rebus
2476 2111 2597 2166 qua:
2624 2094 3003 2160 nominantur,
3064 2110 3172 2151 non
3199 2096 3256 2151 in
3288 2099 3586 2154 nominan-
3618 2114 3627 2129 ί

2005 2187 2142 2243 tium
2182 2193 2452 2257 potestate
2486 2184 2768 2240 nominum
2816 2185 3137 2263 dignitatem
3173 2202 3296 2243 esse
3319 2188 3582 2259 positam.

2004 2279 2262 2347 Quaenam
2292 2278 2405 2332 haec
2432 2284 2643 2332 natura:
2669 2277 2794 2332 lex?
2836 2284 2891 2331 et
2934 2278 3210 2346 quomodo
3239 2294 3348 2335 non
3383 2280 3437 2335 in
3467 2296 3586 2336 om-

2006 2371 2171 2426 nibus
2213 2379 2404 2425 sancta
2428 2376 2483 2423 et
2529 2376 2647 2422 rata
2684 2377 2769 2423 est
2818 2367 3056 2423 habita?
3086 2368 3143 2425 Si
3193 2370 3338 2425 enim
3389 2380 3585 2429 natura

2005 2462 2137 2532 quid
2194 2461 2303 2516 tale
2352 2462 2467 2531 lege
2517 2460 2718 2524 sanxit,
2778 2459 2846 2514 de
2877 2461 3132 2517 onmibus
3167 2470 3345 2517 ratum
3391 2473 3495 2521 est.
3527 2462 3587 2520 Si

2005 2557 2149 2611 enim
2184 2563 2378 2611 natura
2435 2554 2543 2609 tale
2576 2554 2704 2624 quid
2732 2546 2932 2618 'edixit,
2992 2554 3046 2608 in
3081 2554 3263 2610 omnia
3295 2555 3466 2627 ipsam
3496 2557 3589 2613 ba-

2007 2648 2134 2704 bere
2164 2647 2457 2717 imperium
2506 2653 2744 2715 oportet,
2787 2660 2907 2715 qua:
2954 2651 3209 2699 naturam
3232 2645 3584 2717 participant,

2006 2737 2463 2810 quemadmodum
2480 2737 2583 2791 alia
2598 2736 2783 2791 omnia
2806 2750 2929 2806 quae
2952 2743 3081 2791 sunt
3106 2745 3317 2791 natura:
3341 2736 3583 2809 propria.

2008 2826 2064 2881 Si
2091 2826 2259 2897 igitur
2291 2836 2501 2880 naturse
2533 2825 2621 2879 lex
2670 2839 2733 2879 ex
2766 2824 2931 2879 rebus
2980 2825 3369 2895 appellationes
3401 2827 3586 2884 enasci

2006 2917 2227 2983 iaceret,
2257 2918 2398 2973 sicut
2421 2933 2487 2972 ex
2534 2916 2836 2971 seminibus
2872 2915 2953 2971 vel
2991 2916 3269 2973 radicibus
3314 2919 3584 2990 germina,

2005 3026 2106 3066 nec
2126 3010 2412 3065 hominum
2444 3008 2697 3064 instituto
2725 3017 2779 3064 et
2810 3008 3039 3065 arbitrio
3073 3009 3275 3079 quires
3307 3009 3459 3082 ipsas
3488 3011 3589 3068 de-

2006 3101 2241 3166 clarant,
2282 3098 2884 3183 signiﬁcativasﬁrerum
2914 3099 3316 3157 nominationes
3363 3101 3591 3172 permit-

308 3195 574 3267 ἀλλήλους
600 3192 959 3263 ὁμόγλωσσοι.
998 3193 1088 3263 Μὴ
1131 3191 1240 3263 γάρ
1288 3190 1759 3262 παρηλλαγμένων
1787 3191 1896 3245 τῶν

2006 3198 2163 3257 teret,
2212 3204 2403 3245 omnes
2436 3190 2685 3245 homines
2713 3204 2961 3247 essemus
3016 3190 3160 3246 inter
3187 3207 3290 3248 nos
3335 3192 3504 3249 unius
3534 3199 3591 3249 et

309 3286 674 3357 ἐπικειμένων
710 3288 824 3349 τοῖς
854 3285 1175 3357 πράγμασιν
1201 3283 1501 3355 ὀνομάτων,
1538 3284 1638 3336 οὐκ
1668 3283 1734 3337 ἂν
1764 3282 1898 3355 πρὸς

308 3378 577 3449 ἀλλήλους
635 3376 776 3431 κατὰ
839 3376 905 3429 τὸ
949 3372 1089 3440 εἶδος
1139 3375 1514 3446 διεφωνοῦμεν
1562 3374 1657 3429 τοῦ
1713 3375 1895 3445 λόγου.

309 3468 503 3523 Ὀσιόν
541 3483 706 3537 φησιν
753 3461 915 3530 εἶναι,
935 3467 1030 3520 καὶ
1053 3466 1131 3537 τῷ
1147 3468 1245 3537 τῆς
1275 3468 1532 3539 προνοίας
1561 3466 1710 3537 νόμῳ
1733 3482 1901 3534 προσ-

309 3559 646 3629 φυέστατον,
685 3555 891 3611 ἄνωθεν
940 3556 1251 3610 ἐπικεῖσθαι
1297 3559 1410 3620 τοῖς
1470 3556 1760 3628 πράγμασι
1796 3556 1897 3620 τὰς

310 3649 517 3720 φωνάς.
550 3647 676 3712 Πῶς
705 3644 796 3702 οῦν
828 3648 1101 3719 ἠγνόησαν
1135 3650 1183 3707 oi
1214 3648 1490 3720 προφῆται
1516 3648 1577 3700 τὸ
1605 3649 1775 3710 ὅσιον,
1807 3648 1903 3701 καὶ

306 3745 407 3798 τὸν
443 3741 542 3812 τῆς
581 3739 835 3812 προνοίας
878 3740 1044 3809 νόμον
1084 3738 1186 3793 οὐκ
1229 3738 1648 3810 ἐπαιδεύθησαν,
1692 3744 1743 3795 οἱ
1794 3754 1901 3810 μη-

309 3834 526 3906 δαμῶς,
553 3834 696 3888 κατὰ
728 3832 818 3887 τὸν
854 3832 945 3886 σὺν
972 3832 1151 3899 λόγον,
1184 3832 1282 3902 τὴν
1314 3829 1637 3900 άγεννησίαν
1656 3829 1906 3900 θεοποιή-

314 3944 541 3995 σαντες;
563 3925 687 3989 Πῶς
716 3925 773 3978 δέ
805 3923 899 3978 καὶ
929 3922 1090 3986 αὐτὸς
1118 3924 1148 3975 ό
1191 3920 1323 3985 Θεὸς
1350 3922 1535 3990 ἀγνοεῖ
1574 3921 1636 3974 τδ
1663 3919 1903 3974 τοιοῦτον

311 4015 459 4083 εἶδος
485 4018 585 4089 τῆς
613 4016 912 4086 ὁσιότητος,
947 4016 1005 4078 ὃς
1029 4030 1093 4083 γε
1110 4013 1226 4067 ὀὐκ
1252 4012 1459 4066 ἄνωθεν
1489 4012 1767 4082 ἐπιτίθησι
1793 4014 1905 4076 τοῖς

314 4112 451 4185 παρ’
484 4108 649 4164 αὐτοῦ
690 4108 975 4163 πλασθεϊσι
1013 4105 1175 4171 ζώοις
1204 4105 1304 4169 τὰς
1343 4105 1735 4177 προσηγορίας⁵
1770 4104 1906 4160 ἀλλὰ

314 4202 398 4276 τῷ
446 4202 618 4273 ’Δδάμ
638 4199 736 4271 τὴν
757 4198 1005 4265 ἐξουσίαν
1028 4197 1129 4269 τῆς
1154 4197 1570 4268 ὀνοματοποιΐας
1601 4194 1907 4267 χαρίζεταις

316 4296 384 4349 Et
405 4294 513 4366 γάρ
535 4292 811 4366 προσφυὲς
839 4290 918 4362 τῷ
935 4290 1034 4361 τῆς
1063 4289 1318 4362 προνοίας
1338 4289 1508 4361 νόμῳ,
1534 4286 1711 4350 καθώς
1742 4303 1907 4358 φησιν

316 4390 351 4442 ὀ
378 4386 662 4457 Εὒνόμιος,
687 4386 780 4439 καὶ
809 4384 953 4437 ὅσιόν
979 4383 1094 4435 ἐστι
1133 4382 1195 4435 τὸ
1215 4379 1420 4434 ἀνωθεν
1463 4376 1769 4433 ἐπικεῖσθαι
1793 4378 1905 4439 τοῖς

318 4479 611 4550 πράγμασι
630 4477 728 4539 τὰς
749 4475 951 4546 φωνὰς,
972 4473 1184 4526 ἀνόσιον
1212 4474 1429 4536 πάντως
1452 4472 1546 4524 καὶ⁸
1565 4470 1906 4541 ἀνάρμοστον

317 4571 475 4643 παρὰ
495 4570 601 4623 τῶν
624 4568 776 4623 κάτω
793 4569 905 4630 τοῖς
926 4561 1079 4619 οὖσιν
1108 4563 1523 4636 ἐφαρμοσθῆναι
1544 4562 1644 4625 τὰς
1668 4560 1905 4631 κλήσεις.

404 4746 559 4801 Ἀλλ’
612 4748 645 4799 ό
697 4743 940 4797 πάντων
984 4741 1279 4812 κηδεμὼν,
1322 4739 1475 4809 φησι,
1523 4734 1913 4807 δημιουργίας

319 4838 485 4908 νόμῳ
518 4836 642 4902 ταῖς
684 4834 998 4906 ἡμετέραις
1041 4831 1502 4903 ἐγκατασπεῖραι
1550 4827 1781 4899 ψυχαῖς
1807 4827 1914 4880 ἑδι·

317 4929 564 4982 καίωσε.
603 4927 712 4980 Kal.
763 4926 814 4979 εί
860 4923 1032 4978 ταῦτα
1073 4926 1198 4988 ταῖς
1228 4922 1337 4976 τῶν
1370 4918 1674 4991 ἀνθρώπων
1712 4916 1914 4987 ψυχαῖς

317 5019 666 5092 κατεσπάρη,
701 5018 821 5081 πῶς
844 5017 953 5072 ἀπὸ
988 5016 1157 5087 Ἀδὰμ
1200 5015 1363 5086 μέχρι
1397 5013 1497 5084 τῆς
1527 5014 1626 5084 σῆς
1660 5008 1915 5081 παρασά-

320 5133 463 5179 σεως
479 5117 508 5169 ὀ
528 5115 628 5185 τῆς
654 5111 1011 5181 ματαιότητος
1033 5109 1237 5179 ταύτης
1258 5106 1471 5179 καρπὸς
1490 5106 1591 5159 οὐκ
1614 5103 1913 5173 ἐϐλάστησε

313 5212 439 5272 ταῖς
468 5206 687 5277 ψυχαῖς,
708 5205 783 5268 ὡς
803 5205 929 5275 φῂς,
950 5201 1059 5255 τῶν
1086 5198 1391 5272 ἀνθρώπων
1413 5198 1749 5268 ἐγκείμενος,
1772 5196 1914 5249 ὥστε

194 5322 220 5341 -
315 5300 493 5369 ὄνομα
540 5298 641 5367 τῆς
684 5295 779 5349 τοῦ
822 5292 1033 5363 Πατρδς
1066 5292 1254 5355 οὐσίας
1281 5291 1380 5362 τὴν
1414 5288 1741 5359 ἀγεννησίαν
1778 5287 1914 5359 κλη-

318 5389 504 5461 θῆναι.
538 5385 675 5442 Eine
711 5386 820 5459 γὰρ
850 5386 917 5440 ἂν
943 5382 1102 5439 τοῦτο
1128 5384 1223 5437 καὶ
1250 5386 1278 5438 ὀ
1322 5382 1514 5453 Ἀδὰμ,
1545 5383 1641 5435 καί¹
1685 5383 1734 5436 οί
1780 5380 1915 5435 καθ-

322 5481 452 5551 εξῆς
481 5481 576 5534 ἀπ’
625 5479 835 5533 ἐκείνου
881 5477 1082 5540 πάντες
1108 5518 1123 5541 ,
1172 5475 1332 5546 εῖπερ
1365 5475 1516 5546 παρὰ
1544 5474 1639 5529 τοῦ
1681 5473 1816 5528 Θεοῦ
1850 5476 1915 5544 τῇ

322 5569 484 5627 φύσει
512 5567 574 5623 τὸ
595 5568 833 5624 τοιοῦτον
863 5567 1228 5639 κατέσπαρτο.
1260 5568 1472 5640 ’Ὥσπερ
1497 5566 1607 5639 γὰρ
1628 5565 1697 5621 τὰ
1725 5565 1819 5619 νῦν
1851 5568 1916 5619 ἐκ

321 5662 425 5732 τῆς
446 5660 551 5731 γῆς
598 5664 844 5733 φυόμενα
869 5663 933 5716 ἐκ
966 5660 1066 5732 τῆς
1102 5661 1480 5733 σπερματικῆς
1513 5660 1761 5730 διαδοχῆς
1806 5658 1916 5713 ἀπὸ

322 5756 426 5826 τῆς
454 5753 679 5827 πρώτης
704 5753 933 5819 κτίσεως
954 5755 1033 5818 είς
1052 5753 1136 5807 ἀεὶ
1157 5752 1399 5824 διαμένει
1420 5791 1435 5820 ,
1466 5752 1555 5806 καὶ
1575 5751 1725 5807 οὐδὲν
1751 5752 1808 5805 ἐν
1838 5750 1916 5824 τῷ

1998 3280 2246 3351 ejusdem
2292 3280 2511 3351 linguze.
2545 3279 2603 3335 Si
2630 3279 2774 3334 enim
2831 3282 3054 3335 nomina
3110 3282 3278 3339 rebus
3331 3282 3591 3353 imposita

2001 3390 2113 3430 non
2164 3373 2560 3444 discreparent,
2613 3387 2790 3443 neque
2834 3387 2937 3427 nos
2968 3373 3024 3427 in
3090 3373 3363 3430 sermonis
3408 3375 3593 3444 specie

2002 3465 2437 3524 dissonaremus.
2459 3464 2721 3521 Sanctum
2773 3465 2951 3537 inquit
2999 3465 3593 3538 esse,etprovidentia:

2000 3559 2108 3631 legi
2143 3558 2621 3629 cugnatissimum,
2662 3572 2827 3612 voces
2864 3556 3103 3628 desuper
3153 3558 3317 3615 rebus
3349 3558 3586 3630 imponi.

2002 3648 2287 3718 Quomodo
2314 3648 2480 3719 igitur
2508 3647 2787 3718 propheta:
2813 3646 2917 3701 hoc
2940 3649 3117 3718 ipsum
3148 3657 3399 3703 sanctum
3435 3649 3594 3722 igno-

2002 3738 2220 3807 ra'runt,
2253 3726 2354 3795 nec
2393 3740 2749 3810 providentia:
2793 3739 2964 3809 legem
3014 3738 3326 3795 didicerunt
3375 3741 3453 3795 illi
3491 3741 3588 3812 qui

2004 3845 2281 3902 nunquam
2305 3829 2608 3885 secundum
2630 3838 2781 3883 tuum
2815 3843 3124 3884 sermonem
3151 3828 3251 3901 τὴν
3266 3831 3592 3902 ἀγεννησίαν

2005 3917 2671 3986 deiﬁcarunt?Quomodo
2706 3927 2760 3974 et
2795 3919 2910 3990 ipse
2936 3918 3075 3974 Deus
3099 3919 3257 3976 talem
3284 3921 3593 3979 sanctitatis

2004 4011 2244 4083 speciem
2277 4008 2518 4082 ignorat,
2550 4011 2645 4081 qui
2679 4026 2787 4065 non
2820 4010 3056 4081 desuper
3108 4011 3437 4068 animalibus
3467 4026 3497 4067 a
3533 4028 3592 4067 se

2004 4106 2204 4163 creatis
2266 4104 2657 4176 appellationes
2725 4102 2996 4171 imponit,
3048 4101 3143 4159 sed
3224 4096 3432 4157 Adams
3499 4104 3594 4160 nn.

2005 4195 2167 4268 gendi
2194 4194 2421 4250 nomina
2448 4200 2769 4264 potestatem
2794 4191 3174 4262 gratiﬁcatur?
3202 4192 3259 4249 Si
3292 4194 3435 4248 enim
3462 4210 3593 4265 pro-

2005 4284 2262 4343 videntis:
2279 4285 2385 4356 legi
2410 4293 2725 4357 cognatum,
2756 4285 2899 4339 sicut
2922 4283 3167 4356 loquitur
3194 4284 3513 4350 Eunomius,
3537 4292 3594 4343 et

2009 4387 2258 4434 sanctum
2289 4382 2374 4431 est
2413 4374 2652 4444 desuper
2688 4374 2854 4431 rebus
2904 4389 3067 4430 voces
3125 4374 3413 4446 impositas
3444 4390 3590 4441 esse,

1937 4497 1987 4558 Ι)
2013 4467 2303 4541 profanum
2337 4482 2591 4538 prorsus.
2643 4474 2699 4521 et
2730 4465 2958 4538 impium
3011 4478 3175 4539 atque
3230 4467 3590 4540 incongruum

2013 4560 2083 4616 ab
2130 4559 2219 4616 bis
2279 4558 2372 4629 qui
2399 4567 2527 4614 sunt
2590 4554 2735 4613 intra
2781 4557 3047 4612 vocabula
3074 4557 3239 4613 rebus
3282 4571 3595 4614 accommo-

2013 4656 2153 4711 dari.

2090 4743 2218 4808 Sed,
2268 4741 2471 4812 inquit,
2511 4739 2745 4794 omnium
2772 4747 3008 4801 curator,
3041 4738 3241 4809 opiﬁcii
3267 4738 3375 4812 lege
3398 4736 3595 4795 nostris

2016 4838 2212 4893 animi:
2240 4852 2331 4891 eas
2377 4835 2607 4889 inserere
2636 4848 2843 4902 mquam
2873 4832 3096 4887 censuit.
3135 4829 3201 4885 Et
3231 4831 3279 4887 si
3322 4830 3439 4886 haec
3477 4833 3597 4886 ani-

2016 4929 2120 4983 mis
2153 4925 2436 4981 bominum
2476 4930 2604 4977 sunt
2654 4922 2927 4991 inspersa,
2961 4916 3240 4990 quomodo
3278 4916 3348 4973 ab
3370 4916 3595 4982 .Ada‘mo

2018 5032 2190 5088 usque
2241 5014 2310 5070 ad
2358 5021 2505 5068 tuam
2561 5010 3055 5079 transgressionem
3114 5008 3279 5078 hujus
3335 5005 3597 5063 vanitatis

2018 5110 2230 5167 fructus
2269 5123 2377 5163 non
2408 5106 2629 5178 prodiit,
2662 5104 2859 5160 animis
2890 5103 3196 5165 hominum,
3225 5111 3285 5156 ut
3309 5107 3368 5157 tu
3404 5101 3596 5172 loque-

2018 5204 2119 5267 ris,
2168 5201 2386 5262 insitus,
2439 5206 2499 5253 ut
2546 5213 2745 5253 nomen
2792 5193 3044 5251 essentia
3090 5200 3385 5250 vocaretur
3431 5194 3594 5265 ἀγεν-

2017 5294 2199 5368 νησία,
2241 5290 2372 5347 illnd
2401 5290 2601 5360 quippe
2631 5287 2858 5343 dixisset
2890 5286 3055 5341 etiam
3084 5285 3347 5351 Adamus,
3396 5295 3450 5342 et
3500 5286 3596 5358 qui

2017 5387 2276 5454 deinceps
2303 5385 2371 5437 ab
2410 5380 2504 5435 illo
2532 5377 2705 5434 exorti
2736 5383 2864 5433 sunt
2889 5392 3104 5442 omnes,
3132 5376 3399 5449 siquidem
3430 5391 3462 5431 a
3485 5374 3595 5433 Deo

2020 5476 2127 5532 tale
2153 5483 2362 5529 natura:
2391 5470 2617 5525 insitum
2645 5475 2781 5524 erat.
2814 5465 3280 5534 Quemadmodum
3304 5467 3449 5523 enim
3474 5483 3595 5539 qua:

2018 5579 2082 5618 ex
2110 5568 2256 5617 terra
2282 5556 2605 5620 funduntur,
2629 5571 2697 5612 ex
2722 5556 2970 5612 scminali
2997 5556 3347 5614 successione
3371 5571 3402 5611 a
3420 5557 3593 5629 prima

2020 5654 2295 5712 creatione
2325 5666 2541 5722 semper
2578 5657 2916 5722 permanent,
2971 5647 3292 5721 nullumque
3327 5632 3513 5706 semen
3559 5660 3591 5699 a

2020 5754 2217 5804 natura
2257 5744 2313 5802 in
2354 5743 2643 5816 praesentia
2682 5741 2998 5811 innovatur,
3051 5740 3133 5799 sic
3179 5751 3233 5799 et
3282 5740 3367 5795 hic
3409 5748 3594 5793 sermo
