4010 6212
427 285 566 343 1095

1699 278 1757 331 S.
1798 275 2123 335 GREGOBII
2156 279 2450 339 NYSSENI

3546 283 3691 345 1096

427 403 695 475 siquidem
725 404 1011 465 essetyut
1057 401 1119 449 tu
1159 392 1265 458 ais,
1310 399 1521 447 natura:
1555 405 1586 444 a
1632 390 1741 446 Deo
1775 389 1995 458 insitus,

2112 395 2323 465 παρόντι
2373 395 2597 469 σπέρμα
2631 398 3033 468 καινοτομεῖται
3079 392 3231 467 παρὰ
3274 394 3374 464 τῆς
3437 393 3689 466 φύσεως,

427 511 554 551 cum
595 492 771 565 prima
797 494 1082 560 parentum
1112 484 1535 556 primigenarum
1576 497 1709 539 voce
1738 481 2000 553 pullulas-

431 596 537 652 εει,
567 592 622 640 et
651 597 775 640 cum
808 587 1154 652 posterorum
1183 574 1534 633 successione
1555 573 1870 645 prodiisset.
1898 570 2005 631 Sed

417 674 689 751 \quoniam
724 673 829 729 hoc
860 672 931 727 ab
978 669 1137 726 initio
1167 683 1275 723 non
1305 673 1445 729 erat,
1496 665 1679 720 nullus
1716 664 1862 735 enim
1895 663 2007 734 pri-

430 781 645 822 morum
698 764 801 819 fuit
845 776 1020 833 usque
1064 760 1133 815 ad
1176 758 1428 814 homines
1477 758 1643 827 hujus
1690 757 1887 819 aetatis,
1939 755 2008 811 ad

433 873 574 930 quos
607 856 717 912 tale
750 856 967 911 locutus
1014 864 1118 916 est,
1169 852 1516 930 perspicuum
1553 850 1714 918 plane
1742 855 1826 904 est
1862 846 2011 918 quod

434 924 804 1009 adulterinum
856 947 989 1019 quid
1036 954 1090 1002 et
1139 924 1419 1017 pe‘rperam
1473 943 1751 998 inventum
1797 957 1862 998 ex
1907 942 2012 995 hoc

433 1043 684 1098 loliorum
741 1048 865 1096 satu
917 1045 1140 1105 enatum
1190 1044 1298 1101 est,
1350 1050 1464 1089 non
1503 1050 1570 1090 ex
1611 1032 1857 1104 pulchris
1901 1031 2012 1088 illis

442 1132 746 1191 seminibus
800 1144 921 1201 quae
973 1136 1184 1187 naturae
1231 1140 1381 1198 agro,
1437 1133 1495 1181 ut
1541 1139 1667 1178 cum
1717 1122 2012 1194 Evangelio

437 1225 637 1294 loquar
660 1222 729 1285 '°,
764 1221 909 1276 Deus
941 1218 1250 1279 mandavit:
1297 1230 1418 1288 quae
1441 1216 1584 1272 enim
1615 1215 1774 1285 plane
1804 1221 1932 1269 sunt
1955 1214 2011 1268 in

436 1312 711 1373 communi
742 1323 955 1383 natura,
981 1326 1091 1365 non
1128 1324 1277 1365 nunc
1307 1317 1365 1363 ut
1396 1308 1511 1364 sint
1553 1306 1881 1379 principium
1913 1305 2013 1361 ha-

433 1404 583 1468 bent,
611 1401 707 1458 sed
735 1417 799 1456 ex
824 1401 998 1471 prima
1039 1398 1430 1454 constitutione
1457 1412 1580 1451 cum
1614 1403 1808 1459 natura
1840 1410 2010 1465 appa-

433 1502 698 1547 rucrunt:
743 1492 888 1548 sicut
935 1488 1207 1545 sentiendi
1256 1488 1746 1544 instrumentorum
1779 1486 2007 1550 functio,

435 1585 487 1633 et
535 1593 659 1632 cum
695 1576 761 1631 ad
811 1575 1020 1648 aliquid
1063 1576 1225 1633 homo
1250 1575 1551 1646 cupiditate
1596 1575 1876 1641 incitatur,
1926 1575 2008 1631 vel

436 1670 725 1733 alienatur,
754 1676 816 1725 et.
835 1670 881 1723 si
915 1668 1044 1739 quid
1071 1668 1214 1722 aliud
1246 1668 1352 1722 tale
1375 1667 1692 1723 conceditur
1718 1682 2008 1723 commune

436 1766 667 1824 naturae,
694 1735 1088 1828 quorum'nibil
1118 1756 1171 1810 in
1196 1746 1424 1826 posteris
1449 1756 1557 1810 vita
1587 1756 1887 1822 innovavit,
1919 1756 2013 1812 sed
2047 1735 2088 1790 Β

434 1853 492 1908 in
530 1851 667 1921 ipsis
696 1849 1131 1921 proprietatibus
1167 1862 1197 1901 a
1242 1846 1434 1916 primis
1479 1861 1652 1917 usque
1695 1846 1763 1901 ad
1796 1847 2017 1905 ultimos

436 1951 792 2003 conservatur
818 1957 1037 2012 semper
1077 1938 1221 2010 quod
1254 1939 1554 1995 humanum
1596 1945 1700 2005 est,
1750 1941 1885 1994 nihil
1919 1956 2019 1994 na-

436 2043 557 2093 tura
577 2048 753 2103 neque
772 2046 965 2087 eorum
996 2045 1117 2102 quae
1143 2044 1174 2082 a
1204 2029 1473 2101 principio
1495 2030 1683 2085 insunt
1708 2030 2019 2105 abjiciente,

435 2139 612 2194 neque
649 2136 838 2178 eorum
893 2135 1013 2191 quae
1058 2135 1167 2175 non
1221 2120 1412 2175 insunt
1467 2128 1802 2179 assumente.
1864 2120 2022 2176 Sicut

436 2215 640 2283 videre,
672 2221 883 2267 natura:
907 2212 1126 2281 quidem
1153 2227 1353 2271 munus
1391 2226 1515 2267 esse
1542 2226 1706 2267 nemo
1732 2227 1842 2267 non
1878 2226 2013 2267 con-

440 2303 639 2369 fitetur,
682 2301 777 2357 sed
813 2302 1111 2357 artiliciose
1137 2301 1321 2356 videre
1352 2317 1417 2356 ex
1462 2302 1734 2357 industria
1761 2310 1815 2357 et
1844 2301 2019 2357 artiﬁ-

435 2391 525 2451 cio
557 2390 625 2444 iis
656 2388 748 2459 qui
777 2388 1027 2444 scientiis
1051 2396 1105 2443 et
1142 2389 1449 2458 disciplinis
1481 2404 1701 2460 operam
1746 2390 2021 2460 impendio

435 2479 702 2555 dederunt
724 2479 962 2534 advenit.
998 2480 1115 2535 Non
1143 2480 1286 2535 enim
1311 2481 1556 2535 omnium
1595 2480 1822 2552 di0ptr;e
1843 2481 2022 2537 scien-

420 2570 587 2643 .tilica
616 2570 877 2643 cognitio,
914 2570 995 2624 vel
1025 2570 1475 2641 geometricarum
1508 2571 1775 2626 linearum
1800 2571 2022 2633 demon-

436 2660 662 2717 strativa
696 2659 1108 2729 contemplatio,
1143 2660 1227 2713 vel
1257 2659 1303 2715 si
1335 2658 1464 2729 quid
1508 2660 1615 2715 tale
1648 2659 1799 2715 aliud
1832 2674 1862 2713 a
1891 2660 2016 2730 qui-

435 2750 537 2806 bus
575 2764 682 2804 non
723 2750 929 2813 videre,
980 2748 1076 2804 sed
1109 2748 1176 2803 ad
1224 2750 1429 2818 aliquid
1471 2750 1550 2804 uti
1590 2750 1812 2805 videndi
1868 2759 2016 2817 actu,

435 2839 504 2896 ab
537 2846 652 2895 arte
695 2840 978 2895 inventum
1023 2845 1141 2894 est:
1206 2839 1287 2894 sic
1337 2839 1550 2894 ratione
1593 2840 1782 2895 utendi
1822 2856 2019 2896 munus

434 2944 726 2988 commune
763 2928 983 3003 quidem
1026 2944 1150 2985 esse
1191 2929 1443 2987 humana:
1479 2937 1690 2986 naturae
1732 2929 1932 2987 dixerit
1963 2941 2019 2988 et

434 3021 742 3092 proprium,
787 3020 1022 3090 desuper
1047 3033 1171 3073 cum
1220 3030 1415 3074 natura
1441 3028 1496 3075 et
1531 3020 1838 3076 substantia
1879 3035 2011 3076 con-
2035 3065 2080 3125 ϐ

435 3113 621 3168 situm.
654 3109 760 3168 Sed
788 3110 952 3167 rebus
974 3127 1095 3182 quae
1125 3120 1252 3166 sunt
1282 3127 1442 3167 voces
1476 3111 1718 3168 invenire
1750 3120 1804 3168 et
1831 3113 2009 3183 appel-

436 3202 664 3260 lationes
715 3218 899 3258 rerum
954 3203 1343 3274 significativas
1404 3203 1688 3287 hominum
1738 3221 1862 3263 esse
1911 3206 2004 3277 qui

434 3294 797 3349 ratiocinandi
839 3294 1150 3351 facultatem
1199 3311 1229 3349 a
1281 3296 1391 3352 Deo
1445 3297 1500 3355 in
1548 3298 1744 3369 seipsis
1782 3298 2005 3366 habent,

435 3384 530 3459 qui
575 3400 807 3460 semper,
843 3393 904 3439 ut
943 3386 1079 3461 ipsis
1105 3386 1304 3458 placet,
1336 3388 1403 3443 ad
1443 3403 1632 3444 eorum
1674 3404 1795 3459 qua:
1823 3389 2009 3462 decla-

435 3484 627 3530 rantur
654 3476 1094 3551 explanationem
1121 3476 1386 3533 dictiones
1414 3479 1627 3550 aliquas
1650 3495 1832 3535 rerum
1863 3480 2008 3552 ipsa-

436 3583 556 3623 rum
591 3566 800 3646 indices
826 3576 881 3623 et
908 3578 1065 3623 notas
1098 3570 1428 3643 excogitant.
1466 3570 1570 3634 Sed
1604 3570 1650 3626 si
1692 3571 1807 3627 haec
1836 3570 2008 3629 robur

437 3658 691 3723 habeant,
719 3657 953 3720 duorum
982 3657 1158 3730 inquit
1192 3659 1423 3714 alterum
1454 3659 1652 3722 astrui,
1682 3661 1767 3715 vel
1794 3660 1880 3715 his
1913 3661 2008 3731 qui

434 3748 926 3805 comminiscuntur
957 3750 1470 3805 commentationem
1502 3751 1890 3822 antiquiorem,
1922 3753 2007 3809 vel

437 3841 549 3899 Deo
583 3841 883 3897 secundum
918 3846 1169 3896 naturam
1200 3842 1592 3899 convenientes
1617 3844 2007 3917 appellationes

434 3942 490 3989 ct
542 3933 799 3988 omnibus
840 3933 1278 4007 praeexsistentes
1324 3931 1605 3993 hominum
1657 3937 2007 4005 generatione

330 4097 345 4109 κ
437 4023 791 4096 posteriores.
838 4022 980 4109 Ergo
1024 4023 1225 4079 talibus
1252 4025 1664 4095 repugnandum
1703 4033 1788 4082 est
1821 4036 1875 4083 et
1906 4028 2007 4084 ob-

437 4121 715 4183 standum,
747 4123 802 4172 et
835 4116 900 4170 ad
922 4104 1040 4169 'tam
1077 4115 1358 4173 molestam
1390 4117 1681 4179 amentiam
1713 4133 1809 4190 per
1839 4118 2005 4174 ratio-

408 4276 409 4281 ,
443 4225 566 4265 nem
597 4205 1015 4264 conserendum.
1049 4205 1248 4279 Ecquis
1292 4206 1364 4261 ita
1393 4208 1620 4279 simplex
1654 4220 1713 4265 ut
1751 4202 2007 4282 per‘talia

437 4301 557 4358 ἰωόί
590 4308 743 4372 putet
773 4309 827 4356 et
856 4300 1149 4364 existimet,
1182 4300 1230 4355 si
1253 4300 1418 4356 verba
1445 4302 1865 4383 ratiocinatricis
1885 4318 2009 4361 esse

2107 487 2280 551 οὕτως
2310 489 2406 542 καὶ
2447 491 2477 542 ό
2517 489 2676 558 λόγος
2715 481 2870 551 οὗτος
2910 487 3066 559 εἴπερ
3097 482 3187 558 ἦν,
3219 484 3403 550 καθὼς
3448 485 3516 541 σὺ
3548 487 3692 558 φῂς,

2107 579 2290 633 θεόθεν
2331 580 2779 652 κατεσπαρμένος
2818 582 2886 652 τῇ
2932 579 3124 648 φύσει,
3155 575 3451 649 τῇπρώτῃ
3485 578 3557 633 ἂν
3581 578 3691 631 τῶν

2109 671 2549 742 πρωτοπλάστων
2596 675 2748 744 φωνῇ
2783 670 3182 742 συνεσλάστησε
3202 709 3217 732 ,
3247 669 3343 723 καὶ
3366 672 3437 740 τῇ
3470 669 3691 740 διαδοχῇ

2108 765 2217 817 τῶν
2241 764 2632 835 ἐπιγινομένων
2667 762 3095 834 συνδιεξήρχετο.
3146 762 3287 815 Ἀλλ’
3317 760 3503 832 ἐπειδὴ
3531 761 3692 815 τοῦτο

2116 853 2268 925 παρὰ
2317 855 2417 926 τὴν
2469 854 2688 927 πρώτην
2741 856 2844 908 οὐκ
2882 849 2971 925 ἦν,
3013 852 3189 917 οὐδεὶς
3227 851 3338 923 γὰρ
3387 852 3494 907 τῶν
3538 851 3694 923 πρώ-

2109 961 2219 999 των
2250 945 2411 1017 μέχρι
2441 945 2548 998 τῶν
2590 945 2683 1008 νύν
2712 945 3011 1015 ἀνθρώπων
3048 945 3185 1015 πρὸς
3213 943 3307 1007 οὓς
3345 943 3408 997 τδ
3447 943 3692 997 τοιοῦτον

2110 1037 2441 1107 ἐφθέγξατο,
2479 1037 2636 1106 δῆλον
2660 1037 2744 1090 ὅτι
2778 1037 2930 1089 νόθον
2955 1051 3009 1088 τι
3036 1034 3132 1088 καὶ
3183 1030 3601 1106 παρευρημένον
3625 1035 3692 1087 ὲκ

2109 1131 2210 1201 τῆς
2239 1127 2589 1194 ζιζανιὼδους
2617 1128 2822 1198 ἀνεφύη
2872 1130 3077 1199 σπορᾶς
3095 1167 3111 1192 ,
3137 1127 3236 1180 οὐκ
3273 1128 3337 1180 ὲκ
3366 1126 3475 1179 τῶν
3509 1126 3692 1181 καλῶν

2111 1220 2334 1275 ἐκείνων
2361 1221 2710 1292 σπερμάτων,
2739 1220 2775 1274 ὃ.
2796 1218 2873 1290 τῷ
2910 1219 3063 1289 ἀγρῷ
3092 1219 3190 1289 τῆς
3226 1216 3441 1287 φύσεως
3460 1257 3476 1282 ,
3520 1218 3691 1286 εὐαγ-

2113 1310 2343 1380 γελικῶς
2370 1312 2565 1373 εἰπεῖν.
2609 1312 2638 1363 ό
2674 1309 2805 1373 Θεὸς
2835 1308 3181 1363 κατεϐάλετο.
3209 1308 3349 1362 Ὅσα
3376 1308 3486 1379 γὰρ
3520 1308 3581 1360 ὲν
3618 1310 3688 1377 τῇ

2111 1406 2260 1475 κοινῇ
2297 1402 2456 1473 φύσει
2478 1403 2693 1467 πάντως
2714 1403 2879 1465 ἐστὶν,
2900 1402 2961 1455 ού
2988 1401 3084 1455 νῦν
3109 1401 3203 1455 τοῦ
3225 1396 3363 1469 εἶναι
3387 1401 3487 1470 τὴν
3515 1400 3692 1472 ἀρχὴν

2111 1494 2247 1565 ἔχει,
2296 1494 2414 1547 ἀλλ’
2456 1496 2521 1548 ὲκ
2573 1495 2674 1565 τῆς
2734 1494 2955 1565 πρώτης
3000 1492 3310 1554 συστάσεως
3349 1492 3693 1563 ωνανεφάνη

2109 1585 2175 1653 τῇ
2209 1581 2388 1651 φύσει’
2421 1583 2498 1647 ὼς
2526 1583 2561 1651 ἥ
2592 1600 2651 1637 τε
2675 1583 2783 1636 τῶν
2817 1579 3185 1653 αἰσθητηρίων
3214 1580 3479 1652 ἐνέργεια,
3513 1581 3607 1633 καὶ
3635 1582 3696 1634 τὸ

2117 1672 2254 1744 πρός
2279 1692 2332 1728 τι
2364 1674 2455 1728 τὸν
2501 1672 2785 1746 ἄνθρωπον
2837 1670 3281 1743 ἐπιθυμητικῶς,
3317 1670 3349 1740 ἦ
3392 1671 3697 1743 ἀλλοτρίως

2116 1764 2284 1836 ἔχειν,
2312 1766 2409 1819 καὶ
2437 1765 2491 1819 εἷ
2517 1783 2570 1820 τι
2598 1766 2725 1820 ἄλλο
2752 1764 2989 1820 τοιοῦτον
3013 1764 3352 1835 ὁμολογεῖται
3378 1764 3555 1818 κοινὸν
3582 1764 3700 1833 τῆς

2118 1856 2353 1927 φύσεως,
2381 1852 2457 1911 ὧν
2486 1857 2637 1911 οὐδὲν
2670 1859 2728 1911 ὲν
2767 1859 2878 1920 τοῖς
2912 1855 3309 1925 ἐπιγινομένοις
3330 1855 3358 1907 ό
3384 1854 3497 1925 βίος
3529 1856 3697 1907 svnt-

2118 1947 2415 2017 νοτόμησεν
2434 1986 2449 2011 ,
2489 1947 2604 2001 ἀλλ’
2654 1949 2712 2001 ὲν
2748 1949 2862 2008 τοῖς
2899 1948 3080 2011 αὐτοῖς
3112 1946 3399 2018 ἰδιώμασιν
3437 1945 3548 2000 ἀπὸ
3579 1945 3699 1999 τῶν

2118 2034 2349 2104 πρώτων
2384 2036 2544 2107 μέχρι
2577 2036 2686 2091 τῶν
2721 2039 2959 2108 ἐσχάτων
2998 2040 3339 2108 συντηρεῖται
3364 2036 3453 2089 διὰ
3490 2035 3704 2098 παντὲς

2116 2125 2177 2178 τὸ
2200 2125 2558 2198 ἀνθρώπινον·
2596 2128 2748 2185 οὐδὲν
2773 2130 2872 2200 τῆς
2902 2129 3115 2199 φύσεως
3141 2127 3263 2181 οὔτε
3293 2128 3400 2182 τῶν
3425 2126 3485 2193 ἐξ
3515 2125 3705 2199 ἀρχῆς

2119 2218 2429 2288 προσόντων
2471 2219 2881 2291 ἁποὸαλλούσης
2905 2260 2921 2284 ,
2965 2219 3089 2274 οὔτε
3117 2218 3225 2274 τῶν
3258 2219 3333 2290 μὴ
3380 2219 3705 2290 προσόντων

2120 2306 2661 2379 προσλαμϐανούσης.
2687 2309 2896 2379 Ὥσπερ
2918 2307 2974 2362 δὲ
2996 2307 3056 2361 τὸ
3089 2306 3186 2379 μὲν
3210 2308 3341 2378 όρᾷν
3361 2303 3541 2358 κοινὺν
3567 2303 3708 2374 ὁμο-

2120 2397 2354 2466 λογεῖται
2374 2398 2476 2469 τῆς
2499 2398 2713 2469 φύσεως
2730 2438 2745 2463 ,
2773 2400 2836 2454 τὸ
2859 2399 2916 2452 δὲ
2942 2398 3202 2468 τεχνικῶς
3241 2399 3374 2469 ὁρᾷν
3405 2396 3464 2462 ἑξ
3496 2398 3705 2467 ἐπιτη-

2118 2488 2350 2552 δεύσεως
2369 2493 2481 2554 τοῖς
2500 2489 2855 2545 ἐσπουδακόσι
2878 2492 3005 2561 περὶ
3015 2489 3115 2553 τὰς
3139 2489 3447 2558 ἐπιστήμας
3462 2487 3710 2559 προσγί-

2119 2598 2285 2635 νεται.
2315 2582 2389 2635 Οὐ
2410 2581 2517 2652 γὰρ
2544 2581 2760 2637 πάντων
2801 2582 2946 2636 ἐστὶν
2976 2582 3009 2652 ἡ
3039 2579 3126 2635 διὰ
3156 2583 3255 2651 τῆς
3284 2579 3544 2650 διόπρας
3571 2580 3712 2633 ἐπι-

2120 2673 2418 2744 στημονικὴ
2452 2674 2797 2744 κατανόησις,
2820 2673 2854 2744 ἢ
2877 2672 2987 2726 τῶν
3008 2671 3393 2744 γεωμετρικῶν
3413 2670 3713 2743 γραμμῶν

2117 2766 2151 2834 ἡ
2182 2764 2537 2835 ἀποδεικτικὴ
2562 2765 2784 2837 θεωρία,
2805 2764 2838 2835 ἢ
2862 2765 2916 2818 εῐ
2954 2781 3006 2817 τι
3030 2763 3240 2830 τοιοῦτρ
3267 2765 3470 2835 ἕτερον,
3498 2766 3592 2833 ἀφ’
3617 2758 3714 2819 ὧν

2118 2856 2179 2909 οὐ
2208 2856 2268 2909 τὸ
2298 2838 2694 2926 βλέπεινξόιλλὰ
2722 2856 2782 2909 τὸ
2810 2856 2946 2927 πρός
2966 2872 3018 2909 τι
3040 2856 3335 2927 κεχρῆσθαι
3367 2856 3444 2927 τῷ
3468 2856 3714 2926 βλέπειν

2121 2946 2272 3017 παρὰ
2299 2947 2399 3017 τῆς
2429 2946 2624 3018 τέχνης
2672 2947 3009 3019 ὲφεύρηται’
3045 2946 3187 3000 οὕτω
3230 2947 3325 3003 καὶ
3365 2946 3425 3001 τδ
3469 2944 3715 3015 λογικὸν

2122 3034 2220 3105 μὲν
2244 3030 2405 3101 εἶναι,
2429 3037 2605 3091 κοινὸν
2636 3036 2701 3091 ἄν
2730 3054 2812 3101 τις
2836 3037 2983 3095 εῐποι
3007 3037 3106 3108 τῆς
3128 3035 3464 3108 ἀνθρωπίνης
3495 3037 3714 3103 οὐσίας

2030 3174 2043 3183 .
2111 3128 2206 3183 καὶ
2240 3127 2370 3183 [διον
2403 3127 2612 3183 ἄνωθεν
2643 3127 3185 3198 συγκατουσιωμένον
3217 3130 3283 3198 τῇ
3316 3127 3493 3197 φύσει.
3531 3128 3606 3183 Τὸ
3641 3128 3715 3185 δὲ

2107 3222 2218 3284 τοῖς
2237 3215 2356 3274 οὖσι
2387 3220 2724 3291 σημαντικὰς
2740 3220 2922 3289 φωνὰς
2936 3220 3277 3293 ὲφευρίσκειν
3301 3223 3393 3273 καὶ
3414 3238 3714 3293 προσηγο-

2110 3308 2228 3382 ρίας
2260 3308 2369 3363 τῶν
2408 3308 2710 3379 ἀνθρώπων
2745 3305 2886 3362 εἶναι
2926 3309 3033 3364 τῶν
3069 3308 3166 3380 τὴν
3200 3309 3421 3378 λογικὴν
3455 3310 3710 3381 δύναμιν

2107 3397 2292 3455 θεόθεν
2335 3401 2393 3454 ὲν
2434 3400 2647 3463 ἑαυτοῖς
2692 3399 3063 3470 κεκτημένων,
3112 3399 3220 3454 τῶν
3260 3401 3365 3464 ἀεὶ,
3415 3401 3560 3456 κατὰ
3636 3401 3715 3455 τὸ

2106 3490 2359 3561 ἀρέσκον,
2388 3492 2570 3555 αὐτοῖς
2594 3489 2727 3562 πρὸς
2752 3491 2852 3563 τὴν
2876 3490 2986 3544 τῶν
3016 3490 3356 3562 δηλουμένων
3388 3493 3714 3563 σαφήνειαν

2105 3581 2279 3649 λέξεις
2302 3586 2453 3648 τινας
2476 3583 2583 3638 τῶν
2609 3583 2949 3656 πραγμάτων
2960 3582 3311 3658 ’,ἐμφαντικὰς
3334 3584 3712 3655 ὲφευρισκόν-

2106 3692 2234 3731 των.
2274 3676 2413 3728 Ἀλλ’
2447 3675 2543 3729 ἐὰν
2571 3676 2744 3730 ταῦτα
2778 3681 2990 3749 κρατῇ,
3017 3676 3163 3730 δυοῖν
3186 3692 3317 3747 φησι
3349 3677 3717 3733 κατασκευά-

2082 3761 2293 3845 κζεσθαι
2316 3763 2611 3837 θάτερον,ἢ
2639 3764 2746 3819 τῶν
2771 3766 3127 3821 ἐπινοούντων
3147 3764 3245 3836 τὴν
3271 3763 3513 3817 ἐπίνοιαν
3550 3779 3715 3832 πρε-

2107 3855 2372 3929 σϐυτέραν
2395 3857 2427 3929 ἢ
2448 3855 2549 3919 τὰς
2562 3857 2639 3929 τῷ
2658 3857 2773 3929 Θεῷ
2788 3858 2929 3912 κατὰ
2947 3857 3107 3928 φύσιν
3122 3854 3495 3929 προσηκούσας
3513 3872 3718 3927 προσ-

2105 3946 2332 4021 ηγορίας
2355 3949 2450 4005 καὶ
2479 3950 2695 4006 πάντων
2725 3949 3181 4023 προϋπαρχούσας
3196 3991 3212 4017 ,
3239 3953 3338 4022 τῆς
3357 3949 3464 4003 τῶν
3483 3948 3719 4019 ἀνθρὼ-

2105 4057 2222 4094 πων
2251 4041 2518 4108 γενέσεως
2541 4040 2793 4111 ὑστέρας.
2827 4041 2970 4112 ’Δρα
2996 4058 3059 4109 γε
3078 4039 3216 4111 πρὸς
3238 4039 3305 4093 τὰ
3326 4037 3549 4093 τοιαῦτα
3574 4037 3720 4091 δια-

2108 4130 2373 4202 μάχεσθαι
2396 4130 2524 4203 χρὴ,
2549 4131 2642 4185 καὶ
2668 4131 2803 4201 πρὸς
2824 4131 2920 4203 τὴν
2947 4129 3120 4195 οὕτως
3145 4129 3363 4202 ἔκδηλον
3383 4130 3570 4184 ἄνοιαν
3598 4127 3716 4184 διὰ

2103 4219 2196 4275 τοῦ
2217 4221 2372 4290 λόγου
2392 4222 2815 4292 συμπλέκεσθαι.
2838 4224 2948 4277 Καὶ
2973 4223 3058 4287 τίς
3072 4222 3242 4287 οὕτως
3264 4220 3478 4291 εὐτελὴς
3496 4221 3574 4293 ὡς
3594 4220 3716 4275 διὰ

2107 4311 2217 4365 τῶν
2244 4312 2500 4367 τοιούτων
2531 4313 2791 4385 βλαϐῆναι
2829 4315 2925 4379 καὶ
2958 4314 3177 4385 νομίσαι
3196 4353 3212 4378 ,
3245 4314 3295 4366 ει
3335 4312 3429 4380 τῆς
3457 4310 3716 4382 λογικῆς

404 4398 409 4401 ‘
438 4391 711 4461 facultatis
736 4391 1051 4459 credantur,
1087 4390 1210 4445 ideo
1250 4391 1413 4446 etiam
1445 4392 1775 4447 confiteatur
1815 4395 2006 4450 verbo-

2112 4402 2392 4474 δυνάμεως
2418 4400 2556 4461 εἶναι
2588 4406 2900 4478 πιστευθείη
2929 4406 2998 4460 τὰ
3027 4408 3267 4477 ῥήματα,
3300 4405 3393 4458 καὶ
3420 4403 3716 4474 πρεσϐευ-

439 4498 559 4537 rum
606 4497 770 4539 voces
822 4481 1168 4554 loquentibus
1216 4497 1339 4551 esse
1401 4483 1762 4553 antiquiores,
1811 4486 1899 4540 vel
1953 4485 2009 4540 in

439 4574 608 4631 Deum
636 4591 697 4632 se
724 4591 951 4647 peccare
980 4575 1278 4639 existimet,
1315 4574 1363 4630 si
1402 4574 1671 4641 homines,
1719 4586 2007 4651 postquam

438 4667 606 4740 geniti
638 4676 786 4734 sunt,
837 4680 937 4737 pro
962 4673 1123 4737 captu
1159 4681 1260 4732 suo
1291 4664 1456 4721 Deum
1495 4668 1816 4725 nominant?
1852 4667 2009 4737 Quod

438 4757 584 4813 enim
611 4757 1022 4828 supereminens
1043 4764 1238 4811 natura
1272 4771 1377 4811 non
1398 4756 1637 4828 indigeat
1662 4759 1864 4826 verbis,
1888 4776 2009 4832 qua:

439 4864 574 4905 voce
605 4858 659 4905 et
684 4847 867 4920 lingua
894 4847 1295 4921 exprimuntur,
1325 4848 1437 4920 jam
1465 4848 1670 4911 dictum
1699 4858 1811 4919 est;
1843 4860 2009 4925 atque

438 4939 775 5011 superfluum
815 4935 981 5009 fuerit
1019 4951 1115 5007 per
1153 4936 1266 5003 haec
1310 4938 1609 4994 molestiam
1649 4949 1703 4995 et
1732 4939 2012 4999 fastidium

441 5030 677 5087 orationi
709 5029 971 5107 inserere.
1004 5026 1136 5085 Nam
1167 5029 1313 5099 quod
1361 5037 1555 5087 natura
1584 5032 1788 5095 nullius
1814 5034 1894 5090 rei
1925 5035 2010 5091 in-

440 5122 661 5196 dignum
691 5130 796 5189 est,
825 5130 879 5178 et
908 5117 1206 5201 perfectum
1247 5136 1348 5176 nec
1377 5120 1712 5187 redundans,
1736 5125 1871 5187 nihil
1901 5141 2011 5183 non

443 5216 605 5283 habet
628 5232 816 5272 eorum
838 5230 959 5286 quae
990 5221 1118 5285 sunt
1143 5216 1478 5282 necessaria,
1510 5232 1687 5288 neque
1712 5219 2008 5291 quidquam

443 5305 606 5373 habet
646 5321 835 5365 eorum
865 5323 991 5378 quae
1038 5322 1149 5364 non
1184 5316 1313 5375 sunt
1362 5310 1696 5369 necessaria.
1744 5309 2011 5377 Quoniam

444 5390 612 5460 igitur
635 5408 746 5448 non
784 5394 832 5449 ei
862 5408 999 5465 opus
1030 5401 1116 5450 est
1143 5395 1477 5457 nominativa
1524 5398 1910 5468 appellatione,
1948 5416 2015 5456 ex

444 5482 874 5553 praecedentibus
897 5487 1245 5549 sermonibus
1268 5487 1696 5557 demonstratum
1717 5502 1823 5557 est,
1851 5500 2016 5563 atque

513 5652 560 5688 "
585 5655 773 5714 Matth.
805 5671 905 5723 vt.,
941 5657 1033 5725 28,
1066 5674 1190 5729 sqq.

2114 4494 2279 4563 τέρας
2300 4495 2409 4550 τῶν
2441 4496 2741 4563 λαλούντων
2767 4498 3044 4568 ὁμολογεῖν
3081 4493 3219 4565 εἶναι
3242 4496 3340 4561 τὰς
3369 4496 3478 4549 τῶν
3504 4497 3716 4567 ῥημά-

2115 4604 2223 4639 των
2254 4588 2455 4657 φωνὰς,
2480 4589 2513 4659 ἢ
2548 4589 2888 4661 πλημμελεῖν
2928 4591 3007 4654 εἰς
3032 4589 3094 4644 τὸ
3121 4588 3273 4643 Θεῖον
3303 4587 3538 4653 οἴεσθαι,
3575 4588 3714 4644 τῶν

2115 4675 2436 4757 ἀνθρώπων,
2468 4676 2649 4743 καθὼς
2682 4679 2916 4751 χωροῦσι
2942 4679 3082 4749 μετὰ
3116 4679 3178 4733 τὸ
3198 4679 3443 4748 γενέσθαι
3472 4676 3713 4748 ἄνθρω-

2116 4785 2230 4833 ποι,
2275 4768 2336 4821 τὸ
2366 4768 2518 4823 Θεῖον
2548 4770 2955 4840 ὀνομαζόντωνς
2981 4770 3055 4823 Τὸ
3088 4768 3197 4840 γὰρ
3241 4768 3316 4839 μὴ
3354 4766 3561 4822 δεῖσθαι
3591 4765 3714 4840 τὴν

2115 4860 2486 4933 ὑπερέχουσαν
2518 4861 2677 4931 φύσιν
2707 4863 2965 4934 ῥημάτων
2989 4861 3078 4915 διὰ
3106 4861 3288 4931 φωνῆς
3325 4859 3417 4917 καὶ
3442 4856 3712 4932 γλώττης

2113 4955 2517 5025 ὲκπτυομένων,
2547 4955 2645 5025 ἤδη
2684 4969 2743 5009 τε
2771 4955 3015 5029 εἴρηται,
3065 4953 3161 5007 καὶ⁸
3202 4951 3450 5024 περιττὸν
3482 4949 3554 5005 ἂν
3603 4952 3708 5021 εἴη

2111 5041 2201 5095 διὰ
2233 5042 2342 5099 τῶν
2390 5043 2566 5097 αὐτῶν
2606 5042 2761 5113 ὄχλον
2806 5043 3073 5101 ἐντιθέναι
3124 5041 3205 5114 τῷ
3245 5043 3409 5114 λόγῳ.
3455 5042 3532 5095 Τὸ
3582 5041 3707 5114 γὰρ

2112 5132 2405 5203 ἀπροσδεὲς
2435 5135 2502 5205 τῇ
2546 5131 2703 5203 φύσει
2731 5134 2825 5187 καὶ
2852 5133 3056 5187 τέλειον
3089 5134 3181 5188 καὶ
3211 5132 3520 5205 ἀπέριττον,
3562 5130 3705 5186 οὔτε

2110 5237 2164 5273 τι
2190 5219 2299 5274 τῶν
2329 5221 2553 5276 δεόντων
2580 5223 2679 5276 οὐκ
2700 5221 2833 5293 ἔχει,
2856 5221 2980 5277 οὔτε
3003 5221 3111 5275 τῶν
3133 5222 3206 5294 μὴ
3226 5222 3450 5291 δεόντων
3474 5238 3527 5274 τι
3553 5221 3703 5292 ἔχει.

2129 5312 2280 5366 Ἐπεὶ
2309 5309 2400 5366 οὖν
2430 5314 2491 5367 τὸ
2525 5313 2599 5386 μὴ
2626 5313 2736 5368 δεῖν
2757 5313 2904 5386 αύτῷ
2927 5315 3024 5387 τῆς
3050 5313 3410 5385 όνομαστικῆς
3442 5313 3701 5384 κλήσεως

2117 5404 2181 5457 ὲκ
2208 5405 2314 5457 τῶν
2347 5404 2665 5475 φθασάντων
2707 5405 3077 5460 ἀποδέδεικται
3114 5404 3308 5473 λόγων,
3357 5405 3450 5461 καὶ
3484 5404 3553 5457 ἑκ
3589 5404 3704 5475 τῆς

2118 5498 2301 5569 κοινῆς
2323 5497 2433 5555 τῶν
2454 5497 2576 5553 νοῦν
2603 5496 2834 5568 ἐχόντων
2860 5497 3305 5569 συγκαταθέσεως
3326 5495 3698 5568 ὁμολογεῖται,
