4010 6212
263 331 405 394 i097

1315 335 1592 392 CONTRA
1634 334 2026 402 EUNOMILM,
2061 338 2184 394 [ΑΒ.
2221 340 2333 395 ΧΗ.

3395 334 3529 394 I098

267 456 441 517 οὐδεὶς
484 454 547 507 ἂν
597 455 840 508 ἀντείποι
885 457 980 526 τῆς
1029 459 1263 533 ὲσχάτης
1305 462 1562 526 ἀσεϐείας
1609 457 1747 515 εἶναι
1793 460 1841 514 τὲ

1954 473 2021 515 ex
2066 463 2342 517 communi
2385 461 2714 531 sapientium
2762 475 3032 515 consensu
3082 470 3134 514 et
3184 458 3531 513 confessione

267 549 711 619 προεμαρτυρεῖν
743 547 820 617 τῷ
853 548 971 619 Θεῷ
998 551 1066 604 τά
1094 553 1168 623 μὴ
1195 553 1403 610 δέοντα.

514 809 666 864 οὐδὲν
699 805 850 883 οἶμαι
873 815 1082 880 τούτοις
1103 819 1298 890 χρῆναι
1330 823 1558 886 καὶτοῖς
1588 826 1846 889 τοιούτοις

261 902 638 974 ἐνδιατρίϐειν·
671 905 792 958 οὐδὲ
815 907 882 960 τὰ
908 908 1142 980 καθεξῆς
1170 914 1434 982 εἰρημένα
1457 914 1528 968 δι’
1563 916 1847 986 ἀκριϐείας

260 993 527 1063 ἐλέγχειν.
594 994 815 1059 Ἱκανῶς
863 998 970 1068 γὰρ
1025 1002 1138 1063 τοῖς
1181 1002 1695 1076 ὲπιστατικωτέροις
1746 1007 1844 1060 αύ-

261 1085 354 1139 τὸς
382 1086 411 1137 6
437 1085 693 1156 ἀντιδίκῳ
727 1087 980 1158 πονηθεὶς
1022 1089 1210 1160 λόγος,
1263 1095 1564 1167 συνήγορος
1595 1096 1706 1149 τῶν
1745 1099 1844 1168 τῆς

261 1174 546 1240 εὐσεϐείας
589 1177 874 1248 δογμάτων
915 1181 1344 1254 ἀναφανήσεται.
1403 1189 1542 1259 Φησὶ
1599 1190 1710 1262 γάρ
1745 1190 1844 1261 τὴν

261 1265 452 1319 οὐσίαν
487 1266 658 1337 αὐτὴν
696 1268 1003 1340 ἀφθαρσίαν
1029 1269 1167 1328 εἷναι
1197 1276 1289 1330 καὶ
1317 1277 1615 1332 ἀθανασίαν
1657 1279 1841 1334 ὡσαύ-

261 1373 390 1420 τως.
431 1357 571 1426 Ἐγὼ
595 1359 674 1421 δὲ,
704 1360 761 1413 εἴ
802 1379 863 1414 τε
903 1364 1160 1434 πρόσεστι
1199 1367 1372 1423 ταῦτα
1416 1373 1482 1440 τῇ
1513 1370 1633 1441 θείᾳ
1659 1373 1838 1440 φύσει,

259 1447 316 1502 εῐ
333 1465 391 1502 τε
419 1449 557 1502 αὐτὰ
575 1450 747 1506 ταῦτα
777 1453 916 1507 κατά
945 1455 1004 1508 τὸ
1022 1459 1420 1531 σημαινόμενον
1439 1463 1472 1531 ἡ
1495 1462 1652 1516 οὐσία
1670 1464 1839 1528 ἐστὶν,

209 1602 218 1610 ,
257 1540 414 1594 οὐδὲν
445 1536 598 1611 οἶμαι
619 1546 815 1614 χρῆναι
840 1545 976 1616 πρὸς
1000 1548 1159 1602 αὐτὸν
1183 1549 1544 1622 διαμάχεσθαι
1567 1571 1581 1584 ·
1599 1555 1627 1608 ὃ
1665 1574 1716 1609 τι
1732 1556 1841 1626 γὰρ

259 1632 328 1685 ἂν
346 1633 546 1704 νικήσῃ
583 1633 692 1688 τῶν
731 1636 1057 1707 εἰρημένων,
1083 1639 1174 1692 τὸν
1208 1641 1472 1713 ἡμέτερον
1502 1645 1716 1708 πάντως
1748 1664 1840 1699 συ-

259 1725 447 1796 στήσει
497 1725 674 1796 λόγον.
727 1727 790 1781 Ei
825 1728 1055 1800 μὲνγὰρ
1085 1733 1312 1804 προσείη
1345 1737 1411 1805 τῇ
1463 1737 1622 1808 οὐσία
1667 1739 1728 1790 τὸ
1764 1740 1837 1810 μὴ

1950 552 2362 620 comprobatur,
2419 553 2604 606 nullus
2644 551 3060 613 contradixerit,
3119 559 3374 604 extremae
3425 549 3524 602 lm-

1952 641 2171 710 pietatis
2216 657 2341 699 esse
2401 642 2511 697 Deo
2569 642 2867 698 attribuere
2927 657 2991 696 ea
3041 655 3162 711 quae
3224 656 3332 694 non
3389 653 3526 693 con-

1951 733 2196 786 veniunt.

2025 821 2131 876 Sed
2179 825 2233 878 in
2285 824 2369 878 bis
2400 839 2604 878 moram
2638 823 2818 878 facere
2864 830 2918 876 et
2951 831 3165 891 tempus
3209 831 3384 877 terere
3414 835 3523 875 non

1945 923 2199 984 oportere
2231 915 2490 979 arbitror,
2549 929 2726 985 neque
2754 913 3014 982 deinceps
3045 928 3165 982 quin
3210 921 3338 966 sunt
3369 910 3518 963 dicta

1950 1007 2224 1062 subtiliter
2265 1006 2629 1078 redarguere:
2685 1005 2900 1059 abunde
2946 1004 3090 1059 enim
3137 1001 3524 1056 attentioribus

1946 1115 2126 1155 sermo
2165 1099 2235 1152 ab
2259 1099 2573 1154 adversario
2607 1097 2922 1152 elaboratus
2948 1095 3295 1152 decretorum
3331 1093 3525 1161 impie-

1945 1191 2074 1246 tatis
2121 1199 2384 1261 patronus
2419 1205 2541 1245 esse
2594 1187 3060 1242 manifestabitur.
3112 1185 3325 1240 Asserit
3375 1183 3522 1238 enim

1945 1281 2118 1351 ipsam
2158 1282 2450 1336 essentiam
2505 1278 3078 1349 incorruptibilitatem
3133 1293 3257 1332 esse
3304 1283 3359 1329 et
3416 1274 3521 1326 im-

1944 1374 2330 1428 mortalitatem
2367 1373 2637 1427 similiter.
2687 1369 2798 1440 Ego
2845 1385 2994 1435 vero,
3032 1371 3147 1424 sive
3178 1369 3290 1422 haec
3325 1365 3524 1419 divina:

1943 1470 2154 1516 natura:
2182 1463 2393 1528 insunt,
2446 1462 2562 1516 sive
2592 1461 2705 1516 haec
2745 1460 2861 1530 ipsa
2912 1460 3213 1515 secundum
3247 1457 3523 1526 signiﬁca-

1941 1565 2055 1606 tum
2086 1563 2216 1608 sunt
2259 1554 2491 1623 ipsemet
2523 1551 2763 1608 essentia
2790 1591 2804 1616 ,
2839 1551 2974 1605 nihil
3006 1551 3240 1604 arbitror
3271 1554 3526 1617 oportere

1903 1660 2065 1706 .cum
2123 1647 2242 1716 ipso
2290 1661 2568 1717 pugnare:
2627 1645 2998 1715 quodcunque
3056 1643 3202 1698 enim
3252 1640 3524 1694 dictormn

1942 1737 2158 1798 vicerit,
2201 1744 2450 1790 nostrum
2505 1734 2732 1789 omnino
2785 1749 3093 1788 sermonem
3153 1728 3521 1786 confirmabit.

258 1816 598 1889 φθείρεσθαι,
639 1819 936 1891 προσέσται
977 1800 1138 1893 αύτῇ-
1172 1800 1512 1888 πάντωξκαὶ
1540 1800 1608 1880 τὸ.
1648 1829 1727 1899 μὴ
1752 1800 1838 1883 διά

1945 1827 1999 1881 Si
2053 1827 2198 1882 enim
2238 1826 2490 1881 assentire
2535 1823 2797 1889 adfuerit,
2853 1839 2959 1877 non
3012 1837 3173 1892 posse
3220 1819 3521 1888 corrumpi,

257 1910 565 1979 γεννήσεως
595 1906 753 1965 εἶναι.
807 1912 910 1965 Καὶ
947 1912 1117 1978 οὕτως
1143 1915 1171 1967 6
1201 1915 1300 1986 τῆς
1329 1917 1652 1987 ἀγεννησίας
1685 1919 1839 1988 λόγος

254 1999 366 2066 ἔξω
402 2000 500 2071 τῆς
530 2001 672 2055 κατά
692 2003 791 2072 τὴν
812 2003 998 2056 ούσίαν
1027 2005 1301 2075 σημασίας
1337 2007 1742 2078 ἀπωσθήσεται.
1775 2011 1839 2063 Εἰ

253 2090 333 2153 δὲ,
371 2091 453 2143 ὅτι
481 2093 542 2144 ού
573 2091 854 2164 φθείρεται
892 2096 920 2147 6
947 2094 1098 2159 Θεὸς,
1127 2096 1436 2168 ἀφθαρσίαν
1465 2117 1550 2163 τις
1575 2101 1722 2170 λέγει
1740 2103 1840 2174 τὴν

254 2182 448 2236 οὐσίαν
502 2179 663 2248 εἶναι,
719 2185 815 2237 καὶ
872 2186 952 2238 ὅτι
1015 2185 1246 2241 θανάτου
1283 2189 1546 2260 κρείττων
1586 2191 1841 2255 musta

253 2275 414 2330 τοῦτο
464 2274 634 2347 αὐτὴν
685 2275 784 2346 τὴν
837 2276 1001 2345 φύσιν
1057 2277 1356 2333 ἀθανασίαν
1407 2276 1836 2353 εἷναιόρίζοιτο·

254 2365 533 2436 ἄφθαρτος
555 2366 612 2419 δὲ
662 2369 690 2420 6
727 2367 854 2431 Υίδς
896 2369 991 2421 καὶ
1019 2369 1304 2434 ἀθάνατος,
1339 2371 1616 2442 ἀφθαρσία
1653 2375 1720 2428 ἂν
1754 2375 1840 2445 εἴη

255 2459 354 2510 καὶ
411 2457 679 2511 ἀθανασία
727 2458 821 2512 καὶ
865 2460 959 2513 τοῦ
1007 2463 1344 2531 Μονογενοῦς
1386 2466 1626 2535 ήούσία.
1656 2468 1718 2520 Ei
1749 2463 1840 2520 οὖν

253 2547 536 2619 ἀφθαρσία
561 2550 660 2620 μὲν
697 2551 726 2603 6
769 2551 978 2623 Πατὴρ,
1024 2554 1302 2625 ἀφθαρσία
1332 2557 1389 2608 δὲ
1435 2557 1463 2607 6
1511 2555 1659 2622 Υἱὸς,
1685 2559 1843 2611 οὐσία

251 2641 310 2692 δὲ
338 2641 542 2695 τούτων
580 2643 860 2716 ἑκάτερον,
884 2645 1108 2716 οὐδεμία
1135 2647 1192 2700 δὲ
1220 2648 1358 2702 κατά
1377 2648 1475 2720 τὴν
1506 2649 1606 2720 τῆς
1633 2650 1843 2724 ἀφθαρ-

257 2733 382 2793 σίας
424 2733 632 2787 ἔννοιαν
673 2735 965 2790 ἐπινοεῖται
989 2737 1240 2809 διαφορὰ,
1285 2742 1404 2792 κατ’
1437 2741 1588 2795 οὐδὲν
1623 2743 1843 2806 πάντως

255 2831 288 2898 ἡ
320 2826 478 2880 ούσία
516 2827 613 2897 τῆς
659 2828 846 2892 οὐσίας
883 2830 1305 2904 διενεχθήσεται,
1347 2833 1504 2904 εἰπερ
1533 2834 1728 2906 ἐπίσης
1756 2835 1841 2887 ἐπ’

255 2919 583 2990 ἀμφοτέρων
607 2921 640 2991 ἡ
671 2919 830 2989 φύσις
849 2922 1226 2996 ἠλλοτρίωται.
1272 2925 1388 2977 Κάν
1415 2925 1484 2978 τὰ
1504 2924 1644 2979 αύτά
1682 2925 1842 2978 πάλιν

256 3011 726 3081 ἐπαναλαμόἀνων
752 3017 871 3078 ταῖς
907 3015 1170 3085 ἀφύκτοις
1196 3020 1363 3088 ἡμᾶς,
1395 3017 1470 3082 ὡς
1507 3021 1700 3082 οἴεται,
1737 3019 1842 3071 τῶν

1941 1919 2042 1989 ipsi
2084 1919 2274 1988 procul
2300 1917 2466 1972 dubio
2500 1917 2699 1980 aderit,
2745 1923 2800 1970 et
2845 1930 2952 1968 non
2986 1929 3080 1982 per
3109 1912 3520 1982 generationem

1938 2027 2082 2068 esse.
2124 2011 2187 2066 Et
2216 2011 2297 2067 sic
2325 2008 2648 2080 ἀγεννησίας
2671 2022 2852 2063 sermo
2885 2015 3039 2062 extra
3071 2003 3519 2075 signiﬁcantiam,

1938 2121 2062 2174 qua:
2089 2112 2173 2160 est
2220 2103 2525 2160 secundum
2569 2101 2888 2162 essentiam,
2934 2097 3331 2169 repudiabitur.
3361 2094 3520 2162 Quod

1940 2196 2008 2264 si,
2042 2196 2299 2266 quoniam
2345 2210 2454 2250 non
2478 2194 2849 2264 corrumpitur
2876 2189 3041 2254 Deus,
3089 2186 3522 2258 incorruptibili-

1939 2295 2106 2344 tatem
2137 2289 2263 2358 quis
2292 2287 2427 2342 dicit
2453 2286 2749 2342 essentiam
2779 2300 2925 2348 esse.
2965 2293 3018 2340 et
3050 2282 3178 2354 quia
3208 2290 3384 2335 morte
3418 2293 3523 2350 po-

1940 2381 2139 2435 tentior
2169 2387 2252 2435 est
2272 2419 2288 2443 ,
2318 2379 2526 2434 idcirco
2553 2378 2726 2449 ipsam
2762 2385 3014 2431 naturam
3057 2372 3520 2429 immortalitatem

1939 2487 2063 2527 esse
2112 2471 2373 2526 deﬁniat:
2433 2469 2864 2539 incorruptibilis
2914 2475 3096 2522 autem
3143 2473 3228 2520 est
3254 2463 3426 2518 Filius
3465 2471 3522 2517 et

1944 2562 2293 2624 immortalis,
2326 2561 2492 2632 igitur
2526 2558 3018 2630 incorruptibilitas
3052 2565 3106 2612 et
3135 2554 3522 2610 immortalitas

1944 2651 2109 2707 fuerit
2141 2652 2415 2723 Unigeniti
2455 2653 2715 2708 essentia.
2752 2651 2808 2706 Si
2839 2651 3002 2722 igitur
3029 2644 3521 2717 incorruptibilitas

1941 2742 2160 2814 quidem
2190 2742 2374 2808 Pater,
2412 2741 2904 2812 incorruptibilitas
2931 2753 3062 2795 vero
3090 2736 3287 2803 Filius,
3327 2749 3522 2790 essen-

1944 2837 2016 2890 tia
2066 2844 2244 2890 autem
2281 2835 2477 2891 horum
2531 2845 2843 2904 utrumque,
2892 2831 3043 2886 nulla
3098 2835 3279 2883 autem
3323 2841 3521 2882 secun-

1941 2928 2070 2982 dum
2111 2926 2646 2996 incorruptibilitatis
2691 2925 2968 2979 notionem
3005 2918 3324 2990 intelligitur
3351 2915 3521 2971 diﬁ'e—

1945 3017 2140 3082 rentia,
2168 3017 2316 3070 nulla
2352 3017 2404 3070 in
2439 3031 2496 3070 re
2523 3030 2751 3086 prorsus
2775 3012 3014 3070 essentia
3048 3011 3116 3066 ab
3143 3008 3382 3065 essentia
3410 3007 3518 3061 dif-

255 3102 612 3174 δι>.ημμάτων
639 3107 905 3176 ἀνάγκαις
933 3109 1162 3179 καταδῇ,
1187 3109 1360 3177 λέγων
1379 3129 1391 3140 ·
1424 3113 1491 3164 Ei
1515 3111 1632 3180 μὲν
1663 3111 1840 3178 διορί-

1947 3106 2071 3170 feit,
2104 3105 2372 3175 siquidem
2407 3120 2473 3160 ex
2507 3120 2664 3174 aequo
2693 3105 2748 3158 in
2780 3103 3030 3172 utrisque
3055 3108 3250 3154 natura
3281 3096 3518 3152 alienata

255 3195 412 3254 ζοιτο
441 3199 576 3267 παρ’
605 3197 773 3267 ἡμῶν
820 3199 886 3252 τὸ
927 3200 1160 3269 προσὸν
1192 3201 1296 3254 τοῦ
1324 3201 1518 3267 ὄντος,
1547 3203 1841 3256 σύνθετοι·

254 3291 323 3340 τὸ
353 3289 526 3343 Ocior
545 3291 1113 3352 κατασκευάζεσθαιι
1138 3296 1190 3347 εὶ
1216 3293 1284 3347 δὲ
1323 3294 1361 3360 τ’)
1382 3294 1672 3360 ἁπλότης,
1710 3298 1844 3363 ὀμο-

252 3378 426 3448 dare?
462 3380 521 3432 τὸ
546 3381 654 3448 τῆς
686 3382 901 3446 οὐσίας
927 3382 1308 3452 σημαντικὴν
1333 3381 1448 3449 τὴν
1479 3382 1840 3450 ἀφθαρσίαν,

257 3470 358 3522 καὶ
386 3470 499 3536 τὴν
518 3471 887 3541 ἀγεννησίαν
913 3473 1149 3540 πάντως
1182 3473 1699 3542 ἀναφανήσεσθαι.
1730 3475 1842 3527 Πά-

258 3562 341 3614 λιν
365 3563 526 3616 αὐτὸν
544 3563 828 3634 σύμμαχον
854 3564 962 3616 τῶν
977 3565 1259 3636 ἡμετέρων
1281 3565 1632 3636 ἀποδείξομεν
1648 3566 1838 3634 λόγων.

261 3655 323 3708 Εἰ
355 3655 464 3725 γὰρ
517 3656 694 3725 πάντη
739 3655 990 3709 σύνθετον
1036 3660 1180 3709 ποιεῖ
1223 3656 1320 3727 τὴν
1354 3655 1502 3710 θείαν
1529 3657 1736 3719 οὐσίαν,
1764 3656 1842 3726 τῷ

258 3749 540 3816 προσεῖναί
559 3765 608 3801 τι
633 3747 812 3816 λέγειν
835 3751 992 3819 αὐτῇ,
1021 3748 1141 3800 οὐδὲ
1171 3747 1266 3818 τὴν
1289 3749 1600 3818 πατρὸτητα
1626 3749 1842 3811 πάντως

258 3839 416 3902 ἐκτὸς
448 3839 547 3909 τῆς
575 3841 762 3902 ούσίας
800 3840 1218 3909 ἀποποιήσεται,
1261 3840 1395 3894 ἀλλὰ
1428 3840 1584 3910 φύσει
1624 3841 1842 3911 Πατέρα

255 3928 584 3998 ὁμολογήσει
611 3928 686 3992 ὡς
713 3929 986 4000 ἄφθαρτόν
1016 3946 1074 3982 τε
1123 3930 1213 3982 καὶ
1247 3928 1512 3983 ἀθάνατον
1539 3948 1552 3959 ·
1589 3931 1682 3984 καὶ
1702 3931 1842 3984 οὕτω

261 4026 337 4090 μη
375 4018 712 4090 βουλόμενος,
754 4021 834 4082 είς
877 4019 974 4090 τὴν
1031 4021 1129 4089 τῆς
1158 4019 1372 4088 φύσεως
1413 4021 1721 4090 οἰκειότητα
1753 4021 1841 4073 τὸν

260 4112 387 4165 Υίδν
411 4110 766 4175 καταδέξεται
790 4129 801 4142 ο
831 4111 892 4165 ού
909 4112 1017 4181 γὰρ
1039 4111 1192 4163 ἐσται
1214 4110 1432 4163 δυνατὸν
1457 4111 1662 4164 ἐκείνου
1684 4111 1840 4179 φύσει

260 4201 479 4270 Πατρὸς
509 4200 680 4264 δντος,
744 4201 841 4270 τῆς
875 4201 1112 4270 φυσικῆς
1144 4201 1277 4272 πρὸς
1305 4199 1468 4253 αὑτὸν
1491 4201 1726 4269 σχέσεως
1750 4201 1841 4253 τὸν

263 4292 393 4345 Υἰδν
416 4291 788 4363 ἀφορίζεσθαι.
837 4293 899 4345 Ei
946 4291 1002 4344 δὲ
1048 4291 1152 4356 ἔξω
1183 4291 1282 4360 τῆς
1317 4291 1530 4360 φύσεως
1564 4295 1841 4361 προσεῖναι

257 4382 408 4449 λέγει
427 4382 506 4452 τῷ
527 4383 719 4454 Πατρὶ,
747 4383 821 4447 ὡς
843 4383 994 4437 οὐδὲν
1005 4382 1104 4452 τῆς
1126 4383 1423 4453 ἁπλότητος
1451 4382 1838 4454 ἀθετουμένης,

1942 3209 2046 3254 est.
2076 3199 2188 3254 Etsi
2234 3200 2423 3254 eadem
2459 3213 2651 3253 rursus
2677 3210 2964 3266 resumens
2999 3193 3430 3255 inevitabilibus,
3459 3200 3520 3245 ut

1945 3300 2116 3360 putat,
2162 3291 2534 3346 dilemmatum
2583 3287 3000 3345 necessitatibus
3053 3287 3254 3350 irretit,
3289 3287 3516 3342 dicens:

1945 3385 2004 3438 Si
2028 3385 2409 3438 discerneretur
2439 3400 2470 3436 a
2505 3383 2655 3436 nobis
2690 3382 2830 3453 quod
2863 3383 2998 3436 inest
3046 3381 3111 3434 ab
3137 3388 3273 3442 cute,
3307 3395 3518 3448 compo-

1941 3475 2103 3526 situm
2130 3474 2336 3527 Numen
2364 3472 2420 3525 id
2464 3483 2599 3528 esset
2646 3485 2913 3532 astruere;
2956 3471 3094 3542 quod
3124 3471 3172 3525 si
3197 3471 3519 3540 simplicitas

1942 3572 2038 3626 est,
2093 3564 2332 3617 assentire
2383 3564 2796 3632 signi/icativam
2857 3562 3412 3630 iucorruptibilitatem
3469 3571 3520 3616 et

1944 3655 2264 3724 ἀγεννησίαν
2293 3671 2512 3722 prorsus
2552 3653 2889 3719 manifestam
2920 3654 3055 3720 fore.
3089 3651 3304 3708 Rursus
3341 3655 3518 3724 ipsum

1891 3749 1896 3752 ’
1943 3755 2256 3800 nostrorum
2273 3761 2587 3799 sermonum
2600 3745 2978 3798 auxiliatorem
2995 3743 3518 3798 demonstrabimus.

1945 3835 2001 3890 Si
2029 3837 2173 3890 enim
2200 3836 2422 3889 omnino
2465 3835 2705 3889 divinam
2731 3835 3030 3890 essentiam
3079 3833 3215 3888 facit
3242 3834 3519 3903 composi-

1943 3936 2076 3990 tam,
2104 3928 2230 3997 quia
2262 3927 2410 3982 dicat
2444 3927 2546 3997 ipsi
2589 3926 2767 3981 inesse
2798 3926 3029 3996 aliquid,
3066 3940 3245 3995 neque
3277 3923 3517 3994 paterni-

1943 4027 2108 4074 tatem
2150 4019 2367 4088 penitus
2399 4026 2555 4072 extra
2593 4017 2887 4073 essentiam
2921 4015 3170 4085 rejiciet"
3190 4015 3286 4072 sed
3320 4022 3516 4069 natura

1942 4109 2159 4166 Patrem
2185 4111 2559 4174 conﬁtebitur,
2599 4118 2656 4164 ιιι
2691 4108 3165 4179 incorruptibilem
3209 4115 3264 4163 et
3295 4107 3518 4160 immor-

1941 4203 2128 4257 talem.
2163 4203 2226 4257 Et
2253 4204 2334 4259 sic
2359 4202 2522 4257 etiam
2556 4203 2758 4257 invitus
2792 4199 2988 4256 Filium
3031 4201 3097 4255 ad
3129 4207 3337 4254 naturas
3365 4198 3518 4253 simi-

1942 4293 2225 4350 litudinem
2254 4293 2539 4358 admittet;
2574 4308 2696 4346 nam
2727 4294 2842 4347 ﬁeri
2878 4307 2987 4346 non
3029 4293 3252 4363 poterit,
3289 4292 3334 4348 si
3372 4291 3518 4345 illius

1945 4393 2136 4438 natura
2172 4385 2242 4439 sit
2272 4386 2456 4449 Pater,
2504 4394 2561 4438 ut
2593 4398 2623 4436 a
2667 4384 2901 4438 naturali
2937 4399 3060 4438 cum
3105 4384 3224 4454 ipso
3256 4384 3519 4438 relatione

260 4479 309 4529 εί
341 4475 445 4540 ἔξω
461 4475 558 4546 τῆς
588 4475 774 4539 ούσίας
789 4475 850 4528 16
881 4475 1021 4528 κατά
1041 4468 1136 4546 τὴν
1160 4475 1484 4546 ἀγεννησίαν
1503 4476 1838 4546 σημαίνοιτο·

1946 4473 2116 4530 Filius
2137 4482 2440 4545 separetur.
2461 4473 2618 4541 Quod
2637 4475 2682 4530 si
2703 4483 2859 4530 extra
2879 4483 3129 4529 naturam
3152 4472 3299 4528 Patri
3327 4473 3520 4527 adesse

261 4567 311 4619 εἰ
347 4565 406 4618 δὲ
440 4565 608 4634 αὐτῆς
635 4583 766 4635 φησι
788 4565 883 4636 τῆς
908 4565 1092 4627 οὐσίας
1127 4565 1458 4636 σημαντικὸν
1481 4565 1542 4618 τὸ
1566 4564 1838 4636 ἄφθαρτον

262 4658 443 4712 καὶτὸ
489 4658 806 4729 ἀγέννητον,
837 4658 930 4711 καὶ
967 4657 1302 4727 ἰσοδυναμεῖν
1331 4657 1580 4728 ἀλλήλοις
1609 4658 1842 4729 ἑκάτερα

258 4751 374 4805 τῶν
399 4752 677 4821 ὀνομάτων
708 4749 1111 4820 διισχυρίζοιτο,
1146 4749 1220 4812 ὼς
1257 4749 1522 4820 μηδεμίαν
1549 4751 1634 4801 ἐπ’
1663 4750 1842 4802 αὐτῶν

259 4840 406 4898 εἶναι
461 4845 740 4916 διαφορὰν,
799 4842 877 4914 τῷ
922 4842 1117 4896 ταύτὸν
1157 4843 1435 4912 ἑκατέροις
1479 4841 1753 4910 ἐγκεῖσθαι
1785 4842 1844 4895 τὸ

263 4935 686 5006 σημαινόμενον,
717 4934 812 4988 καὶ
853 4934 980 5004 μίαν
1012 4933 1157 5002 λέγοι
1192 4932 1286 4986 τοῦ
1322 4933 1597 5003 ἀφθάρτου
1634 4933 1726 4986 καὶ
1751 4931 1841 4986 τοῦ

259 5027 560 5096 ἀγεννήτου
596 5026 695 5097 τὴν
727 5023 957 5086 ἔννοιαν,
1005 5026 1034 5077 6
1066 5025 1128 5076 16
1166 5022 1223 5079 ἓν
1252 5022 1456 5076 τούτων
1515 5021 1612 5085 ὢν,
1655 5023 1750 5076 καὶ
1785 5021 1845 5075 τὸ

257 5113 450 5182 ἕτερον
481 5113 693 5175 πάντως
709 5110 875 5166 ἐστίν.
894 5110 1052 5164 Ἀλλά
1085 5111 1190 5180 μὴν
1213 5109 1485 5179 ἄφθαρτος
1511 5111 1539 5162 6
1561 5110 1686 5174 Υἱὸς
1706 5105 1844 5164 εἷναι

259 5203 360 5255 καὶ
393 5202 544 5270 παρά
571 5202 774 5255 τούτων
803 5201 902 5255 οὐκ
931 5199 1346 5271 ἀμφιϐάλλεται.
1377 5198 1692 5268 Ἀγέννητος
1714 5197 1841 5270 ἀρα,

261 5293 411 5349 κατά
436 5293 529 5347 τὸν
553 5294 647 5347 τοῦ
670 5294 935 5365 Εὐνομίου
968 5293 1144 5360 λόγον,
1181 5292 1274 5346 καὶ
1301 5286 1453 5354 οὗτός
1493 5293 1660 5356 ἐστιν,
1689 5291 1846 5362 εἴπερ

258 5385 431 5439 ταὺτὸ
477 5387 729 5456 σημαίνει
777 5389 841 5458 τῇ
909 5383 1205 5457 ἀγεννησίᾳ
1260 5385 1320 5438 τὺ
1374 5384 1668 5454 ἄφθαρτον,
1705 5383 1844 5438 ὥστε

257 5478 410 5529 δυοῖν
436 5476 683 5548 θάτερον,
709 5477 887 5547 ἢάλλο
914 5494 966 5532 τι
995 5477 1141 5550 παρά
1156 5476 1252 5548 τὴν
1275 5476 1578 5547 ἀφθαρσίαν
1597 5476 1656 5529 τὸ
1689 5476 1847 5544 ἀγέν-

258 5585 427 5638 νητον
482 5567 763 5639 σημαίνειν
822 5568 1164 5640 συνθήσεται,
1205 5568 1238 5640 ἢ
1280 5569 1551 5639 ἐπιμένων
1609 5571 1720 5632 τοῖς
1763 5568 1846 5621 δε-

258 5658 550 5729 δογμένοις
583 5657 857 5728 πολλαχῶς
892 5661 1016 5730 περὶ
1049 5660 1140 5712 τὸν
1170 5658 1426 5730 μονογενῆ
1452 5656 1583 5718 Θεὸν
1609 5654 1847 5724 βλασφη-

258 5755 456 5829 μήσει,
487 5750 622 5821 ἦτοι
649 5751 883 5823 φθαρτὸν
929 5751 1090 5805 αὐτὸν
1138 5750 1304 5806 ποιῶν
1331 5750 1417 5803 ἵνα
1447 5748 1520 5819 μὴ
1555 5747 1844 5818 ἀγέννητον

513 5847 783 5910 Panos.
825 5845 942 5908 Gs.
976 5846 1161 5910 XLV.

1945 4565 2099 4629 dicit,
2131 4566 2259 4636 quia
2289 4567 2342 4620 in
2374 4567 2477 4622 hoc
2503 4566 2825 4636 simplicitas
2853 4566 2975 4636 ejus
3021 4565 3246 4620 minime
3276 4565 3516 4627 laeditur,

1944 4658 1988 4712 si
2043 4667 2194 4711 extra
2248 4659 2541 4714 essentiam
2603 4659 2746 4728 quod
2822 4657 3117 4712 secundum
3193 4656 3518 4725 ἀγεννησίαν

1946 4751 2318 4822 signiﬁcetur;
2368 4750 2515 4822 quod
2566 4751 2610 4805 si
2646 4749 3062 4819 incorruptibile
3103 4756 3156 4802 et
3209 4747 3513 4817 ingenitum

1947 4843 2118 4912 ipsam
2171 4845 2464 4898 essentiam
2514 4842 2842 4913 signiﬁcare,
2901 4848 2955 4896 et
3006 4850 3234 4910 utraque
3291 4839 3515 4893 nomina

1945 4931 2133 4986 eadem
2183 4932 2290 4986 vim
2332 4947 2396 4986 ac
2447 4930 2901 5002 signiﬁcationem
2953 4928 3153 4984 habere
3201 4926 3512 4988 contendat,

1945 5026 2103 5096 quasi
2135 5027 2281 5080 nulla
2309 5026 2363 5080 in
2405 5025 2542 5097 ipsis
2568 5025 2641 5081 sit
2664 5023 2988 5088 diii'erentia,
3019 5023 3147 5093 quia
3179 5020 3318 5076 idem
3349 5020 3514 5074 utris-

1945 5131 2051 5186 que
2079 5107 2208 5171 insit
2235 5115 2624 5185 signiﬁcatum,
2655 5123 2708 5170 et
2733 5131 2893 5170 unam
2920 5114 3064 5169 dicat
3086 5112 3514 5181 incorruptibilis

1946 5217 2003 5261 et
2047 5207 2271 5277 ingeniti
2300 5207 2575 5275 notitiam,
2613 5207 2703 5277 qui
2734 5215 2820 5262 est
2855 5206 3046 5260 horum
3081 5219 3246 5257 unum
3282 5212 3336 5258 et
3373 5205 3513 5257 alte-

1947 5313 2067 5352 rum
2095 5312 2323 5367 prorsus
2351 5305 2454 5352 est.
2478 5296 2861 5352 Verumtamen
2887 5295 3315 5366 incorruptibilis
3344 5293 3510 5351 Filius

1946 5404 2070 5445 esse
2113 5399 2167 5443 et
2209 5389 2276 5441 ab
2312 5389 2396 5443 his
2432 5404 2536 5443 non
2584 5388 2944 5443 dubitabitur.
2991 5387 3271 5458 ingenitus
3322 5388 3510 5458 igitur,

1947 5479 2246 5535 secundum
2278 5478 2841 5544 Eunomii‘rationem,
2881 5486 2935 5534 et
2966 5478 3056 5534 hic
3092 5486 3199 5539 est.
3237 5479 3510 5548 siquidem

1948 5572 2089 5628 idem
2125 5570 2397 5641 signiﬁcat
2448 5570 2859 5639 incorruptibile
2899 5570 3043 5640 quod
3088 5569 3313 5639 iugeniti
3347 5571 3510 5633 ratio.

1950 5661 2023 5713 ita
2054 5669 2112 5713 ut
2139 5660 2368 5713 duorum
2411 5659 2664 5721 alterum,
2696 5658 2781 5712 vel
2820 5658 2966 5712 aliud
3010 5657 3286 5728 quidpiam
3319 5665 3514 5726 praeter

1950 5751 2520 5829 incorruptibilitatcm
2565 5750 2861 5830 ingenitum
2898 5750 3207 5821 signiﬁcare
3245 5748 3511 5806 assentio

3164 5839 3240 5904 35
