4010 6212
244 325 386 388 IIOI

1363 344 1636 399 CONTRA
1678 340 2068 415 EUNUMIUM,
2101 348 2228 406 LIB.
2269 354 2379 409 XII.

3375 356 3396 413 ἰ
3420 352 3505 413 liii

244 462 343 502 τον
375 447 549 501 εἰπεῖν
582 447 676 500 τὸν
730 449 885 519 λόγον
913 491 927 514 ,
970 452 1050 505 ὅτι
1085 453 1159 523 τῷ
1195 456 1474 529 ἀγεννητῳ
1528 459 1648 530 Θεῷ
1696 461 1837 515 κατά

1949 473 1997 519 ut
2025 466 2170 522 hunc
2201 483 2505 524 sermonem
2532 471 2793 539 proferat,
2844 471 2986 543 quod
3020 474 3261 543 ingenito
3285 474 3393 531 Deo
3425 492 3511 534 se-

250 536 418 607 φύσιν
462 536 563 607 μέν
613 539 763 592 ἐστιν
788 542 822 610 ἡ
851 541 1123 613 γέννησις,
1156 546 1437 616 στερηθεὶς
1474 549 1527 602 δὲ
1569 550 1663 603 τοῦ
1698 552 1838 605 κατά

251 630 439 700 φύσιν,
468 632 532 684 ἐκ
552 633 810 703 γεννητοῦ
844 633 937 687 τοῦ
979 636 1235 707 πρόσθεν,
1259 640 1449 709 γέγονε
1500 645 1636 712 μετὰ
1668 646 1841 700 ταῦτα

250 722 586 793 ἀγέννητος;
623 723 786 779 Ἀλλά
810 725 1002 795 ’ταῦτα
1048 730 1146 799 τῆς
1199 732 1495 805 ῥητορικῆς
1538 736 1606 788 τὰ
1649 740 1840 807 τεχνά-

253 831 459 885 σματα,
485 814 566 879 τὺ,
600 815 660 868 ὲν
707 811 788 881 οἷς
828 818 1142 891 ἐλέγχονται
1174 823 1479 892 προσώπων
1508 826 1670 879 τινῶν
1711 829 1840 882 ύπο-

250 905 437 970 ϐολαῖς
483 905 583 977 τὴν
615 909 681 961 ὲκ
704 908 812 962 τῶν
840 909 1077 981 ἐλέγχων
1100 913 1366 985 αἰσχύνην
1393 916 1797 988 διαδιδράσκειν
1821 936 1834 948 ·

251 996 393 1088 οῦτω
419 998 512 1088 καί
557 999 685 1069 περὶ
715 1000 814 1072 τῆς
845 1001 1139 1070 ἀπολογίας
1170 1005 1387 1077 ἐκείνης
1420 1007 1836 1088 ἁπολελόγηταιν

249 1086 537 1151 δικασταῖς
585 1090 683 1143 καὶ
713 1092 1041 1163 κατηγόροις
1080 1094 1355 1159 ἀνατιθεὶς
1396 1099 1495 1169 τῆς
1524 1086 1841 1173 ἐπιγραφῆέ

249 1177 351 1248 τὴν
384 1179 589 1243 αἰτίαν,
611 1181 672 1234 οὐ
698 1183 1059 1255 κατηγόρους,
1089 1184 1153 1239 ού
1176 1187 1379 1259 κρίσιν,
1401 1189 1461 1243 οὺ
1491 1188 1841 1264 δικαστήριον

250 1266 518 1335 ἐπιδεῖξαι
568 1269 883 1342 δυνάμενος.
930 1273 1042 1328 Καὶ
1070 1275 1165 1329 νῦν
1189 1277 1267 1341 ὡς
1289 1278 1577 1351 ἀλλοτρίαν
1630 1283 1840 1353 μωρίαν

250 1358 746 1431 ἐπανορθούμενος,
779 1364 861 1426 εἰς
891 1363 1139 1437 ἀνᾴγκην
1174 1368 1309 1438 φησί
1335 1367 1430 1423 τοῦ
1457 1368 1630 1435 οὕτως
1668 1374 1840 1425 είπεϊν

251 1449 594 1520 ἐληλυθέναι.
653 1447 824 1518 Οὗτος
864 1454 894 1506 ό
938 1454 1159 1526 ἔλεγχος
1206 1460 1307 1528 τῆς
1354 1460 1654 1530 ἀνηκέστου
1684 1464 1841 1534 ἡμῶν

251 1541 505 1605 ἀτοπίας,
547 1542 645 1596 καὶ
679 1543 781 1613 τῆς
823 1548 1188 1617 προσποιήτου
1220 1549 1313 1603 καὶ
1347 1550 1647 1622 ὲπιλήπτου
1685 1554 1841 1607 εὐλα-

250 1632 429 1698 ϐείας.
472 1633 612 1687 Ἀλλ’
666 1636 1007 1708 ἀποροῦντας
1040 1641 1186 1710 ἡμᾶς
1242 1658 1407 1712 φησιν
1435 1643 1536 1698 οὐκ
1579 1644 1765 1716 ἔχεινὸ
1786 1664 1839 1700 τι

251 1725 571 1796 χρησόμεθα
595 1729 708 1791 τοῖς
730 1728 961 1800 παροῦσι
992 1732 1085 1784 καὶ
1119 1731 1218 1803 τὴν
1243 1733 1473 1806 ἀπορίαν
1509 1735 1841 1806 ἐπικρυπτο-

254 1816 453 1886 μένους
478 1834 492 1848 ·
554 1818 763 1873 ἐκείνου
813 1819 912 1890 μὲν
963 1822 1028 1876 ὲκ
1061 1820 1172 1876 τῶν
1206 1820 1467 1894 ῥημάτων
1504 1828 1584 1890 είς
1615 1826 1713 1897 τὴν
1744 1826 1839 1880 τοῦ

250 1907 461 1978 κόσμου
489 1907 791 1965 διαϐάλλειν
824 1911 1018 1980 σοφίαν
1037 1929 1052 1943 ο
1082 1913 1281 1977 αὐτοὺς
1311 1914 1370 1968 δὲ
1408 1917 1508 1985 τὴν
1548 1916 1642 1969 τοῦ
1680 1918 1839 1984 ἁγίου

251 1999 574 2070 Πνεύματος
618 2002 947 2073 οἰκειοῦσθαι
984 2003 1354 2065 διδασκαλίαν.
1397 2007 1588 2071 Ἀλλος
1630 2009 1841 2079 ὄνειρος

249 2084 409 2153 οὗτος
451 2090 704 2146 τοσοῦτον
736 2093 918 2164 ἑαυτῷ
966 2099 1248 2167 «passiva:
1272 2096 1374 2168 τῆς
1403 2096 1508 2171 ἔξω
1540 2099 1732 2167 σοφίας
1761 2100 1840 2153 οἱ·

249 2180 434 2246 εσθαι,
459 2181 536 2245 ὡς
567 2182 797 2255 φοϐερὸν
830 2185 1104 2256 ,Βασιλείῳ
1126 2187 1228 2245 ,διὰ
1269 2185 1428 2241 τοῦτο
1453 2188 1649 2243 δοκεῖν.
1687 2189 1843 2243 Οῦτω

251 2271 400 2335 τινὲς
431 2272 527 2326 καὶ
573 2272 886 2343 βασιλεῦσιν
911 2276 1218 2349 όμόθρονοι,
1256 2280 1351 2332 καὶ
1383 2281 1482 2350 τῆς
1508 2279 1843 2352 ὑψηλοτέρας

251 2361 418 2427 ἀξίας
463 2361 602 2418 εἶναι
653 2367 914 2431 πολλάκις
954 2370 1185 2434 ἑαυτοὺς
1238 2371 1677 2441 ἑφαντάσθησαν,
1742 2371 1842 2442 τῆς

252 2455 620 2527 ἡπατήμενης
644 2456 751 2512 τῶν
798 2460 1065 2513 ἐνυπνίων
1090 2460 1301 2530 ,ό-ῲεως,
1330 2464 1395 2514 ὲκ
1422 2462 1521 2531 τῆς
1545 2463 1664 2516 καθ’
1695 2462 1844 2534 ῦπαρ

252 2542 574 2616 ἐπιθυμίας,
605 2548 705 2619 τὴν
733 2550 861 2619 περ)¹
900 2549 1090 2609 τούτου
1118 2551 1342 2625 δόκησιν
1370 2552 1694 2625 ἐντιθείσης.
1730 2555 1845 2609 Ούκ

254 2636 471 2707 ἔχοντα,
499 2640 686 2708 φησιν,
707 2641 1002 2705 Βασίλειον,
1022 2644 1061 2697 ,ὃ
1102 2660 1155 2697 τι
1175 2646 1286 2707 τοῖς
1305 2645 1617 2715 εἰρημένοις
1646 2647 1845 2718 χρήσε-

251 2746 368 2793 ται,
392 2730 697 2791 διαϐάλλειν
718 2733 879 2787 αὐτὸν
909 2736 1001 2789 ἐπὶ
1031 2739 1095 2807 τῇ
1126 2735 1219 2791 τοῦ
1249 2736 1455 2806 κόσμου
1490 2736 1672 2807 σοφίᾳ.
1712 2737 1845 2790 Πολ-

252 2819 349 2877 λοῦ
384 2823 484 2894 μέν
511 2840 593 2878 τοι
618 2825 718 2897 τὴν
763 2827 1018 2898 τοιαύτην
1045 2829 1113 2882 ἂν
1144 2826 1408 2898 διαϐολὴν
1430 2827 1752 2899 ἐτιμήσατο,
1786 2828 1846 2881 τὸ

253 2913 489 2986 φοϐερὸς
517 2915 835 2987 νομισθῆναι
853 2921 919 2989 τῇ
951 2920 1237 2992 περιουσίᾳ
1262 2918 1371 2973 τῶν
1399 2919 1591 2988 λόγων,
1622 2919 1717 2972 καὶ
1735 2919 1844 2973 τῶν

252 3006 621 3077 ἐπιτυχόντων
676 3010 799 3070 τινὶ,
861 3010 935 3079 μή
975 3009 1028 3063 τί
1083 3027 1145 3079 γε
1170 3009 1441 3080 Βασιλείῳ
1471 3009 1565 3064 καί
1599 3026 1707 3065 τινι
1738 3010 1845 3063 τῶν

240 3097 382 3155 ,κατ’
407 3097 589 3161 αὐτὸν,
620 3096 781 3168 εἰπερ
796 3115 879 3160 τις
906 3097 1043 3161 ὅλως
1073 3099 1191 3150 ἐστὶ
1219 3100 1337 3157 κατ’
1358 3098 1522 3151 αὑτὸν
1551 3098 1840 3168 ἢὲγένετο.
1872 3138 1916 3195 C

270 3186 433 3240 Ἀλλὰ
462 3187 555 3240 τὸν
596 3187 694 3256 μὲν
724 3187 813 3241 διὰ
853 3188 1019 3256 μέσου
1057 3188 1234 3257 λόγον,
1269 3188 1430 3260 εἴπερ
1460 3187 1616 3255 λόγος
1640 3189 1841 3259 ἐστὶνὴ

253 3277 679 3350 ἀνδραποδώδης
710 3279 873 3333 αὐτοῦ
911 3278 1167 3351 λοιδορία,
1195 3282 1289 3333 καὶ¹
1316 3280 1384 3334 τά
1416 3282 1630 3352 ἄμουσα
1666 3276 1846 3352 σκώμ-

256 3386 429 3440 ματα.
451 3370 518 3423 δι’
542 3363 617 3427 ὧν
635 3372 987 3444 κατατρέχειν
1012 3371 1119 3424 τῶν
1143 3372 1433 3444 ἡμετέρων
1462 3373 1653 3435 οἴεται,
1670 3373 1844 3427 πάντα

253 3463 516 3532 παρήσω,
562 3461 849 3530 βδελυκτόν
890 3480 947 3515 τε
989 3464 1082 3517 καὶ
1114 3463 1276 3535 ἀηδὲς
1305 3462 1627 3535 ποιούμενος
1652 3463 1843 3519 τοσούο

251 3567 372 3615 τοις
431 3551 738 3622 μολύσμασι
791 3552 883 3606 τὸν
913 3553 1177 3625 ἡμέτερον
1215 3554 1619 3625 ὲμφορύνεσθαι
1665 3556 1841 3626 λόγον,

256 3640 453 3712 ὥσπερ
478 3641 528 3695 οἰ
552 3642 619 3696 τά
661 3642 872 3714 ὀχθώδη
915 3661 975 3696 τε
1008 3645 1103 3698 καὶ
1146 3644 1379 3698 ὀδωδότα
1408 3646 1518 3698 τῶν
1549 3645 1723 3700 ἑλκῶν
1754 3664 1848 3717 μυ-

258 3734 601 3804 σαττόμενοι,
632 3735 728 3789 καὶ
767 3733 1286 3805 δυσανασχετοῦντες
1321 3736 1420 3805 τὴν
1444 3735 1573 3789 θέαν
1599 3735 1708 3789 τῶν
1738 3737 1848 3790 ἀπὸ

255 3824 618 3898 πληθωρικῆς
651 3842 792 3891 τινος
831 3826 1172 3898 βαρυχυμίας
1204 3827 1271 3880 δι’
1295 3828 1721 3899 ἀκροχορδόνων,
1752 3827 1848 3883 καὶ

253 3917 406 3982 ἥλων
431 3916 835 3973 ἀλλοιωθέντων
857 3920 1314 3990 τὴνιὲπιφάνειαν.
1338 3919 1441 3973 Τὸν
1462 3920 1520 3972 δὲ
1539 3920 1663 3973 νοῦν
1683 3918 1846 3974 αὐτοῦ

252 4009 325 4062 δι’
379 4009 578 4078 ὀλίγων
617 4009 928 4082 ἐκθέμενος,
979 4011 1077 4082 τὴν
1135 4010 1336 4081 πολλὴν
1397 4010 1504 4065 τῶν
1543 4011 1849 4083 εἰρημένων

255 4099 623 4171 παραδραμοῦ
631 4117 730 4167 μεν
754 4101 1042 4156 δυσιώίαν.

1940 558 2178 613 cundum
2198 569 2447 615 naturam
2469 562 2688 632 quidem
2708 570 2790 618 est
2810 564 3110 632 generatio,
3143 567 3389 635 privatus
3418 584 3514 624 au-

1942 659 2046 704 tem
2076 666 2143 704 eo
2176 652 2321 720 quod
2354 661 2440 708 est
2457 653 2756 708 secundum
2791 663 3041 731 naturam
3076 671 3142 711 ex
3189 658 3373 725 genito
3402 659 3513 716 Deo

1940 743 2085 812 quod
2133 745 2283 814 prius
2308 755 2447 808 erat,
2495 745 2673 800 factus
2714 755 2799 824 est
2838 758 3027 824 postea
3069 748 3380 818 ingenitus?
3404 752 3513 809 Sed

1942 835 2056 889 haec
2084 845 2213 891 sunt
2238 837 2524 893 rhetorica
2543 822 2793 903 artiﬁcia,
2819 822 3012 910 nempe
3041 842 3095 897 in
3120 844 3204 899 his
3228 844 3280 898 in
3313 847 3514 916 quibus

1940 929 2415 997 reprehenduntur
2450 932 2776 1002 quibusdam
2809 934 3094 989 accersitis
3143 937 3396 1005 personis
3427 954 3516 993 rc-

1942 1020 2366 1089 prebensionum
2396 1021 2635 1079 dedecus
2686 1021 3064 1094 subterfugere
3096 1042 3111 1089 ;
3149 1027 3227 1081 sic
3247 1034 3301 1082 et
3328 1027 3397 1082 de
3422 1029 3515 1084 illa

1943 1110 2265 1169 defensione
2324 1114 2585 1193 defendit,
2636 1114 2921 1193 judicibus
2990 1128 3044 1171 et
3090 1120 3516 1175 accusatoribus

1944 1206 2316 1262 accusationis
2351 1192 2566 1279 culpam
2599 1216 2654 1263 et
2680 1192 2904 1264 causam
2940 1211 3242 1289 ascriben’s,
3280 1227 3388 1267 non
3422 1228 3517 1267 ac-

1944 1305 2250 1357 cusatores.
2280 1314 2388 1353 non
2417 1298 2686 1369 judicium
2712 1341 2727 1365 ,
2768 1316 2875 1355 non
2915 1301 3174 1371 iudiciale
3209 1304 3388 1360 forum
3424 1323 3517 1361 va-

1944 1389 2060 1445 lens
2081 1392 2389 1448 ostendere.
2426 1391 2493 1447 Et
2525 1409 2673 1447 nunc
2705 1401 2767 1448 ut
2829 1376 3063 1451 alienam
3128 1399 3418 1454 stultitiam
3463 1409 3519 1456 et

1947 1480 2249 1537 fatuitatem
2309 1484 2615 1555 corrigens,
2660 1500 2719 1541 se
2751 1486 2805 1540 in
2858 1470 3243 1546 necessitatem
3306 1490 3388 1547 sic
3433 1491 3518 1546 lo-

1944 1575 2147 1644 quendi
2177 1576 2393 1632 venisse
2420 1576 2577 1634 dicit.
2611 1564 2744 1635 Hac,
2797 1589 2881 1636 est
2927 1582 3281 1651 reprehensio
3318 1594 3519 1640 nostra:

1947 1666 2271 1725 insanabilis
2314 1654 2693 1733 absu‘rditatis,
2725 1680 2781 1726 et
2817 1671 3087 1728 simulatae
3138 1682 3303 1745 atque
3329 1689 3519 1745 repre-

1948 1760 2233 1816 hensibilis
2256 1761 2555 1843 religionis.
2598 1760 2706 1817 Sed
2729 1778 2829 1818 nos
2868 1763 3080 1835 indigos
3109 1762 3243 1819 dicit
3279 1782 3387 1823 non
3418 1763 3520 1821 ha-

1945 1854 2072 1906 bere
2097 1851 2229 1921 quid
2263 1853 2318 1906 in
2351 1853 2638 1922 prmsentia
2660 1869 2886 1923 agamus
2917 1862 2971 1909 et
2991 1870 3099 1925 quo
3116 1870 3527 1919 nosvertamns,

1942 1942 2074 2010 quin
2113 1942 2278 1997 etiam
2308 1944 2590 2019 penuriam
2630 1951 2878 1999 nostram
2927 1947 3234 2013 occultare;
3264 1962 3329 2001 ac
3360 1948 3512 2002 illum

1944 2035 2162 2104 quidem
2193 2051 2259 2091 ex
2292 2034 2471 2089 verbis
2496 2035 2567 2089 ob
2583 2034 2772 2101 mundi
2795 2034 3117 2104 sapientiam
3147 2020 3469 2095 calumniari
3501 2053 3515 2090 :

1945 2125 2093 2194 ipsos
2120 2138 2248 2178 vero
2277 2124 2453 2178 sancti
2507 2120 2747 2194 Spiritus
2782 2126 3087 2180 doctrinam
3145 2126 3303 2203 nobis
3340 2126 3519 2180 vindi-

1944 2233 2091 2273 care.
2130 2216 2287 2271 Aliud
2318 2216 2422 2272 hoc
2481 2219 2777 2282 somnium,
2811 2226 3020 2273 tantum
3053 2219 3159 2287 sibi
3202 2218 3305 2288 ipsi
3332 2218 3521 2289 adesse

1943 2318 2181 2367 externae
2233 2308 2512 2380 sapientia:
2566 2316 2780 2380 putare,
2834 2318 2894 2363 ut
2947 2318 3233 2380 propterea
3261 2310 3521 2367 terribilis

1946 2402 2148 2458 Basilio
2177 2401 2442 2457 videatur.
2492 2401 2595 2456 'Sic
2644 2402 2866 2473 quidam
2912 2403 3076 2457 etiam
3127 2417 3251 2458 cum
3298 2405 3521 2475 regibus

1947 2495 2110 2549 simul
2160 2497 2348 2550 eodem
2382 2495 2437 2549 in
2500 2496 2639 2550 solio
2674 2495 2888 2558 sedere,
2941 2504 2995 2549 et
3034 2495 3228 2551 altiore
3257 2495 3523 2567 dignitate

1944 2603 2066 2643 esse
2104 2602 2245 2657 saepe
2286 2602 2345 2642 se
2372 2570 2562 2663 dignos
2618 2568 2983 2663 somniarent,
3018 2586 3150 2639 falsa
3182 2589 3521 2642 somniorum

1947 2678 2183 2749 imagine
2212 2693 2279 2732 ex
2321 2660 2790 2745 veracupiditate
2835 2660 2977 2730 hanc
3020 2677 3156 2744 ipsis
3208 2677 3523 2749 opinionem

1948 2772 2263 2835 inserente;
2316 2784 2423 2822 non
2457 2768 2766 2833 habentem,
2804 2771 2898 2832 ait,
2956 2754 3224 2845 Basiliam
3286 2769 3417 2839 quid
3452 2770 3520 2823 ad

1947 2863 2091 2917 dicta
2119 2860 2446 2931 respondeat
2475 2860 2754 2914 criminari
2782 2860 2958 2929 ipsum
2988 2861 3060 2915 ob
3100 2862 3288 2937 mundi
3310 2862 3522 2941 sapien~

1946 2956 2101 3009 tiam.
2136 2950 2311 3021 Magni
2341 2950 2559 3020 quidem
2594 2951 2755 3005 talem
2800 2950 3237 3007 criminationem
3292 2952 3436 3017 fecit,
3464 2961 3522 3023 ut

1947 3051 2293 3109 existimetur
2332 3048 2591 3103 terribilis
2632 3048 2922 3102 verborum
2953 3048 3109 3118 copia
3151 3049 3396 3115 cuilibet,
3429 3066 3527 3107 nc-

1947 3152 2076 3206 dum
2127 3147 2326 3202 Basilio
2353 3155 2406 3201 et
2436 3146 2597 3199 alicui
2625 3146 3049 3218 discipulorum,
3083 3146 3128 3203 si
3153 3148 3370 3226 quidem
3401 3149 3527 3221 quis

1949 3245 2167 3317 penitus
2192 3252 2277 3299 est
2306 3243 2603 3299 secundum
2630 3243 2808 3313 ipsum
2843 3241 2925 3303 vel
2960 3241 3084 3298 fuit.
3121 3241 3229 3298 Sed
3260 3244 3528 3307 interme-

1949 3343 2097 3398 dium
2131 3354 2460 3413 sermonem,
2482 3335 2529 3394 si
2554 3336 2771 3411 quidem
2802 3352 2982 3411 sermo
3012 3345 3097 3395 est
3124 3338 3325 3395 servile
3352 3340 3527 3408 ipsius

1951 3437 2279 3498 convicium,
2317 3442 2372 3503 et
2404 3432 2624 3505 inducta
2656 3440 2820 3511 atque
2867 3433 3050 3507 inepta
3077 3446 3401 3500 scommata,
3431 3452 3528 3507 per

1951 3551 2073 3608 qua:
2095 3535 2149 3589 in
2188 3540 2375 3599 ηοειπει
2423 3531 2705 3595 incurrere
2736 3529 3057 3607 arbitratur,
3084 3532 3270 3589 omnia
3301 3541 3527 3604 praeter-

1943 3627 2520 3693 mittam,exscerabile
2545 3635 2600 3685 et
2624 3627 3049 3703 abominandum
3073 3629 3418 3691 existimans,
3447 3638 3529 3685 tot

1949 3728 2224 3796 tantisque
2275 3723 2666 3794 pollutiouibns
2725 3738 3037 3777 sermonem
3072 3733 3323 3778 nostrum
3356 3724 3529 3781 infer-

1957 3824 2081 3882 ciri.
2122 3817 2577 3891 quemadmodum
2613 3817 2707 3886 qui
2736 3817 3059 3886 praetumida
3092 3828 3148 3873 et
3174 3826 3315 3873 tetra
3343 3820 3528 3875 ulcera

1950 3919 2354 3981 abominantur,
2404 3928 2655 3984 aegreque
2709 3910 2894 3968 ferunt
2926 3915 3299 3983 spectaculum
3338 3930 3528 3970 eorum

1948 4028 2071 4083 quae
2087 4027 2152 4067 ex
2189 4010 2372 4079 aliqua
2405 4007 2587 4078 gravis
2621 4007 2871 4063 humoris
2914 4006 3214 4076 repletione
3237 4023 3335 4079 per
3349 4023 3539 4063 verru-

1949 4121 2045 4161 cas
2073 4115 2127 4161 et
2158 4105 2341 4160 clavos
2389 4103 2675 4157 immutata
2734 4109 2883 4167 sunt,
2918 4094 2973 4155 in
3020 4101 3164 4157 cutis
3218 4102 3529 4172 superficie.

256 4190 500 4247 Sensum
530 4194 774 4263 ipsorum
834 4208 958 4253 cum
1005 4193 1197 4265 paucis
1262 4209 1566 4264 exposuero
1617 4195 1841 4251 multam
1883 4197 2127 4269 ipsorum
2154 4195 2574 4269 graveolentiam
2606 4188 3048 4263 praetercurram.

333 4286 531 4339 Ἔσται
558 4285 614 4340 δέ
642 4303 730 4356 μοι
752 4288 891 4351 τέως
917 4290 1037 4342 κατ’
1070 4288 1381 4362 ἐλευθερίαν
1408 4291 1438 4341 ό
1476 4289 1631 4358 λόγος
1664 4288 1844 4353 διεξα-

256 4379 514 4450 γόμενος.
566 4380 717 4433 οὐδὲν
750 4380 886 4452 πρὸς
941 4382 1006 4434 τὸ
1037 4382 1452 4451 ὲπηρεαστικῶς
1506 4383 1844 4454 σπαράσσειν

2024 4293 2139 4346 Erit
2170 4298 2349 4345 autem
2377 4287 2507 4343 mihi
2539 4302 2637 4357 pro
2686 4284 2938 4341 libertate
2971 4301 3153 4343 sermo
3186 4287 3280 4361 qui
3332 4285 3530 4355 prudn-

1953 4385 2115 4445 citur,
2147 4383 2240 4453 qui
2273 4398 2380 4437 non
2409 4383 2475 4434 ad
2507 4379 2844 4435 calumniose
2900 4378 3318 4449 discerpendum
3367 4378 3531 4448 quid-

254 4485 315 4522 τι
367 4469 478 4523 τῶν
516 4469 824 4541 λεγομένων
870 4472 1354 4543 ἐπιστρεφόμενος.
1398 4472 1515 4536 Πᾶς
1543 4471 1697 4541 λόγος
1724 4472 1753 4524 δ
1781 4488 1844 4539 γε

1952 4493 2115 4548 quam
2166 4491 2357 4531 eorum
2405 4488 2528 4543 qua:
2579 4472 2861 4537 dicuntur,
2915 4471 3273 4527 convertitur.
3339 4468 3531 4525 Omnis

255 4558 481 4630 ἀληθῶς
503 4559 682 4627 λόγος,
721 4562 1028 4631 σημαντικὴ
1070 4561 1155 4624 τίς
1186 4563 1302 4614 ἐστι
1332 4561 1441 4616 τῶν
1480 4563 1599 4615 κατ’
1642 4561 1849 4614 ἔννοιαν

258 4651 583 4721 κινημάτων
609 4652 784 4722 φωνὴ.
827 4651 984 4705 Πᾶσα
1006 4652 1062 4704 δὲ
1092 4652 1190 4723 τῆς
1218 4651 1406 4719 ὑγιοῦς
1427 4652 1666 4716 διανοίας
1694 4653 1850 4724 ἐνέρ-

259 4744 394 4811 γειά
416 4760 478 4796 τε
517 4743 612 4796 καὶ
671 4744 906 4814 κίνησις,
937 4743 1073 4816 πρὸς
1104 4746 1203 4816 τὴν
1240 4745 1351 4799 τῶν
1375 4746 1544 4800 ὄντων
1566 4745 1768 4814 γνῶσίν
1791 4762 1851 4798 τε

258 4837 360 4889 καὶ
392 4835 645 4906 θεωρίαν,
668 4836 745 4899 ὡς
766 4835 833 4890 ἂν
862 4832 974 4890 οἶόν
1000 4854 1059 4890 τε
1103 4834 1159 4912 ᾗ,
1193 4837 1403 4908 βλέπει.
1427 4838 1560 4908 Διχῆ
1589 4838 1646 4892 δὲ
1681 4840 1853 4911 μεμέ-

262 4945 450 5001 ρισται
505 4928 616 4982 τῶν
653 4929 822 4982 ὄντων
854 4932 888 5000 ὴ
921 4929 1101 4999 φύσις,
1156 4929 1235 4993 είς
1276 4947 1335 4982 τε
1358 4929 1420 4981 τὸ
1463 4930 1652 5001 νοητὸν
1679 4932 1773 4985 καί⁵
1794 4932 1854 4985 τὸ

238 5020 524 5088 ἀἰσθητὸν
554 5020 904 5093 διαιρουμένη
927 5039 941 5053 ·
982 5022 1121 5075 ἀλλὰ
1147 5021 1255 5075 τῶν
1286 5021 1385 5092 μὲν
1427 5024 1547 5075 κατέ
1603 5023 1853 5093 αίσθηοιν

261 5114 630 5185 φαινομένων,
672 5114 761 5168 διὰ
824 5115 887 5168 τὸ
942 5115 1231 5186 πρόχειρον
1287 5113 1386 5183 τῆς
1436 5113 1814 5179 κατανοήσεως
1836 5155 1851 5180 ,

261 5203 420 5274 κοινή
464 5203 749 5275 πρόκειται
808 5206 976 5258 πᾶσιν
1005 5207 1040 5275 ή
1072 5203 1270 5274 γνῶσις
1294 5220 1307 5234 ·
1355 5203 1613 5273 οὐδεμίαν
1640 5204 1766 5274 περὶ
1793 5204 1855 5258 τὸ

261 5295 629 5364 ὑποκείμενον
665 5296 995 5367 ἀμφιϐολίαν
1028 5296 1365 5366 ἐμποιούσης
1401 5295 1501 5363 τῆς
1532 5295 1854 5366 αξσθτὶτικῆς

261 5385 601 5453 ἐπικρίσεως
624 5401 639 5415 ⁸
668 5388 767 5450 τὰς
791 5403 850 5440 τε
877 5389 986 5458 γὰρ
1014 5386 1123 5440 τῶν
1145 5388 1471 5458 χρωμάτων,
1500 5390 1594 5442 καὶ
1623 5389 1733 5441 τῶν
1752 5388 1856 5442 λοι-

262 5473 390 5526 πῶν
412 5476 713 5547 ποιοτήτων
737 5477 1023 5547 διαφορὰς,
1047 5478 1178 5541 ὅσας
1210 5478 1299 5532 διὰ
1339 5479 1439 5550 τῆς
1465 5480 1640 5549 ὂψεως
1670 5480 1764 5533 καὶ
1782 5480 1851 5534 δι’

260 5567 463 5636 ἀκοῆς,
488 5566 521 5638 ἢ
550 5568 891 5639 ὀσφρήσεως.
927 5570 961 5640 ἢ
1019 5569 1120 5639 τῆς
1172 5570 1313 5624 κατὰ
1357 5571 1455 5642 τὴν
1494 5571 1715 5643 ἀφὴν,ἢ
1752 5572 1851 5644 τὴν

261 5653 462 5722 γεῦσιν
490 5657 795 5730 αἰσθήσεως
833 5659 1206 5732 ὲπικρίνομεν,
1243 5661 1540 5732 ὁμοφώνως
1566 5664 1765 5727 πάντες
1797 5663 1848 5717 οἰ

248 5756 368 5827 τῆς
394 5749 563 5823 αὐτῆς
587 5754 969 5821 κοινωνοῦντες
1005 5755 1243 5828 φύσεως,
1294 5756 1631 5830 γινώσκομέν
1664 5776 1725 5811 τε
1755 5760 1847 5813 καὶ

1954 4583 2134 4624 sermo
2163 4569 2405 4638 quivere
2432 4573 2518 4622 est
2546 4579 2748 4628 sermo,
2792 4563 3147 4634 signiﬁcativa
3180 4570 3265 4618 est
3297 4577 3399 4617 vox
3430 4562 3531 4616 im-

1952 4661 2264 4730 pnlsionum
2294 4674 2415 4730 quae
2445 4658 2499 4713 in
2539 4665 2721 4713 mente
2758 4657 2912 4709 fiunt.
2940 4653 3132 4710 Omnis
3170 4661 3352 4708 autem
3385 4667 3533 4709 sana:

1952 4752 2300 4825 cogitationis
2322 4751 2528 4806 functio
2551 4758 2605 4806 et
2629 4748 2854 4820 agitatio
2872 4747 2937 4801 ad
2956 4761 3138 4801 rerum
3166 4746 3532 4816 cognitionem

1952 4856 2009 4902 et
2059 4842 2576 4914 contemplationem
2627 4837 2808 4909 quoad
2842 4844 3020 4907 potest
3064 4842 3293 4905 spectat.
3329 4832 3532 4889 Rerum

1954 4945 2135 4991 autem
2168 4942 2363 4989 natura
2392 4931 2652 5003 bipartito
2677 4938 2800 4993 est;
2838 4928 3010 4983 altera
3060 4937 3243 4982 mente
3264 4924 3533 4987 cernitur,

1954 5043 2119 5085 sensu
2147 5028 2318 5083 altera
2346 5024 2683 5098 percipitur;
2724 5019 2819 5076 sed
2847 5020 2971 5089 ejus
3031 5034 3155 5089 quae
3207 5017 3396 5073 sensui
3426 5028 3532 5086 pa-

1955 5127 2050 5184 tet,
2077 5117 2203 5190 quia
2230 5121 2302 5176 sit
2325 5118 2381 5173 in
2415 5114 2581 5172 sensu
2606 5122 2662 5168 et
2694 5110 2854 5166 facile
2877 5118 3259 5180 cognoscatur,
3288 5119 3534 5161 commu-

1954 5211 2038 5266 nis
2054 5210 2310 5265 omnibus
2336 5206 2662 5277 proponitur
2676 5203 2940 5274 cognitio,
2961 5201 3163 5255 nullam
3192 5199 3260 5255 de
3280 5198 3534 5266 subiecto

1954 5301 2360 5371 ambiguitatem
2419 5297 2652 5355 faciente
2704 5309 2964 5350 sensuum
3005 5291 3253 5362 judicio:
3288 5289 3534 5344 colorum

1952 5394 2099 5449 enim
2132 5389 2471 5445 differentias
2490 5398 2545 5444 et
2569 5387 2903 5457 reliquarum
2952 5384 3274 5455 qualitatum
3302 5383 3535 5438 varieta-

1953 5495 2038 5543 tes
2065 5501 2162 5557 per
2188 5485 2365 5539 visum
2389 5489 2444 5538 et
2466 5482 2735 5544 auditum,
2764 5480 2845 5534 vel
2859 5478 3171 5542 odoratum,
3192 5478 3273 5533 vel
3301 5485 3531 5537 tactum,

1959 5579 2042 5633 vel
2074 5584 2349 5647 gustatum
2369 5573 2758 5643 dijudicamus.
2776 5570 3021 5627 unanimi
3049 5584 3319 5625 consensu
3343 5583 3539 5624 omnes

1951 5669 2043 5739 qui
2063 5675 2272 5722 natura:
2292 5664 2599 5719 communis
2631 5671 2760 5718 sunt
2778 5662 3070 5733 participes
3082 5661 3463 5732 cognoscimus
3483 5668 3533 5714 et

1951 5760 2317 5814 nominamus.
2344 5754 2407 5808 Et
2426 5755 2629 5826 reliqua
2647 5769 2983 5826 quacunque
3000 5752 3533 5826 comprehensionem
