4010 6212
477 280 618 336 {tua

1737 288 1792 341 S.
1825 286 2148 342 GREGOBII
2184 284 2465 340 NVSSENI

3593 273 3744 333 HM

469 402 819 464 exteriorem,
840 404 1126 473 magisque
1145 421 1238 474 per
1250 422 1463 461 summa
1486 420 1834 478 apparentem
1863 410 2060 463 habere

2183 407 2518 477 ινομάζομεν,
2548 406 2639 458 καὶ
2665 407 2762 457 ὅσα
2799 404 2902 456 τῶν
2932 399 3131 456 λοιπῶν
3163 400 3258 468 τὴν
3294 395 3605 466 κατάληψιν
3630 397 3745 448 lm-

469 492 867 561 videutur.qu:e
891 494 944 548 in
983 495 1089 550 vita
1112 507 1296 552 nostra
1326 508 1694 564 versantur,et
1725 517 1842 571 qu.e
1873 501 1938 554 ad
1973 502 2054 554 ci-

468 583 629 634 vilem
657 583 821 635 vitam
876 589 931 638 et
959 583 1026 643 ad
1054 587 1314 642 moralem
1345 589 1468 643 vita:
1497 604 1723 660 scopum
1751 591 2051 660 pertinent.

469 672 538 722 At
567 686 696 724 vero
720 673 770 724 in
802 675 1266 744 contemplatione
1295 686 1502 731 natura:
1533 679 1909 749 intelligentis,
1965 695 2056 733 so-

475 762 637 831 laque
665 773 845 819 mente
870 767 1262 837 perceptibilis,
1286 769 1413 839 quia
1439 769 1556 839 ipsa
1583 785 1748 840 supra
1785 786 2054 826 sensuum

470 855 1015 923 comprehensionem
1038 860 1142 912 sita
1159 869 1262 927 est,
1282 860 1731 930 conjecturaliter
1752 863 2058 931 intelligen-

474 947 550 998 tia
575 955 858 1016 appetente
888 964 950 1002 ea
985 965 1106 1019 qua:
1129 966 1351 1008 sensum
1374 951 1658 1023 cﬂugiunt,
1682 953 1772 1007 alii
1809 953 1966 1007 aliter
1991 951 2056 1005 ad

476 1037 528 1091 id
559 1039 700 1106 quod
730 1040 990 1109 quaeritur
1023 1058 1323 1108 movemur,
1352 1043 1652 1099 secundum
1683 1060 1800 1100 eam
1825 1061 1946 1114 quae
1973 1044 2058 1098 in-

477 1137 766 1195 generatur
818 1133 1015 1201 cuique
1039 1134 1107 1189 de
1153 1135 1402 1206 subjecto
1436 1135 1848 1206 intelligentiam
1878 1134 2058 1205 quoad

478 1220 594 1274 fieri
624 1231 802 1290 potest
826 1225 1023 1279 mentis
1050 1236 1380 1297 conceptum
1437 1227 1818 1289 enuntiamus,
1861 1241 2058 1296 appro-

479 1313 832 1382 pinquantes,
866 1323 926 1369 ut
955 1315 1080 1371 licet
1096 1319 1351 1383 maxime,
1377 1319 1444 1374 ad
1468 1319 1867 1373 intellectorum
1893 1317 2059 1372 facul-

480 1410 644 1456 tatem
704 1421 799 1474 per
855 1407 1151 1462 verborum
1200 1409 1494 1465 dilucidam
1577 1408 2058 1480 significationem.

552 1497 608 1548 In
639 1495 725 1550 his
747 1508 924 1553 autem
961 1514 1104 1570 saepe
1131 1500 1254 1556 licet
1286 1516 1383 1572 per
1414 1509 1646 1571 utraque
1686 1499 1830 1572 quod
1861 1499 2062 1570 quaeri-

484 1595 572 1639 tur
604 1587 860 1652 ohtineri,
907 1605 1031 1644 cum
1085 1606 1186 1646 nec
1242 1592 1601 1663 intelligentia
1658 1593 1873 1647 aberret
1925 1607 1954 1644 a
2006 1605 2064 1644 re

482 1679 733 1748 quaesita.
759 1689 811 1733 et
841 1696 942 1734 vox
983 1682 1196 1737 directo
1265 1683 1466 1738 mentis
1488 1691 1814 1753 conceptum
1839 1698 1936 1752 per
1965 1697 2063 1736 na-

2165 500 2514 569 πολαιοτέραν
2539 497 2678 566 ἔχειν
2722 497 2867 549 δοκεῖ
2897 493 3035 548 κατὰ
3070 493 3160 545 τὸν
3189 491 3300 560 βίον
3333 487 3748 558 ἀναστρεφομέ-

2163 609 2268 642 νων
2296 590 2655 660 πραγμάτων,
2706 588 2741 642 ὃ.
2781 587 2914 657 πρός
2964 603 3020 637 τε
3068 585 3159 636 τὸν
3191 581 3489 642 πολιτικὸν,
3532 579 3748 633 καὶτὸν

2165 681 2353 749 ἠθικὸν
2386 680 2478 734 τοῦ
2515 679 2628 749 βίου
2659 679 2858 730 σκοπὸν
2907 676 3276 743 καταγίνεται.
3317 674 3406 725 Ἐν
3437 673 3494 726 δὲ
3523 675 3593 741 τῇ
3618 671 3748 724 Batn-

2167 773 2258 844 ρίᾳ
2291 774 2386 843 τῆς
2411 774 2599 842 νοερᾶς
2625 770 2857 838 φύσεως,
2883 768 2969 820 διά
2993 768 3051 819 το
3078 765 3435 836 ὑπερκεῖσθαι
3457 763 3633 833 αὐτὴν
3652 763 3751 832 τῆς

2165 863 2486 933 αἰσθητικῆς
2553 861 2929 932 καταλήψεως,
2985 857 3352 928 στοχαστικῶς
3384 857 3484 926 τῆς
3507 855 3750 917 διανοίας

2167 952 2572 1023 ἐπορεγομένης
2606 951 2708 1004 τῶν
2741 949 3115 1020 ὲκφευγόντων
3145 947 3242 1018 τήν
3282 946 3558 1017 αἴσθησιν.
3602 946 3752 998 ilict

2167 1045 2342 1107 ἄλλως
2389 1041 2686 1112 κινούμεθά
2741 1059 2800 1094 τε
2855 1041 2984 1111 περὶ
3011 1041 3070 1092 τὸ
3102 1039 3452 1108 ζητούμενον,
3487 1038 3584 1090 καὶ
3618 1037 3752 1088 κατᾶ

2167 1138 2266 1206 τὴν
2324 1135 2678 1206 ὲγγινομένην
2719 1135 2932 1204 ἑκάστῳ
2966 1133 3090 1201 περὶ
3137 1131 3194 1183 τὸ
3228 1129 3591 1198 ὑποκείμενον
3638 1127 3749 1178 διά-

2168 1245 2335 1293 νοιαν,
2365 1230 2511 1290 ὅπως
2536 1223 2648 1280 οἶόν
2671 1244 2728 1280 τε
2755 1223 2810 1297 ᾗ,
2841 1227 2902 1279 τὸ
2931 1224 3119 1290 νοηθὲν
3149 1221 3564 1290 ἐξαγγέλλομεν,
3606 1218 3755 1284 in!!—

2170 1320 2352 1384 ζοντες
2381 1320 2455 1382 ὼς
2490 1319 2568 1371 ἔνι
2598 1320 2828 1388 μάλιστα
2863 1321 2926 1387 τῇ
2958 1317 3180 1385 δυνάμει
3214 1301 3320 1366 τῶν
3344 1311 3645 1380 νοηθέντιυν
3669 1310 3755 1362 διὰ

2169 1413 2266 1481 τῆς
2291 1412 2396 1464 τῶν
2429 1410 2688 1480 ῥημάτων
2722 1409 3034 1478 ἐμφάσεως.

2255 1503 2342 1554 Ἐν
2358 1501 2416 1554 δὲ
2443 1501 2650 1562 τούτοις
2685 1499 2795 1552 ἔστι
2821 1498 2916 1567 μὲν
2942 1495 3197 1556 πολλάκις
3213 1493 3306 1546 καὶ
3333 1493 3397 1546 δι’
3427 1493 3757 1562 ἀμφοτέρων

2170 1588 2576 1660 κατορθωθῆναι
2611 1589 2671 1638 τὸ
2708 1585 3138 1654 σπουδαζόμενον
3167 1583 3265 1650 τῆς
3293 1599 3351 1634 τε
3388 1580 3625 1636 διανοίας
3659 1581 3761 1650 οὑχ

2171 1682 2521 1754 ἁμαρτούσης
2552 1679 2645 1732 τοῦ
2686 1677 3041 1748 ζητουμένου,
3073 1675 3167 1727 καὶ
3199 1673 3298 1742 τῆς
3326 1673 3505 1742 φωνῆς
3537 1671 3765 1724 εὑθύϐὀι

485 1771 651 1824 tivam
680 1773 1182 1844 interpretationem
1237 1775 1503 1830 enuntiet.
1536 1774 1810 1830 Interdum
1837 1773 2072 1828 fortasse

2183 1778 2275 1837 lto;
2335 1773 2396 1826 τὸ
2436 1771 2625 1843 νοηθὲν
2649 1771 2736 1822 διὰ
2782 1769 2881 1837 τῆς
2917 1759 3225 1838 προσῴυοῦς
3259 1765 3545 1834 ἑρμηνείας
3592 1763 3767 1830 ἐξαγ-

485 1863 684 1917 accidit
713 1865 780 1918 ab
811 1865 1059 1942 utrisque
1091 1865 1171 1920 vel
1205 1867 1396 1920 horum
1421 1867 1592 1921 altero
1621 1867 1896 1927 aberrare,
1943 1881 2068 1919 cum

485 1955 570 2008 vel
617 1956 1070 2025 comprehensiva
1113 1947 1496 2027 intelligentia,
1527 1958 1612 2012 vel
1665 1957 2073 2026 interpretativa

487 2044 720 2099 facultas
753 2045 822 2098 ab
853 2060 918 2098 eo
943 2045 1086 2115 quod
1118 2046 1396 2109 convenit,
1424 2045 1779 2100 transversim
1803 2053 1857 2100 et
1888 2060 2074 2115 perpe-

486 2150 604 2187 ram
649 2134 838 2188 fertur.
900 2136 1036 2188 Cum
1089 2136 1254 2206 igitur
1311 2136 1420 2190 duo
1477 2135 1812 2206 sintquibus
1857 2136 2076 2189 omnino

485 2225 663 2277 nralio
688 2224 964 2295 dirigitur,
991 2241 1186 2295 nempe
1209 2233 1355 2281 certa
1388 2226 1732 2281 confirmatio
1762 2227 1876 2281 sive
1913 2242 2074 2282 secu-

488 2316 644 2378 ritas,
679 2331 799 2385 quae
826 2315 882 2369 fit
919 2315 971 2369 in
1004 2324 1185 2372 mente
1223 2327 1275 2373 et
1301 2318 1658 2388 intelligentia
1691 2335 1706 2384 ;
1761 2327 1815 2372 et
1845 2334 1964 2388 qua:
1991 2327 2078 2375 est

491 2410 544 2461 in
577 2408 756 2462 verbis
789 2409 1040 2477 prolatio,
1067 2411 1416 2478 prmstantius
1440 2425 1654 2478 semper
1677 2408 1894 2479 quidem
1917 2410 2080 2464 fuerit

489 2495 631 2566 quod
659 2511 752 2567 per
777 2505 1066 2566 utrumque
1096 2499 1379 2566 probatur.
1408 2496 1526 2552 Non
1554 2499 1734 2553 minus
1767 2507 1950 2553 autem
1969 2499 2073 2554 bo-

490 2604 621 2642 num
647 2605 675 2641 a
712 2588 1061 2643 convenienti
1093 2588 1356 2659 Opinione
1385 2603 1493 2643 non
1520 2589 1798 2654 aberrare,
1829 2590 2080 2660 quamvis

491 2680 848 2750 intelligentia
915 2681 1093 2734 oratio
1177 2679 1248 2735 sit
1304 2680 1549 2735 inferior.
1608 2680 1744 2735 Cum
1811 2682 1973 2752 igitur
2026 2683 2080 2735 in

491 2771 720 2826 excelsi:
793 2779 846 2825 et
907 2771 1080 2826 aciem
1113 2772 1396 2826 oculorum
1445 2771 1829 2842 ell'ugicntibus
1881 2773 2080 2829 intelli-

494 2862 671 2929 gentia
733 2859 973 2916 studium
1011 2867 1064 2916 et
1107 2875 1327 2931 operam
1366 2863 1556 2932 ponit,
1611 2863 1676 2917 ad
1725 2880 1848 2934 qua:
1885 2879 2085 2921 sensus

497 2968 601 3006 non
642 2953 888 3021 pervenit
921 2970 933 3007 :
967 2953 1163 3022 loquor
1195 2961 1376 3007 autem
1426 2953 1494 3008 de
1514 2954 1697 3008 divina
1727 2965 1781 3010 et
1817 2955 2082 3010 ineffabili

497 3051 714 3104 natura,
748 3042 800 3096 in
830 3041 1027 3113 quibus
1062 3041 1240 3096 audax
1298 3042 1511 3101 facinus
1545 3051 1693 3099 esset
1746 3053 1992 3115 prompte
2029 3053 2081 3100 et

496 3135 605 3189 cito
639 3135 994 3204 intelligentia
1021 3134 1149 3204 quid
1181 3148 1411 3204 capere;
1441 3133 1535 3189 sed
1561 3135 1825 3190 audacius
1853 3135 2080 3206 quibus-

498 3223 630 3278 libet
659 3224 882 3278 vocibus
916 3223 1256 3278 committere
1302 3222 1422 3291 ejus
1448 3239 1572 3294 qute
1597 3225 1754 3279 nobis
1787 3224 2071 3295 ingenera—

431 3301 438 3306 ’
501 3324 588 3366 tur
609 3313 885 3381 opinionis
905 3313 1436 3382 interpretationem,
1457 3322 1590 3368 tunc
1609 3315 2080 3384 valerejubentes.

501 3403 593 3470 qui
621 3412 704 3458 est
741 3403 795 3456 in
834 3403 1035 3469 verbis,
1070 3417 1290 3466 sonum,
1322 3404 1401 3474 sic
1428 3403 1512 3458 vel
1560 3405 1719 3461 aliter
1747 3407 2084 3476 loquentium

501 3493 710 3548 viribus
735 3493 1100 3561 enuntiatum,
1156 3494 1327 3550 solam
1363 3510 1486 3566 qua:
1523 3495 1706 3554 verbis
1751 3497 2087 3568 significatur

504 3585 915 3657 intelligentiam
973 3587 1315 3657 exquirimus
1346 3596 1531 3642 utrum
1594 3603 1748 3654 sane,
1790 3589 1904 3646 sive
1931 3589 2088 3646 aliter

505 3676 685 3740 habet,
711 3676 810 3731 has
843 3677 1088 3733 verbales
1115 3678 1200 3734 vel
1221 3680 1524 3740 nominales
1547 3680 1880 3737 subtilitates
1910 3697 2090 3752 gram-

509 3770 849 3825 matistarum
907 3769 1118 3827 artibus
1155 3771 1522 3828 concedentes
1567 3789 1583 3829 :
1619 3773 1878 3844 quoniam
1925 3774 2089 3844 igitur

506 3861 623 3916 sola
640 3877 759 3930 qua:
776 3870 1186 3931 cognoscuntur
1207 3877 1302 3932 per
1322 3863 1651 3919 nominalem
1671 3864 2088 3936 appellationem

507 3953 832 4024 signamus;
869 3968 990 4024 quae
1024 3969 1152 4009 vero
1185 3955 1553 4026 cognitionem
1591 3963 1870 4025 superant,
1893 3955 2090 4010 notivis

507 4045 830 4116 quibusdam
873 4047 1323 4118 appellationibus
1374 4047 1659 4117 complecti
1711 4045 1791 4102 fas
1841 4061 1949 4101 non
1983 4054 2087 4102 est.

508 4137 791 4204 Quomodo
807 4139 948 4193 enim
968 4139 1113 4209 quod
1138 4139 1420 4211 ignoratur
1442 4146 1725 4194 notaretur
1743 4139 1766 4192 Υ
1799 4137 2091 4209 Propterea

510 4245 632 4285 cum
680 4229 828 4284 nulla
885 4230 942 4284 in
982 4231 1118 4300 ipsis
1167 4231 1353 4286 nativa
1417 4229 1730 4284 inveniatur
1777 4229 2088 4300 appellatio,

509 4336 630 4390 qua
663 4309 965 4390 subjectum
999 4322 1157 4391 plane
1187 4321 1480 4393 exprimat,
1535 4321 1724 4376 multis
1751 4328 1806 4376 et
1853 4320 2090 4376 diversis

511 4411 840 4474 nominibus,
903 4412 1084 4483 quoad
1115 4412 1229 4468 fleri
1283 4421 1480 4482 potest,
1512 4410 1582 4466 de
1610 4411 1896 4467 divinitate
1923 4411 2082 4466 inna-
2122 4427 2166 4482 ι)

515 4514 622 4557 tam
654 4503 810 4558 nobis
856 4502 1170 4572 opinionem
1205 4501 1447 4558 revelare
1483 4501 1753 4572 cogimur.
1796 4499 2089 4557 Verumta-

515 4611 634 4648 men
666 4611 786 4665 qua:
855 4597 907 4648 in
959 4604 1202 4652 nostram
1265 4594 1810 4664 comprehensionem
1865 4593 2088 4658 cadunt,

515 4688 641 4742 talia
674 4696 821 4751 sunt,
853 4697 911 4742 ut
937 4689 1180 4750 omnino,
1217 4687 1300 4743 vel
1328 4687 1381 4741 in
1428 4687 1611 4756 aliqua
1645 4687 1948 4743 intervallis
2007 4687 2091 4742 di-

515 4779 714 4832 slincta
741 4780 1064 4834 extensione
1109 4778 1552 4841 considerentur,
1593 4778 1676 4832 vel
1705 4778 1890 4834 localis
1926 4793 2092 4846 capa-

514 4869 697 4924 citatis
730 4869 977 4923 notitiam
1004 4871 1302 4940 praebeant,
1335 4871 1390 4925 in
1445 4883 1553 4940 qua
1618 4868 1920 4939 singularia
1970 4885 2093 4925 esse

515 4959 1088 5030 comprehenduntur;
1129 4963 1215 5017 vel
1243 4965 1297 5017 in
1339 4961 1592 5034 principii
1620 4971 1673 5016 et
1719 4961 1842 5016 linis
1893 4961 2094 5017 descri-

518 5052 783 5121 ptione‘in
817 5058 1008 5106 nostro
1055 5058 1353 5120 conspectu
1395 5051 1554 5112 fiunt,
1607 5065 1672 5105 ex
1703 5065 1862 5120 aequo
1890 5065 2091 5104 secun~

516 5140 644 5194 dum
682 5149 972 5210 utrmnque
1011 5140 1304 5195 terminum
1338 5155 1404 5194 eo
1438 5139 1583 5208 quod
1624 5155 1730 5193 non
1761 5151 1844 5194 est
1875 5139 2089 5208 incipit,

517 5242 568 5287 ct
596 5235 648 5288 in
687 5233 736 5288 id
760 5233 904 5304 quod
936 5247 1043 5288 non
1075 5240 1157 5288 est
1181 5231 1423 5299 desinit;
1459 5231 1540 5287 vel
1568 5232 1712 5301 quod
1736 5232 1982 5286 omnium
2009 5239 2093 5286 est

522 5334 881 5393 postremum,
911 5341 1006 5395 per
1041 5323 1410 5394 corporalium
1449 5323 1775 5394 qualitatum
1818 5322 2093 5391 composi-

521 5417 746 5477 tionem,
776 5417 921 5487 quod
953 5425 1179 5488 apparet
1213 5414 1754 5486 comprehendimus,
1806 5415 1896 5467 cui
1926 5421 1979 5467 et
2009 5413 2092 5468 in-

524 5509 718 5560 teritus
749 5516 801 5561 et
835 5509 1134 5578 perpessio,
1167 5518 1220 5563 et
1249 5509 1560 5571 conversio,
1594 5516 1649 5563 et
1681 5506 2007 5566 immutatio,
2041 5496 2112 5558 ρι’

525 5613 644 5665 que
705 5597 1033 5665 hujusmodi,
1090 5598 1338 5668 copulata
1393 5609 1540 5654 sunt.
1606 5597 1967 5663 Quamobrem
2037 5603 2094 5648 ut

529 5687 729 5745 nullam
759 5703 883 5744 cum
924 5689 1085 5746 rebus
1114 5691 1199 5745 his
1224 5690 1425 5746 infimis
1478 5690 1856 5761 cognatione'n
1894 5688 2091 5743 habere

2171 1863 2484 1935 γελλούσης.
2525 1864 2678 1915 Ἐστι
2720 1862 2776 1914 δὲ
2830 1861 2992 1930 τυχὸν
3034 1859 3126 1912 καὶ⁵
3179 1857 3520 1927 ἀμφοτέρων,
3571 1855 3603 1925 ἦ
3659 1854 3766 1908 τοῦ

2174 1957 2360 2027 ἑτέρου
2407 1973 2468 2023 γε
2526 1955 2728 2008 τούτων
2781 1955 3093 2020 ἀποτυχεῖν,
3131 1951 3162 2021 ἢ
3210 1950 3312 2019 τῆς
3344 1949 3770 2017 καταληπτικῆς

2175 2048 2430 2110 διανοίας,
2477 2046 2510 2116 ἢ
2562 2046 2660 2114 τῆς
2698 2043 3095 2115 ἑρμηνευτικῆς
3140 2041 3416 2110 δυνάμεως
3456 2038 3549 2092 τοῦ
3583 2055 3768 2108 προσ-

2177 2141 2400 2209 ήκοντος
2426 2134 2866 2205 παρενεχθείσης.
2891 2131 2995 2185 Δύο
3017 2132 3195 2184 τοίνυν
3223 2130 3390 2183 ὅντων
3410 2129 3475 2182 δι’
3498 2122 3575 2182 ὧν
3610 2131 3772 2190 ἄπας

2178 2230 2459 2283 εὐθύνεται
2503 2227 2678 2294 λόγος,
2721 2229 2822 2296 τῆς
2872 2241 2930 2277 τε
2976 2223 3116 2276 κατὰ
3150 2223 3238 2274 τὸν
3281 2222 3407 2276 νοῦν
3434 2221 3772 2290 ἀσφαλείας,

2178 2324 2272 2375 καὶ
2310 2323 2408 2391 τῆς
2437 2323 2493 2374 ὲν
2528 2320 2732 2388 ῥήμασι
2762 2318 3060 2388 προφορᾶς,
3094 2317 3335 2386 κρεῖττον
3367 2315 3462 2384 μὲν
3493 2305 3558 2367 ἄν
3585 2313 3682 2382 εἴη
3709 2313 3778 2365 τὺ

2178 2410 2242 2462 δι’
2271 2409 2594 2480 ἀμφοτέρων
2631 2405 2933 2476 εὐδόκιμον.
2991 2405 3102 2473 Οὑχ
3136 2397 3296 2474 ἦττον
3316 2402 3370 2454 δὲ
3408 2402 3632 2470 ἀγαθὸν,
3666 2401 3779 2469 τῆς

2183 2500 2563 2572 προσηκούσης
2598 2498 2671 2568 μὴ
2712 2497 3030 2568 διαμαρτεῖν
3052 2494 3389 2564 ὑπολήψεως,
3414 2494 3516 2547 κᾶν
3551 2495 3578 2545 ὁ
3601 2493 3784 2560 λόγος

2181 2591 2414 2644 ᾶλάττων
2469 2589 2566 2658 τῆς
2618 2586 2858 2649 διανοίας
2913 2584 3173 2654 τυγχάνῃ.
3204 2584 3373 2636 Ὅταν
3418 2584 3591 2635 τοίνυν
3631 2582 3785 2652 περὶ

2181 2681 2291 2735 τῶν
2321 2679 2538 2750 ὑψηλῶν
2562 2679 2656 2732 καὶ
2688 2678 2931 2732 ἀθεάτων
2954 2680 2985 2747 ἡ
3008 2677 3214 2730 διάνοια
3236 2676 3332 2744 τὴν
3360 2674 3586 2742 σπουδὴν
3614 2673 3776 2741 ἕχει,

2182 2769 2256 2828 ὧν
2281 2774 2382 2827 οὑκ
2397 2773 2744 2840 ὲφικνεῖταιή
2768 2769 3048 2840 αἴσθησις·
3077 2767 3217 2835 λέγω
3249 2767 3304 2818 δὲ
3337 2767 3458 2835 περὶ
3487 2765 3580 2834 τῆς
3605 2763 3791 2823 θείας

2183 2865 2278 2920 καὶ
2327 2865 2606 2934 ἀφράστου
2651 2861 2891 2931 φύσεως·
2927 2865 2984 2914 ἐν
3026 2855 3106 2924 οἷς
3139 2858 3406 2930 τολμηρὸν
3437 2853 3502 2926 ἧν
3558 2857 3666 2907 καὶ
3724 2855 3793 2906 τὸ

2185 2955 2486 3026 προχείρως
2515 2971 2568 3006 τι
2589 2957 2655 3024 τῇ
2683 2953 2888 3022 διανοίᾳ.
2916 2951 3121 3011 λαϐεῖν,
3141 2949 3534 3020 τολμηρότερον
3553 2945 3614 2998 δὲ
3652 2948 3792 3007 ιταῇ

2187 3043 2563 3114 ὲπιτνχούσαις
2587 3042 2898 3112 ἐπιτρέπειν
2913 3043 3134 3110 φωναῖς,
3163 3040 3260 3110 τὴν
3287 3037 3384 3108 τῆς
3409 3034 3794 3104 ἐγγινομένης

2184 3137 2314 3207 ήμῖν
2347 3132 2663 3202 ὑπολήψεως
2722 3131 3033 3200 ἑρμηνείαν,
3091 3129 3208 3181 τότε
3261 3127 3468 3197 χαίρειν
3501 3125 3794 3183 ἐάσαντες

2183 3223 2274 3276 τὸν
2301 3226 2358 3277 ὲν
2398 3225 2506 3286 τοῖς
2537 3223 2772 3294 ῥήμασιν
2795 3217 2948 3290 ἦχον,
2977 3219 3148 3281 οὕτως
3178 3218 3211 3288 ἢ
3262 3215 3455 3286 ἑτέρως
3489 3212 3641 3264 κατά
3682 3215 3794 3282 τὴν

2183 3313 2411 3382 δύναμιν
2439 3313 2546 3364 τῶν
2567 3310 2953 3380 φθεγγομένων
2977 3306 3449 3376 ὲξαγγελλόμενον,
3483 3302 3664 3372 μάνην
3696 3301 3786 3366 ἒξο

2186 3400 2450 3471 ετάζομεν
2507 3399 2604 3471 τὴν
2659 3400 2896 3452 διάνοιαν
2943 3396 3038 3467 τὴν
3088 3395 3489 3464 ἐμφαινομένην
3519 3393 3643 3452 τοῖς
3687 3393 3799 3458 ῥή-

2190 3509 2375 3562 μασιν,
2427 3495 2538 3546 εἴτε
2590 3491 2775 3560 ὑγιῶς,
2819 3495 2927 3546 εἴτε
2971 3489 3063 3540 καὶ
3111 3486 3278 3547 ἄλλως
3303 3484 3430 3553 ἔχει,
3459 3483 3556 3544 τὰς
3582 3484 3799 3550 ῥημα-

2186 3585 2342 3648 τικὰς
2366 3582 2567 3645 ταύτας
2595 3581 2626 3652 ἦ
2659 3579 3019 3650 ὀ.ομαστικὲις
3060 3577 3456 3648 ἀκριϐολογίας,
3501 3590 3794 3643 γραμμα-

2188 3673 2382 3727 τιστῶν
2402 3673 2615 3741 τέχναις
2638 3671 3154 3740 παραχωρήσαντες.
3178 3667 3392 3735 Ἐπειδὴ
3419 3664 3592 3717 τοίνυν
3634 3665 3791 3732 μόνα

2188 3767 2254 3820 τά
2281 3765 2658 3834 γινωσκόμενα
2701 3762 2791 3814 διὰ
2834 3761 2935 3830 τῆς
2976 3758 3340 3830 ὀνομαστικῆς
3388 3754 3792 3826 σημειούμεθα

2191 3857 2457 3926 κλήσεως,
2497 3855 2564 3907 τὰ
2605 3853 2660 3906 δὲ
2701 3852 2838 3922 ὑπὲρ
2863 3851 2960 3918 τὴν
2991 3851 3192 3920 γνῶσιν
3222 3850 3345 3902 ὄντα
3377 3851 3792 3916 σημειωτικαξ

2189 3964 2300 4000 τισι
2323 3945 2713 4017 προσηγορίαις
2743 3941 3128 4012 διαλαμϐάνειν
3142 3941 3240 4010 οὑχ
3269 3934 3378 3992 οἷόν
3406 3954 3486 3990 τε.
3517 3936 3655 4000 Πῶς
3674 3941 3795 4008 γάρ

2191 4039 2256 4092 ἄν
2285 4056 2368 4101 τις
2390 4039 2450 4089 τὸ
2481 4036 2839 4106 ἀγνοούμενον
2885 4031 3252 4104 σημειώσαιτο
3274 4048 3288 4096 ;
3314 4031 3408 4082 Διά
3428 4027 3582 4082 τοῦτο
3625 4030 3794 4082 οὐδε-

2195 4132 2325 4202 μιᾶς
2353 4131 2438 4182 ἐπ’
2487 4128 2664 4182 αὑτῶν
2690 4125 3002 4197 προσφυοῦς
3052 4122 3440 4193 εὑρισκομένης
3496 4136 3798 4189 προσηγο-

2195 4219 2336 4290 ρίας,
2367 4217 2481 4288 ἢτὸ
2508 4216 2862 4285 ὑποκείμενον
2903 4214 3103 4276 ἱκανῶς
3150 4212 3503 4281 παραστήσει,
3550 4210 3797 4273 πολλοῖς

2193 4308 2287 4361 καὶ
2319 4305 2593 4376 διαφόροις
2639 4303 2916 4373 ὀνόμασιν,
2957 4301 3100 4363 ὅπως
3128 4300 3193 4352 ἂν
3228 4294 3524 4372 ᾗδννατὸν,
3561 4295 3798 4348 ἀνακα-

2193 4398 2355 4468 λύψαι
2380 4394 2672 4466 βιαζόμεθα
2691 4395 2788 4464 τὴν
2805 4391 3171 4462 ἐγγενομένην
3192 4392 3224 4460 ή
3236 4392 3323 4459 μῖν
3345 4405 3410 4440 πε
3420 4388 3470 4456 pl
3489 4385 3581 4437 τοῦ
3606 4389 3797 4440 μείου

2195 4490 2462 4543 ὑπόνοιαν.
2531 4485 2689 4539 Ἀλλά
2739 4485 2845 4555 μὴν
2888 4483 2956 4537 τὰ
2983 4482 3086 4534 ὑπὸ
3131 4479 3428 4549 κατάληψιν
3491 4476 3799 4546 ἡμετέραν

2193 4582 2476 4652 ἐρχόμενα,
2511 4575 2734 4631 τοιαῦτα
2759 4578 2923 4636 ἐστιν,
2954 4574 3095 4626 ὥστε
3139 4573 3371 4633 πάντως,
3401 4569 3432 4638 ή
3461 4570 3516 4621 ὲν
3544 4568 3799 4638 διαστη-

2197 4671 2397 4741 ματικῇ
2419 4684 2523 4721 τινι
2548 4665 2854 4737 παρατάσει
2881 4661 3199 4734 θεωρεῖσθαι
3223 4663 3289 4714 τὰ
3316 4661 3455 4722 ὅντα,
3477 4660 3510 4728 ἢ
3536 4659 3796 4713 τοπιχού

2193 4763 2516 4835 χωρήματος
2548 4759 2806 4830 παρέχειν
2832 4756 2931 4828 τὴν
2965 4756 3190 4816 ἔννοιαν.
3229 4756 3286 4806 ὲν
3387 4752 3448 4804 τά
3492 4749 3618 4805 καθ’
3653 4753 3798 4805 ἐκα-

2195 4873 2317 4910 στον
2347 4852 2484 4908 εἶναι
2503 4851 3000 4922 καταλαμϐάνεται,
3031 4849 3063 4920 ἢ
3100 4852 3164 4918 τῇ
3190 4847 3329 4901 κατὰ
3353 4849 3445 4917 τὴν
3479 4844 3670 4913 ἀρχὴν
3699 4847 3796 4897 καὶ

2192 4951 2252 5004 τὸ
2285 4950 2434 5012 τέλος
2471 4949 2783 5018 περιγραφῇ
2806 4944 2956 5007 ὲντὺς
2987 4943 3194 5012 γίνεται
3217 4942 3314 5010 τῆς
3346 4937 3621 5010 ἡμετέρας
3657 4941 3798 4990 itfi-

2193 5041 2356 5110 ψεως,
2393 5037 2587 5108 ἐπίσης
2615 5036 2734 5089 καθ’
2765 5035 3023 5104 ἑκάτερον
3057 5033 3250 5101 πέρας,
3273 5029 3350 5099 τῷ
3378 5027 3450 5098 μὴ
3470 5026 3585 5078 δντι
3622 5044 3798 5098 περι-

2195 5132 2512 5201 γραῳόμενα
2533 5146 2545 5160 ·
2587 5129 2692 5182 πᾶν
2732 5127 2839 5196 γὰρ
2863 5126 2922 5178 τὸ
2948 5126 3119 5195 ἀρχήν
3150 5140 3208 5175 τε
3237 5124 3335 5175 καὶ
3365 5118 3618 5187 τελευτὴν
3666 5120 3796 5188 ἕχον

2193 5225 2286 5279 τοῦ
2313 5220 2471 5285 εἶναι,
2528 5225 2591 5274 ἐκ
2632 5221 2727 5274 τοῦ
2766 5221 2840 5290 μὴ
2871 5219 3024 5281 ὄντος
3066 5216 3320 5287 ἄρχεται,
3354 5215 3444 5266 καὶ
3489 5214 3570 5274 εἰς
3596 5215 3672 5263 τὸ
3716 5216 3795 5280 μὴ

2195 5318 2254 5371 ὃν
2288 5316 2615 5385 καταλήγει·
2649 5313 2681 5383 ἢ
2711 5313 2772 5366 τὸ
2808 5311 3023 5364 πάντων
3063 5307 3310 5377 ἔσχατον,
3340 5305 3426 5358 διὰ
3455 5306 3557 5373 τῆς
3591 5319 3796 5373 σωμαο

2192 5409 2348 5478 τικῆς
2395 5408 2503 5459 τῶν
2533 5404 2826 5475 ποιοτήτων
2868 5403 3135 5472 συνθήκης
3178 5394 3683 5464 καταλαμϐάνομεν
3731 5397 3795 5446 τὸ

2195 5501 2534 5570 φαινόμενον,
2683 5495 2878 5567 φθορὰ,
2923 5494 3015 5546 καὶ
3070 5489 3262 5551 πάθος,
3306 5489 3398 5541 καὶ
3438 5484 3646 5554 τροπὴ,
3693 5489 3792 5538 καὶ

2195 5594 2492 5653 ἀλλοίωσις,
2551 5589 2644 5643 καὶ
2671 5604 2676 5608 '
2701 5588 2770 5640 τά
2801 5584 3023 5640 τοιαῦτα
3063 5581 3438 5644 συνέζευκται.
3481 5576 3586 5628 Διά
3624 5577 3796 5628 τοῦτο

2196 5686 2267 5749 ὡς
2306 5683 2367 5737 ἂν
2400 5682 2664 5754 μηδεμίαν
2696 5678 2999 5748 οἰκειότητα
3037 5675 3171 5748 πρὸς
3204 5673 3270 5726 τά
3297 5672 3443 5726 κάτω
3469 5670 3789 5739 πράγματα
