4010 6212
249 277 387 335 I105
1381 292 1656 347 CONTRA
1693 288 1827 350 EUN

1936 291 2078 361 IUM,
2120 290 2249 351 LIB.
2282 290 2395 351 XII.
3377 297 3512 359 110⁷8

245 397 279 465 ὴ
315 396 694 469 ὑπερκειμένη
728 398 889 468 φύσις
916 400 1060 473 ἔχειν
1093 404 1297 477 δοκοίη,
1330 412 1441 471 τοῖς
1473 411 1832 481 ἀποχωριστι-

1942 415 2358 483 supereminens
2405 414 2494 466 illa
2541 418 2733 467 natura
2783 410 3055 479 videatur,
3111 392 3429 475 nationibus
3457 428 3511 475 et

246 490 367 550 κοῖς
395 488 506 542 τῶν
525 488 780 543 τοιούτων
817 495 1054 565 νοήμασι
1087 513 1144 548 τε
1200 499 1293 551 καὶ
1344 501 1582 569 ῥήμασιν
1613 503 1706 553 ἐπὶ
1734 504 1832 574 τῆς

1930 506 2113 559 verbis
2178 521 2300 575 qua:
2355 521 2384 557 a
2448 503 2649 558 talibus
2705 512 3018 569 secernant,
3080 499 3134 560 in
3184 506 3368 562 divina
3426 512 3510 565 usi

245 578 403 641 θείας
431 579 744 650 κεχρήμεθα
805 586 1038 651 φύσεως.
1068 587 1142 641 Τὸ
1175 589 1429 660 ὑπεράνω
1453 593 1560 645 τῶν
1601 593 1829 660 αἰώνων,

245 671 577 742 προαιιῖΝιον
624 673 898 743 λέγοντες,
934 679 1116 733 καὶτὸ
1165 680 1305 753 ὑπὲρ
1345 683 1540 754 ἀρχὴν,
1572 684 1827 758 ἄναρχον,

248 764 344 817 καὶ
372 765 434 818 τὸ
462 765 537 837 μὴ
591 766 985 839 τελειούμενον,
1032 772 1404 846 ἀτελεύτητον,
1443 777 1732 848 ἀσώματόν
1768 798 1827 834 τε

246 853 309 906 τὸ
354 854 522 925 χωρὶς
576 854 827 926 σώματος
875 857 975 930 τὴν
1019 861 1313 919 ὑπόστασιν
1359 867 1500 939 ἔχον,
1544 868 1720 923 καὶτὸ
1751 868 1826 940 μὴ

246 945 604 1017 φθειρόμενον
642 948 937 1020 ἄφθαρτον,
983 955 1078 1009 καὶ
1118 957 1177 1010 τὸ
1207 961 1417 1030 τροπῆς
1468 963 1756 1035 ἣπάθους,
1791 963 1823 1034 ἢ

244 1037 583 1103 ἀλλοιώσεως
637 1040 1003 1110 ἀνεπίδεκτον,
1063 1047 1273 1115 ἀπαθὲς
1310 1054 1402 1106 καὶ
1432 1054 1699 1125 ἄτρεπτον
1733 1056 1826 1109 καὶ

239 1127 621 1181 ἀναλλοίωτον.
654 1129 735 1182 Τά
779 1131 835 1184 δὲ
874 1134 1099 1189 τοιαῦτα
1126 1139 1231 1191 τῶν
1257 1140 1558 1211 ὀνομάτων,
1581 1128 1823 1216 τεχνολο-

242 1217 485 1285 γούντων
522 1220 622 1290 μὲν
649 1222 797 1284 ὅπως
821 1221 887 1276 ἂν
990 1226 1146 1295 φίλον
1180 1230 1358 1284 αὐτῶν
1386 1234 1435 1285 oi
1483 1232 1816 1307 βουλόμενοι,

151 1312 157 1317 “
242 1311 336 1362 καὶ
384 1310 624 1381 ὀνόματα
662 1312 797 1366 ἄλλα
827 1315 939 1378 τοϊς
975 1317 1203 1389 ὀνόμασι
1240 1322 1446 1388 τούτοις
1481 1327 1819 1398 ἐφαρμοζόν-

237 1415 349 1454 των
378 1401 690 1472 στέρητικά,
715 1403 1112 1478 ἢάφαιρετικά,
1137 1409 1220 1482 aa
1234 1428 1285 1464 τι
1314 1413 1465 1482 φίλον
1487 1417 1668 1481 αὐτοῖς
1699 1419 1817 1471 ὀνο-

241 1491 532 1561 μάζοντες.

1930 614 2122 655 sumus
2155 608 2372 653 natura.
2406 597 2561 665 Quod
2591 612 2755 668 supra
2784 604 2840 652 et
2878 605 3004 653 ante
3031 600 3231 653 smcula
3254 609 3360 664 est,
3390 603 3496 658 hoc

1929 688 2273 759 προαιώνιον,
2308 700 2561 744 wleruum
2589 689 2857 751 dicentes,
2894 695 2949 742 et
2979 691 3127 759 quod
3162 706 3335 761 supra
3355 693 3508 761 prin-
3552 676 3561 684 ”

1927 780 2431 851 οἱρίιιηι,ἄναρχον,
2468 781 2717 849 principii
2744 795 2965 845 expers;
3027 788 3080 835 et
3144 781 3293 850 quod
3354 784 3506 838 nullo

1927 870 2035 925 ﬁne
2051 871 2377 926 terminatur
2391 872 2859 943 ἀτελεύτητονικαὶ
2883 871 3174 942 ἀσώματον
3198 875 3511 931 intermina-

1927 967 2035 1012 tum
2054 960 2685 1032 iucorporeumque,quo.l
2719 961 2926 1032 absque
2956 979 3187 1034 corpore
3218 966 3497 1035 subsistit;

1922 1058 1977 1103 et
2012 1049 2156 1117 quod
2191 1066 2301 1104 non
2341 1051 2547 1105 interiit
2611 1050 2904 1120 ἄφθαρτον,
2962 1053 3359 1123 incorruptibile
3392 1057 3510 1113 sive

1922 1139 2167 1194 interitus
2191 1156 2417 1211 expers;
2449 1149 2504 1197 et
2530 1141 2675 1212 quod
2701 1143 3089 1200 conversionis
3138 1147 3223 1201 vel
3272 1163 3498 1219 perpeso

1920 1231 2115 1296 sionis,
2142 1232 2230 1287 vel
2289 1233 2690 1287 immutationis
2735 1234 2851 1289 sive
2870 1236 3214 1295 alterationis
3273 1255 3382 1295 non
3419 1249 3504 1295 est

1918 1334 2115 1390 capax,
2151 1321 2469 1391 impatibile,
2525 1323 2850 1388 invertibile,
2902 1325 3248 1393 invariabile,
3297 1328 3500 1385 immu-

1918 1409 2100 1464 tabile.
2142 1408 2296 1464 Talia
2321 1418 2503 1466 autem
2531 1411 2754 1466 nomina
2784 1412 2977 1468 solerti
3024 1413 3259 1472 artiﬁcio
3287 1418 3500 1473 conﬁn-

1850 1510 1852 1513 ‘
1913 1511 2044 1573 gant
2091 1503 2183 1573 qui
2212 1503 2487 1566 volunt,ut
2516 1504 2652 1574 ipsis
2685 1505 2836 1560 cordi
2866 1505 3050 1568 fuerit,
3082 1507 3297 1578 aliaque
3327 1512 3503 1567 nomi-

244 1592 315 1632 na
357 1576 672 1632 nominibus
717 1575 803 1630 his
840 1577 1134 1646 applicent,
1186 1580 1432 1651 privandi
1481 1583 1567 1638 vel
1613 1582 1893 1642 auferendi
1933 1587 2040 1642 vim
2073 1589 2352 1658 habentia,
2378 1594 2461 1648 vel
2512 1595 2656 1662 quod
2689 1595 2824 1665 ipsis
2867 1595 3095 1656 lubebit,
3134 1575 3500 1658 imminantes.

335 1684 397 1736 Ἡ
405 1688 523 1755 μείς
538 1686 593 1739 δὲ
626 1686 719 1740 τοῦ
734 1687 1001 1743 διδάσκειν
1017 1689 1050 1760 ἢ
1074 1689 1364 1761 μανθάνειν
1383 1690 1450 1745 τά
1469 1691 1691 1745 τοιαῦτα
1714 1693 1827 1755 τοῖς

2004 1695 2117 1751 Nos
2156 1708 2338 1754 autem
2375 1699 2608 1756 docendi
2633 1702 2717 1756 vel
2756 1701 3002 1757 discendi
3038 1704 3165 1755 talia
3190 1702 3506 1773 pel-cupidis

252 1780 553 1850 φ.ὶοτίμοις
575 1780 1091 1851 παραχωρήσαντες,
1112 1781 1270 1850 μόνον
1297 1780 1388 1834 τὸν
1413 1783 1536 1834 νοῦν
1564 1781 1829 1847 ἐξετάσω-

252 1888 373 1939 μεν,
398 1873 446 1924 εί
461 1870 558 1938 τῆς
582 1870 839 1935 εὐσεϐοῦς
855 1887 913 1924 τε
932 1872 1025 1924 καὶ
1039 1871 1374 1943 θεοπρεποῦς
1397 1873 1716 1945 ὑπολήψεως
1743 1876 1832 1929 ὲν-

249 1959 341 2020 τϐς
362 1961 530 2022 ἐστιν,
552 1958 585 2028 ἢ
606 1957 936 2030 κεχώρισται
974 1959 1036 2013 El
1060 1958 1157 2030 μὲν
1180 1956 1273 2015 οὖν
1292 1960 1325 2031 ἦ
1343 1961 1443 2015 οὑκ
1470 1957 1537 2033 ἦν
1569 1961 1832 2034 πρότερον

247 2051 276 2105 ὁ
291 2050 423 2115 Θεὸς
440 2050 582 2120 ἤοὺκ
596 2051 746 2106 ἔσται
759 2051 1013 2117 ποτὲ,οὑκ
1026 2051 1089 2105 ἂν
1106 2052 1306 2118 κυρίως
1317 2050 1440 2105 οὔτε
1458 2052 1829 2125 ἀτελεύτητος.

246 2142 371 2196 οὔτε
390 2142 622 2214 ἄναρχος
652 2132 881 2212 λέγοιτο.
925 2142 1196 2208 Ὡσαύτως
1212 2143 1267 2197 δὲ
1293 2143 1416 2198 οὕτε
1443 2143 1821 2209 ἀναλλοίωτος,

246 2233 372 2287 οὔτε
396 2233 706 2305 ἀσώματος,
738 2222 861 2287 οὔτε
884 2234 1161 2305 ἄφθαρτος
1179 2274 1194 2299 ,
1226 2234 1386 2307 εἴπερ
1405 2238 1686 2289 ὑπονοοῖτο
1704 2235 1832 2307 περὶ

248 2325 434 2388 αὑτὸν,
460 2325 492 2398 ἢ
519 2326 756 2399 σῶμα,ἢ
793 2326 990 2399 φθορὰ,
1028 2326 1063 2398 ἢ
1098 2327 1402 2391 ἀλλοίωσις,
1436 2328 1470 2398 ἡ
1491 2345 1543 2381 τι
1571 2327 1827 2381 τοιοῦτον.

249 2416 312 2469 ΕΞ
331 2418 386 2470 δὲ
430 2417 631 2471 τούτων
678 2417 872 2487 εὐαγές
915 2418 1061 2471 ἐστιν
1087 2417 1237 2471 οὐδὲν
1264 2435 1331 2470 πε
1343 2419 1394 2490 pl.
1417 2418 1579 2471 αὑτὸν
1608 2420 1827 2481 ἐννοεῖν,

250 2509 445 2572 ἀσεϐὲς
469 2508 537 2563 ἂν
566 2510 652 2582 εἴη
680 2509 896 2574 πάντως
919 2511 1031 2573 τοῖς
1051 2513 1398 2581 χωριστικοῖς
1425 2509 1532 2564 τῶν
1555 2512 1830 2581 ἀπεμφαι-

250 2601 454 2654 νὸντων
510 2601 749 2671 ῥήμασιν
784 2601 869 2654 ἐπ’
918 2601 1082 2655 αὑτοῦ
1136 2601 1473 2672 κεχρῆσθαι,
1514 2601 1609 2656 καὶ
1651 2602 1830 2671 λέγειν

251 2691 426 2744 ταῦτα
453 2690 487 2744 ἃ.
531 2691 631 2763 ἢδη
678 2691 934 2756 πολλάκις
974 2693 1294 2766 εἰρήκαμεν,
1335 2692 1614 2767 ἄφθαρτόν
1645 2711 1704 2748 τε
1736 2695 1831 2751 καὶ

253 2779 608 2851 ἀτελεᾶτητον
642 2784 734 2837 καὶ
755 2785 1070 2857 ἀγέννητον,
1105 2788 1199 2841 καὶ
1231 2788 1332 2843 ὃσα
1358 2787 1452 2842 τοῦ
1475 2788 1715 2842 τοιούτου
1753 2789 1830 2841 εἵ-

247 2872 374 2936 δους
404 2875 540 2939 ἐστὶ,
563 2877 663 2946 τῆς
688 2877 1014 2948 ἐγκειμένης
1033 2878 1247 2950 ἑκάστῳ
1266 2877 1469 2933 τούτων
1498 2880 1607 2934 τῶν
1639 2879 1831 2951 ὀνομάο

248 2984 357 3020 των
380 2968 692 3037 ιμφάσεως,
726 2969 895 3040 μόνον·
913 2970 1005 3022 τδν
1026 2971 1303 3042 χωρισμδν
1327 2971 1436 3025 τῶν
1454 2973 1583 3043 ἡμῖν
1608 2973 1829 3043 προχεί-

1930 1789 2240 1846 libertatem
2266 1792 2659 1860 concedentes,
2685 1795 2858 1850 solam
2886 1804 3122 1850 mentem
3151 1797 3505 1865 exquiramus

1924 1882 1969 1938 si
1996 1882 2141 1953 piam
2173 1889 2230 1939 et
2259 1882 2372 1939 Deo
2393 1884 2648 1939 decoram
2679 1886 2991 1947 opinionem
3020 1886 3073 1940 in
3104 1901 3164 1941 se
3194 1887 3502 1947 contineat,

1924 1971 2007 2027 vel
2038 1967 2257 2027 contra.
2292 1970 2351 2026 Si
2382 1971 2550 2041 igitur
2581 1971 2669 2026 vel
2727 1985 2834 2025 non
2875 1978 2993 2027 erat
3021 1971 3174 2041 prius
3218 1970 3384 2030 Deus,
3419 1972 3505 2024 vrl

1922 2077 2033 2119 non
2069 2063 2177 2118 erit
2238 2060 2554 2133 aliquando,
2594 2076 2702 2117 non
2763 2062 2981 2133 proprie
3008 2077 3182 2132 neque
3210 2061 3505 2132 ἀτελεύτη-

1920 2172 2035 2222 τος,
2094 2155 2157 2211 id
2176 2165 2291 2221 estr
2343 2156 2893 2219 i‘uterminatus,'sive
2930 2155 3036 2224 [ine
3072 2170 3281 2219 carens,
3325 2171 3506 2226 neque
3593 2196 3600 2204 -

1923 2246 2181 2319 ἄναρχος,
2214 2247 2468 2318 principii
2499 2263 2680 2316 expers
2710 2246 2947 2300 dicatur.
2974 2245 3176 2301 Eodem
3208 2245 3370 2300 modo
3407 2262 3503 2301 ne-

1924 2352 2032 2408 que
2096 2338 2473 2409 immutabilis,
2525 2350 2704 2405 neque
2758 2336 3150 2407 incorporeus,
3198 2350 3377 2406 neque
3422 2336 3508 2389 in-

1924 2427 2331 2498 corruptibilis,
2365 2426 2654 2498 siquidem
2717 2426 2771 2480 in
2836 2442 2956 2497 [p50
3036 2427 3339 2495 cogitetur,
3424 2425 3507 2481 vel

1919 2535 2139 2592 corpus,
2164 2521 2251 2576 vel
2281 2518 2556 2582 interitus,
2597 2517 2679 2573 vel
2738 2516 3066 2580 immutatio,
3095 2518 3177 2571 vel
3217 2516 3347 2587 quid
3374 2516 3503 2571 tale.

1919 2611 2074 2678 Quod
2106 2613 2151 2668 si
2192 2618 2443 2668 sanctum
2483 2617 2588 2674 est.
2626 2608 2765 2664 nihil
2816 2608 3011 2663 horum
3068 2608 3124 2663 in
3181 2608 3302 2679 ipso
3357 2609 3505 2681 cogi-

1918 2712 2061 2771 tare,
2097 2703 2323 2776 impium
2375 2711 2522 2760 esset
2569 2715 2797 2771 prorsus
2835 2699 3021 2756 verbis
3058 2714 3179 2771 qum
3230 2698 3506 2755 dissenla-

1919 2812 2021 2852 nea
2053 2803 2109 2851 et
2144 2795 2497 2850 abhorrentia
2538 2794 2608 2849 ab
2654 2794 2773 2864 ipso
2816 2800 3093 2863 separant,
3148 2791 3262 2853 uti,
3309 2800 3364 2846 et
3393 2790 3507 2844 haec

1915 2888 2097 2944 dicere
2153 2902 2276 2957 quae
2339 2886 2453 2957 jam
2539 2901 2684 2957 smpe
2745 2883 2989 2940 diximus
3023 2922 3039 2948 ,
3092 2881 3507 2952 incorruptibilo

1919 2984 1974 3033 et
2000 2977 2418 3031 interminatum
2482 2975 2600 3031 sive
2658 2974 2934 3028 inﬁnitum
3002 2981 3059 3028 et
3096 2971 3421 3043 ingenitum,
3451 2978 3508 3025 et

252 3074 362 3130 ρων
391 3059 469 3122 είς
485 3059 809 3130 κατανόησιν
829 3059 1202 3133 διδασκούσης,
1229 3063 1330 3117 οὑκ
1358 3062 1523 3134 αὐτὴν
1552 3063 1649 3135 τὴν
1667 3062 1828 3132 φύσιν

1926 3079 2257 3137 quacunque
2284 3064 2450 3134 hujus
2479 3063 2606 3119 talis
2636 3061 2866 3133 speciei,
2935 3075 3062 3115 cum
3092 3059 3348 3129 imposita
3378 3059 3501 3114 cui-

248 3149 351 3220 τὴν
382 3150 490 3204 τῶν
504 3151 610 3205 ἀπε
617 3152 953 3222 μφαινόντων
973 3152 1387 3225 κεχωρισμένην
1400 3154 1825 3225 ἕρμηνευούσης.

247 3242 317 3297 Τί
337 3243 443 3313 γάρ
459 3243 557 3297 οὑκ
581 3242 697 3297 ἐστι
720 3248 782 3302 τὸ
803 3247 962 3301 Θεῐον
977 3246 1076 3317 τῆς
1085 3245 1194 3299 τῶν
1224 3247 1503 3317 ὀνομάτων
1520 3244 1720 3300 τούτων
1741 3263 1831 3319 ση-

1919 3171 2028 3229 que
2088 3169 2280 3212 eorum
2342 3155 2626 3209 nominum
2695 3151 3026 3223 signiﬁcatio
3102 3150 3506 3221 separationem

1917 3263 2108 3304 eorum
2143 3262 2267 3317 quas
2287 3245 2446 3300 nobis
2474 3253 2728 3316 prompta
2756 3250 2885 3298 sunt
2909 3243 2977 3298 ad
3008 3242 3375 3313 cognitionem
3408 3241 3511 3296 do-

251 3337 458 3407 μασξας
477 3335 953 3411 προδεικνυούσης,
970 3337 1025 3391 τί
1042 3339 1190 3392 ἐστιν
1205 3339 1379 3393 ἐκεῖνο
1393 3337 1534 3392 κατά
1548 3337 1644 3409 τὴν
1667 3337 1832 3407 φύσιν

1926 3344 2060 3402 neat,
2097 3337 2215 3390 non
2243 3349 2373 3390 vero
2403 3334 2697 3404 ipsamrnet
2740 3342 2996 3387 naturam
3018 3346 3141 3402 quae
3169 3347 3199 3386 a
3229 3345 3341 3385 non
3370 3345 3507 3385 con-
3535 3346 3550 3360 ο

246 3426 279 3482 δ
305 3427 478 3482 ταῦτα
499 3429 776 3494 οὑκέστιν,
802 3431 860 3483 ὲν
882 3430 1064 3502 ἀδήλῳ
1086 3432 1257 3503 μένει.
1292 3430 1450 3485 ’Λλλά
1467 3431 1561 3485 καὶ
1583 3430 1655 3484 τά
1669 3429 1830 3484 λοιπά

246 3520 361 3575 τῶν
385 3520 683 3593 ὀνομάτων,
708 3514 839 3594 ὧνή
873 3523 1116 3594 σημασία
1160 3523 1361 3588 θέσεώς
1399 3524 1542 3587 τινός
1565 3524 1717 3576 ἐστιν
1744 3525 1829 3575 ὲν·

247 3613 494 3686 δεικτικὴ
518 3615 613 3668 καὶ
630 3614 934 3685 ὑπάρξεως,
957 3614 1057 3667 οὑκ
1081 3615 1253 3684 αὑτῆς
1281 3616 1382 3686 τῆς
1414 3616 1562 3679 θείας
1580 3614 1794 3685 φύσεως
1815 3657 1830 3681 ,

250 3702 390 3756 ἀλλὰ
417 3702 524 3758 τῶν
560 3705 686 3776 περὶ
729 3703 898 3774 αὐτὴν
938 3702 1176 3766 εὐσεϐῶς
1203 3703 1590 3775 θεωρουμένων
1618 3703 1718 3774 τὴν
1747 3701 1833 3755 ἐν·

247 3793 418 3861 δειξιν
440 3793 552 3863 ἔχει
568 3810 581 3823 ·
605 3792 895 3862 νοήσαντες
913 3791 1022 3860 γὰρ
1038 3789 1120 3842 ὅτι
1134 3788 1287 3841 οὐδὲν
1305 3787 1412 3840 τῶν
1441 3786 1629 3847 ὅντων,
1646 3785 1755 3838 τῶν
1769 3800 1830 3837 τε

249 3888 591 3961 φαινομένων
615 3886 710 3939 καὶ
750 3885 858 3939 τῶν
895 3885 1199 3953 νοουμένων
1238 3879 1542 3949 αὐτόματόν
1572 3893 1694 3930 τινα
1734 3876 1832 3929 καὶ

248 3980 484 4053 τυχαίαν
515 3978 626 4050 ἔχει
652 3976 749 4049 τὴν
783 3976 1061 4039 σύστασιν,
1078 3972 1213 4027 ἀλλά
1242 3973 1271 4025 ὅ
1298 3971 1350 4024 τί
1374 3987 1479 4041 περ
1499 3970 1557 4023 ὲν
1577 3972 1688 4032 τοῖς
1712 3964 1833 4022 οὖσι

250 4072 757 4144 καταλαμϐάνεται,
770 4069 868 4139 τῆς
885 4068 1101 4122 πάντων
1116 4064 1222 4120 τῶν
1239 4065 1406 4118 ὄντων
1434 4061 1838 4133 ὑπερκειμένης

251 4167 470 4235 φύσεως
500 4165 749 4236 ἐξῆπται.
782 4160 1033 4215 κάκεῖθεν
1068 4159 1167 4229 τὴν
1193 4156 1369 4210 αἰτίαν
1414 4155 1514 4225 τῆς
1551 4152 1839 4225 ὑπάρξεως

251 4257 391 4328 ἔχει,
425 4256 486 4309 τό
536 4272 595 4307 τε
632 4253 826 4316 κάλλος
853 4253 945 4306 καὶ
972 4250 1033 4303 τὸ
1067 4248 1295 4320 μέγεθος
1336 4245 1444 4300 τῶν
1488 4247 1546 4299 ὲν
1574 4247 1640 4315 τῇ
1666 4245 1839 4298 κτίσει

1918 3422 2263 3483 venientibus
2318 3428 2531 3479 secreta
2573 3427 2682 3484 est,
2741 3420 3148 3490 interpretetur.
3192 3416 3328 3471 Nam
3380 3431 3508 3472 cum

1924 3513 2199 3586 ejusmodi
2234 3512 2517 3569 nominum
2577 3509 2910 3583 signiﬁcatio
2962 3509 3093 3580 quid
3128 3507 3271 3564 Deus
3301 3522 3409 3561 non
3434 3506 3509 3561 sit

1927 3615 2324 3680 praemonstret,
2359 3604 2491 3676 quid
2552 3603 2686 3659 illud
2738 3610 2825 3657 est
2880 3600 3179 3657 secundum
3236 3605 3506 3659 naturain,

1925 3701 2072 3772 quod
2105 3700 2219 3754 haec
2254 3713 2360 3751 non
2417 3704 2525 3761 est,
2558 3695 2611 3747 in
2640 3693 2880 3747 obscuro
2908 3699 3120 3757 manet;
3153 3690 3249 3746 sed
3294 3689 3509 3760 reliqua

1926 3792 2145 3847 nomina
2182 3803 2415 3858 quorum
2470 3782 2798 3855 signiﬁcatio
2824 3781 3061 3850 alicujus
3123 3779 3413 3848 positionis
3453 3786 3514 3832 et
3602 3849 3607 3855 η

1924 3880 2260 3938 exsistentia:
2284 3877 2445 3933 index
2480 3882 2588 3943 est,
2629 3888 2737 3928 non
2768 3870 3017 3943 ejusdim
3051 3868 3251 3923 divina:
3276 3877 3513 3929 naturai,

1930 3971 2025 4028 sed
2070 3984 2259 4026 eorum
2298 3983 2421 4039 qua:
2459 3967 2513 4021 in
2554 3965 2673 4036 ipsa
2702 3964 2790 4034 pie
2828 3967 3131 4019 cernuntur
3163 3959 3507 4015 demonstra.-

1939 4064 2145 4118 tionem
2178 4060 2402 4117 habent.
2459 4055 2777 4128 Cogitantes
2802 4053 2947 4109 enim
2978 4050 3123 4122 quod
3155 4051 3289 4105 nihil
3316 4065 3506 4105 eorum

1940 4159 2061 4215 qua:
2102 4150 2254 4209 sunt,
2282 4149 2337 4198 et
2365 4154 2487 4207 qua:
2528 4147 2794 4210 apparent
2846 4146 2901 4192 et
2950 4136 3361 4206 intelliguntur,
3400 4132 3505 4189 f0r~

1942 4238 2137 4291 tuitam
2175 4243 2230 4290 et
2274 4230 2622 4288 temerariam
2652 4226 2946 4298 quamdam
2993 4226 3157 4281 habet
3197 4226 3508 4281 subsisten.

253 4349 549 4420 θαυμάτων
579 4345 1030 4415 κατανοήσαντες,
1048 4343 1111 4394 ὲκ
1139 4341 1355 4394 πάντων
1383 4336 1588 4392 τούτων
1618 4333 1832 4389 καὶτῶν

1942 4332 2099 4392 tiam,
2136 4326 2231 4384 sed
2257 4322 2523 4397 quidquid
2556 4321 2610 4376 in
2641 4334 2825 4375 rerum
2866 4327 3059 4373 natura
3087 4316 3511 4387 comprehendi—

1253 4392 1407 4485 θεῖον
1449 4427 1832 4500 λαμϐάνοντες,

1946 4430 2035 4475 tur
2073 4435 2139 4475 ex
2197 4392 2639 4486 supereminente
2682 4408 2932 4465 omnium
2976 4423 3099 4480 qua:
3152 4416 3282 4463 sunt
3323 4416 3518 4462 natura

258 4534 413 4597 ἰδίοις
432 4532 688 4603 ὀνόμασιν
707 4530 935 4583 ἕκαστον
958 4526 1068 4579 τῶν
1088 4523 1452 4595 ὲγγινομὲνων
1477 4524 1610 4593 ἡμῖν
1633 4537 1727 4592 νοη
1738 4520 1842 4592 μά-

253 4644 367 4680 των
409 4621 838 4695 διερμηνεύομεν
872 4617 1293 4678 ἀκολουθοῦντες
1332 4617 1398 4685 τῇ
1427 4603 1712 4695 ’συμϐρυλῇ
1744 4612 1843 4681 τῆς

255 4716 482 4788 Σοφιας,
503 4717 539 4787 ἦ
568 4733 752 4787 φησιν,
782 4719 845 4767 ἐκ
883 4711 1147 4783 μεγέθους
1195 4709 1289 4764 καὶ
1317 4706 1583 4777 καλλονῆς
1610 4704 1845 4775 κτισμά-

253 4825 369 4863 των
397 4806 674 4876 ἀναλόγως
687 4805 795 4858 δεῖν
824 4803 933 4857 τῶν
962 4803 1181 4855 πάντων
1207 4797 1588 4869 γενεσιουργὸν
1625 4795 1846 4867 θεωρεῖ-

255 4899 411 4953 σθαι.
438 4902 643 4967 Δημιου
653 4896 780 4968 ργὺν
815 4894 914 4965 μὲν
939 4892 1031 4946 τὸν
1061 4889 1292 4960 ποιητὴν
1308 4888 1415 4942 τῶν
1434 4886 1644 4959 θνητῶν
1678 4902 1847 4956 προσ-

253 4989 619 5062 αγορεύομεν,
646 4986 870 5041 δυνατὸν
890 4983 946 5037 δὲ
969 4983 1058 5037 τὸν
1083 4982 1181 5053 τῆς
1219 4977 1484 5048 τοσαύτης
1519 4976 1849 5048 περικρατή-

256 5098 433 5135 σαντα
459 5079 708 5141 κτίσεως,
726 5070 772 5146 ᾧ
789 5076 1085 5148 ἐξήρκεσεν
1102 5075 1136 5145 ἡ
1159 5072 1388 5141 δύναμις
1404 5068 1592 5122 οὑσίαν
1624 5066 1847 5137 ποιῆσαι

254 5172 361 5244 τὴν
378 5170 730 5243 βούλησιν.Τό
745 5184 803 5223 τε
818 5167 917 5237 τῆς
932 5165 1077 5237 ζωῆς
1092 5163 1248 5236 ἡμῶν
1261 5160 1459 5232 ἀγαθὸν
1474 5159 1627 5231 ἒννοή
1635 5175 1846 5225 σαντες,

1944 4509 2234 4583 dependet,
2268 4513 2323 4561 et
2351 4504 2507 4560 illinc
2546 4502 2884 4559 exsistentim
2922 4514 3147 4557 causam
3180 4500 3364 4566 habet,
3400 4500 3522 4571 pul-

1945 4598 2426 4668 chritudinemque
2446 4603 2501 4651 et
2518 4592 2951 4665 magnitudinem
2982 4592 3377 4647 miraculorum
3399 4606 3521 4662 qua:

1948 4700 2078 4749 sunt
2112 4693 2166 4747 in
2206 4697 2467 4744 creatura
2491 4684 3012 4750 animadVertentes,
3053 4699 3120 4741 ex
3163 4684 3423 4741 omnibus
3466 4691 3521 4739 et

1948 4784 2150 4839 talibus
2189 4782 2327 4836 alias
2375 4780 2631 4835 notiones
2686 4778 2742 4832 in
2797 4776 2912 4833 Deo
2969 4775 3157 4832 animo
3213 4776 3518 4847 capientes,

1948 4874 2189 4946 propriis
2229 4870 2545 4927 nominibus
2581 4867 2856 4934 notiones,
2908 4882 3031 4940 qua
3085 4867 3143 4923 in
3194 4867 3357 4922 nobis
3388 4880 3523 4920 con,-

1948 4967 2251 5038 cipiuntnr,
2277 4962 2523 5033 singulas
2569 4960 3035 5031 interpretamur;
3072 4959 3366 5038 Sapientia:
3392 4972 3524 5013 con-

1950 5034 2133 5116 silium
2193 5063 2506 5127 sequentes,
2559 5066 2685 5124 quae
2736 5050 2870 5107 dicit
2927 5066 2994 5107 ex
3041 5034 3419 5123 magnitudine
3470 5055 3525 5103 ct

1952 5155 2138 5226 specie
2169 5164 2355 5207 rerum
2399 5155 2744 5211 creaturum,
2782 5144 3140 5216 proportione
3185 5141 3375 5197 habita
3415 5154 3527 5195 oms

256 5236 417 5319 nium
449 5236 757 5334 genitorem
798 5236 1053 5329 oportere
1106 5255 1462 5326 contemplari
1494 5253 1561 5311 ".
1590 5251 1851 5323 Opiﬁcem
1897 5249 2116 5323 quidem
2170 5243 2436 5299 factorem
2482 5239 2794 5334 mart‘alium
2853 5236 3220 5334 appellamus;
3251 5242 3530 5334 potentem

256 5327 477 5409 autem-
508 5368 633 5409 eum
688 5355 783 5425 qui
838 5327 1060 5409 tantam
1126 5358 1433 5405 creaturam
1477 5360 1579 5402 suo
1632 5344 1879 5402 dominio
1933 5342 2221 5405 continet,
2289 5334 2379 5391 cui
2425 5333 2562 5392 satis
2610 5331 2713 5389 luit
2762 5328 3039 5401 potentia,
3104 5336 3165 5385 ut
3227 5327 3526 5386 essentiam

337 5520 383 5552 "
419 5520 549 5587 Sep.
587 5534 707 5585 xm,
744 5520 811 5576 5..
