4010 6212
435 260 571 317 HM

434 400 635 453 taceret
686 395 1044 471 voluntatem.
1080 395 1259 465 Atque
1287 395 1449 450 etiam
1498 409 1623 450 vita:
1665 403 1870 449 nostrae
1905 395 2030 458 bo-.

435 502 562 540 num
587 494 769 541 mente
785 485 1161 555 contemplati,
1185 492 1588 554 consequenter
1612 485 1777 555 hujus
1809 486 2001 539 ducem

434 585 489 629 et
522 583 806 630 auctorem
845 574 981 639 boni,
1003 575 1366 645 appellatione
1399 576 1769 630 nominamus.
1800 575 2002 629 Judicii

434 681 658 735 quoque
697 665 870 721 futuri
918 666 1065 737 quod
1096 668 1473 738 incorruptum
1506 676 1591 723 est
1629 679 1682 723 et
1710 666 2002 735 integrum,

437 772 467 808 a
500 755 687 810 divina
715 754 1005 828 Scriptura
1045 759 1283 815 instituti
1311 802 1323 823 ,
1361 759 1601 829 judicem
1638 760 1817 831 ipsum
1847 769 1901 813 et
1924 759 2007 828 ju-

436 856 581 901 stum
618 863 715 918 per
739 849 854 903 haec
889 850 1109 905 nomina
1143 864 1427 906 vocamus.
1455 854 1631 922 Atque
1663 862 1721 906 ut
1755 853 1807 906 in
1833 865 2005 921 pauca

434 941 776 1003 contraham,
801 955 993 997 omnes
1022 957 1147 1011 quae
1175 936 1244 997 de
1271 943 1459 997 divina
1490 953 1686 998 natura
1709 945 1765 998 in
1797 943 2006 997 nostris

436 1029 639 1086 animis
663 1031 1056 1102 ingenerantur
1080 1033 1356 1098 notiones,
1382 1034 1437 1088 in
1461 1035 1742 1090 nominum
1773 1033 2005 1088 formam

437 1136 777 1189 revocamus,
833 1125 907 1178 ita
941 1134 1000 1179 ut
1035 1127 1245 1180 nullum
1276 1118 1605 1182 vocabulum
1641 1127 1847 1197 absque
1882 1139 2010 1195 pro-

436 1210 554 1278 pria
596 1221 653 1266 et
704 1214 966 1282 peculiari
1019 1215 1201 1285 aliqua
1247 1216 1442 1270 notitia
1480 1216 1539 1270 in
1584 1215 1770 1269 divina
1811 1222 2008 1268 natura

435 1298 672 1357 dicatur.
696 1300 844 1369 Quin
868 1305 1029 1359 etiam
1059 1305 1199 1360 hanc
1230 1321 1417 1362 vocem
1440 1305 1572 1369 Θεός
1591 1320 1656 1360 ex
1682 1304 2010 1374 inspectrice

436 1391 757 1458 operatione
781 1392 897 1448 sive
920 1394 1336 1464 contemplandi
1365 1408 1488 1449 actu
1536 1395 1834 1449 invaluisse
1857 1409 2009 1449 com-

436 1480 845 1549 prehendimus.
862 1483 1126 1541 Omnibus
1141 1486 1284 1540 enim
1300 1486 1359 1538 τὺ
1377 1486 1531 1541 eam»
1550 1485 1764 1557 (Deum)
1793 1487 2005 1550 adesse,

436 1570 621 1621 (nilnia
652 1571 853 1634 videre,
891 1573 1075 1627 omnia
1100 1580 1390 1643 penetrare
1419 1574 1686 1643 persuasi,
1718 1574 1878 1629 talem
1915 1589 2008 1628 co-

438 1661 758 1727 gitationem
823 1665 927 1719 hoc
970 1665 1194 1720 nomine
1253 1664 1650 1733 significamus,
1695 1665 1763 1719 ad
1823 1664 1928 1719 hoc
1976 1682 2005 1718 a

439 1763 629 1806 sancta
666 1770 798 1809 voce
845 1754 1098 1821 deducti;
1132 1756 1227 1824 qui
1270 1757 1413 1809 enim
1459 1755 1631 1810 dixit:
1662 1753 1804 1807 Deus
1830 1766 1999 1813 nisus,

438 1842 650 1896 intende
698 1844 828 1897 mihi
851 1847 920 1907 ",
942 1851 1014 1902 et.
1034 1844 1178 1898 Vidit
1210 1844 1349 1897 Deus
1372 1846 1440 1910 ”,
1476 1852 1551 1907 et,
1577 1843 1714 1898 Deus
1746 1842 2009 1912 cognoscit

436 1933 616 1988 cordis
651 1934 835 1989 abdita
882 1935 949 2000 ",
998 1936 1290 1992 manifeste
1342 1937 1468 1990 huic
1522 1936 1643 1990 voci
1703 1934 2008 2005 impositam

440 2026 770 2080 sententiam
837 2028 1251 2098 interpretatur,
1323 2029 1466 2098 quod
1514 2027 1645 2091 Θεὸς
1700 2027 2012 2081 nominatur

440 2116 551 2169 ἀπὸ
589 2116 681 2169 τοῦ
720 2116 965 2181 θεᾶσθαι,
1017 2136 1050 2172 a
1095 2117 1314 2177 ridendo
1348 2117 1466 2174 sive
1491 2116 1832 2187 speculando.
1865 2114 2009 2171 Nihil

441 2218 622 2261 autem
663 2208 843 2263 differt
882 2209 1065 2265 dicere
1094 2210 1335 2275 intende,
1355 2218 1410 2265 et
1434 2209 1587 2274 vide,
1619 2219 1674 2265 et
1705 2210 2007 2280 speculare.

446 2293 714 2360 Quoniam
748 2296 916 2367 igitur
964 2299 1108 2367 quod
1142 2300 1443 2370 spectabile
1484 2300 1580 2369 qui
1611 2305 1820 2369 spectat
1847 2298 2009 2365 videt,

440 2385 572 2450 Θεός
605 2392 800 2443 merito
826 2389 948 2459 ejus
978 2391 1125 2460 quod
1155 2390 1393 2454 videtur,
1429 2391 1522 2461 qui
1553 2398 1765 2460 Spectat
1791 2388 2009 2444 dicitur.

441 2477 622 2544 Quare
659 2496 755 2549 per
797 2483 902 2537 hoc
959 2483 1123 2537 etiam
1170 2484 1557 2552 particularem
1594 2481 1886 2551 quamdam
1930 2479 2015 2535 di-

440 2572 583 2627 vina:
635 2582 845 2629 natura:
886 2576 1262 2645 operationem
1303 2575 1504 2636 edocti,
1554 2574 1805 2629 essentne
1840 2573 2014 2643 ipsius

442 2680 539 2735 per
586 2665 727 2720 hanc
776 2681 964 2723 vocem
1015 2667 1381 2738 intelligentes
1447 2679 1560 2721 non
1614 2664 1745 2719 facti
1802 2678 2012 2728 sumus,

444 2773 552 2812 non
595 2771 776 2813 tamen
813 2760 1074 2829 quoniam
1121 2760 1369 2814 nominis
1403 2758 1759 2829 congruentis
1786 2757 2014 2827 penuria

442 2848 781 2913 laboramus,
813 2850 982 2905 Deum
1012 2851 1219 2905 idcirco
1246 2850 1434 2921 gloriae
1464 2849 1779 2904 detrimenti
1808 2847 2015 2918 aliquid

443 2960 668 3015 passum
719 2959 844 2999 esse
882 2960 985 3000 nos
1028 2945 1413 3000 existimamus
1446 2962 1459 2997 :
1499 2939 1818 3013 impotentia
1869 2938 2015 2993 enim

444 3035 843 3091 enuntiationis
898 3050 1088 3091 eorum
1144 3050 1266 3105 qua:
1294 3034 1570 3091 enuntiari
1597 3036 1894 3103 nequeunt,
1924 3041 2017 3083 ac-

446 3142 650 3183 cusans
696 3128 855 3183 nobis
896 3136 1095 3182 natura
1131 3127 1375 3181 innatam
1405 3125 1711 3196 penuriam,
1753 3120 2013 3190 majorem

444 3219 634 3288 gloriae
693 3220 787 3275 Dei
843 3220 1367 3277 demonstrationem
1421 3218 1603 3280 habet,
1649 3216 1852 3270 docens
1891 3226 2013 3273 nos,

446 3311 589 3365 sicut
619 3312 794 3381 inquit
823 3294 1137 3381 Apostolus,
1181 3311 1327 3381 quod
1358 3311 1535 3365 solum
1573 3316 1656 3362 est
1684 3306 1781 3361 Dei
1814 3319 2013 3358 nomen

446 3414 777 3471 eungruens,
835 3402 1014 3471 ipsum
1071 3402 1299 3456 credere
1334 3415 1455 3456 esse
1514 3398 1659 3469 quod
1711 3404 1796 3451 est
1847 3408 2015 3464 supra

443 3509 606 3546 nume
680 3508 874 3548 nomen
945 3493 1013 3548 ".
1047 3492 1204 3560 Quod
1232 3494 1377 3547 enim
1424 3492 1542 3561 ipse
1608 3503 1825 3545 omnem
1917 3481 2267 3555 cogitationis
2351 3486 2557 3532 motum‘

1661 255 1719 311 ὃ.
1757 255 2082 311 CREGOllli
2120 252 2413 308 NYSSENI

3533 237 3675 293 nas

2038 381 2074 436 Λ
2107 371 2413 435 ἀκολούθως
2456 370 2543 423 τὸν
2576 363 2776 434 ταύτης
2806 359 3277 431 καθηγησάμενον,
3306 358 3373 426 τῇ
3400 355 3493 409 τοῦ
3534 357 3680 423 ἀγα-

2105 461 2198 515 θοῦ
2240 449 2576 533 προσηγορία
2624 454 3082 525 κατονομάζομεν.
3132 449 3244 520 Τῆς
3271 466 3332 503 τε
3374 448 3681 517 μελλούσης

2106 554 2334 624 κρίσεως
2373 554 2435 607 τὸ
2460 552 2753 606 ἀδέκαστον
2799 544 2947 617 παρὰ
2988 544 3086 613 τῆς
3116 542 3263 605 θείας
3292 538 3685 602 παιδευθέντες

2103 646 2345 717 Γραφῆς,
2378 645 2568 717 κριτὴν
2596 640 2759 696 αὐτὸν
2791 638 2887 692 καὶ
2914 636 3119 689 δίκαιον
3148 632 3235 686 διὰ
3272 632 3479 684 τούτων
3505 646 3681 699 προσο

2105 734 2458 805 αγορεύοιιεν.
2503 733 2614 786 Καὶ
2666 730 2842 783 πάντα
2891 726 3158 781 συνελόντι
3207 723 3407 793 φάναι,
3448 723 3516 774 τὰ
3550 721 3683 790 περὶ

2102 827 2203 895 τῆς
2240 825 2388 889 Θείας
2452 823 2663 893 φύσεως
2712 819 3037 890 ἐγγινόμενα
3082 818 3213 888 ἡμῖν
3261 815 3546 883 νοήματα,
3600 812 3687 874 είς

2103 918 2380 987 ὀνομάτων
2400 915 2568 969 τύπον
2597 910 3102 985 μεταλαμϐάνομεν,
3135 908 3210 970 ὡς
3242 904 3510 974 μηδεμίαν
3545 902 3682 971 κλῆ-

2106 1023 2189 1059 σιν
2216 1006 2337 1077 δίχα
2373 1006 2516 1071 τινος
2557 1003 2860 1073 ίδιαζούσης
2893 1000 3097 1062 ἑννοίας
3141 998 3231 1050 ἐπὶ
3258 998 3355 1066 τῆς
3390 995 3541 1056 θείας
3587 993 3683 1045 λέ-

2105 1098 2296 1167 γεσθαί
2331 1098 2562 1167 φύσεως.
2617 1094 2777 1149 Ἀλλά
2805 1092 2899 1146 καὶ
2928 1090 3028 1161 τὴν
3069 1089 3214 1157 Θεὸς
3246 1087 3450 1156 φωνὴν.
3487 1085 3555 1137 ὲκ
3583 1084 3687 1152 τῆς

2107 1189 2409 1259 ὲποπτικῆς
2453 1187 2731 1259 ἐνεργείας
2790 1180 3188 1255 κεκρατηκέναι
3242 1178 3682 1247 κατελαϐόμεθα.

2107 1281 2248 1335 Πᾶσι
2273 1279 2381 1350 γὰρ
2411 1280 2661 1349 παρεῖναι
2693 1275 2752 1329 τὸ
2777 1273 2951 1334 Θεῖον,
2982 1272 3076 1326 καὶ
3104 1269 3280 1323 πάντα
3310 1267 3559 1328 θεᾶσθαι,
3586 1265 3687 1318 καὶ

2107 1368 2197 1423 διὰ
2229 1368 2447 1422 πάντων
2482 1367 2637 1435 ἥκειν
2675 1362 3121 1427 πεπιστευκότες,
3148 1359 3246 1430 τὴν
3277 1356 3534 1425 τοιαύτην
3563 1354 3685 1407 διά-

2107 1476 2256 1513 νοιαν
2284 1456 2363 1528 τῷ
2408 1457 2632 1527 ὀνόματι
2656 1453 2827 1524 τούτῳ
2859 1451 3301 1522 διασημαίνομεν,
3347 1445 3484 1517 πρὸς
3522 1444 3690 1496 τοῦτο

2108 1550 2259 1622 παρά
2297 1549 2394 1618 τῆς
2426 1548 2586 1615 ἁγίας
2616 1545 2970 1616 όδηγηθέντες
3011 1544 3216 1613 φωνῆς.
3251 1540 3312 1591 '0
3343 1537 3448 1608 γάρ
3487 1535 3687 1594 εἰπὼν,

2108 1643 2187 1696 ὃτι
2238 1641 2302 1694 '0
2336 1640 2479 1703 Θεός
2513 1636 2932 1707 μου,πρόσχες
2972 1650 3101 1704 μοι,
3127 1633 3245 1694 καὶ,
3270 1629 3396 1682 Ἴδε
3428 1630 3462 1680 ὁ
3503 1624 3687 1688 Θεὸς.

2109 1732 2202 1785 καὶ
2230 1730 2309 1789 τὸ,
2330 1731 2382 1782 Ὁ
2423 1728 2568 1794 Θεὸς
2597 1725 2871 1797 γινώσκει
2908 1724 2979 1777 τὰ
3014 1721 3231 1790 κρύφια
3268 1716 3379 1785 τῆς
3408 1714 3693 1783 καρδίας,

2111 1818 2297 1888 σαφῶς
2339 1818 2438 1884 τὴν
2475 1815 2795 1887 ὲγκειμένην
2814 1817 2881 1884 τῇ
2927 1814 3077 1883 φωνῇ
3117 1809 3288 1881 ταύτῃ
3322 1807 3554 1859 διάνοιαν
3586 1807 3693 1877 ἐρο

2113 1907 2367 1980 μηνεύει,
2443 1907 2526 1960 ὃτι
2577 1908 2639 1959 ἐκ
2685 1905 2777 1958 τοῦ
2841 1902 3099 1963 θεᾶσθαι,
3146 1900 3276 1961 Θεὸς
3332 1896 3695 1966 ὀνομάζεται.

2109 2000 2366 2072 Διαφέρει
2410 1998 2518 2070 γάρ
2558 1998 2726 2059 οὐδὲν,
2781 1996 3013 2068 πρόσχες
3056 1994 3248 2053 εἰπεῖν,
3302 1989 3394 2042 καὶ
3434 1987 3548 2044 ἴδε.
3592 1988 3700 2039 καὶ

2113 2089 2320 2144 θέασαι.
2341 2089 2493 2143 Ἐπεὶ
2518 2086 2611 2141 οὖν
2645 2089 2737 2142 καὶ
2760 2084 2947 2140 θεατὸν
2968 2085 2998 2136 ὁ
3022 2082 3289 2153 θεώμενος
3316 2079 3525 2151 βλέπεις
3551 2078 3701 2140 Θεὸς

2112 2183 2336 2245 εἰκότως
2363 2181 2458 2235 τοῦ
2483 2178 2756 2251 ὁρωμένου
2786 2178 2813 2229 ὀ
2840 2175 3106 2247 θεώμενος
3131 2173 3366 2240 λέγεται.
3399 2171 3567 2222 Ὥστε
3594 2169 3706 2221 καὶ

2111 2274 2198 2329 διὰ
2221 2273 2410 2327 τούτου
2441 2271 2668 2343 μερικὴν
2696 2286 2819 2321 τινα
2845 2266 2943 2337 τῆς
2975 2266 3121 2327 θείας
3166 2263 3376 2332 φύσεως
3403 2261 3702 2329 ἐνέργειαν

2112 2365 2482 2436 διδαχθέντες,
2522 2361 2622 2431 τῆς
2660 2360 2847 2422 οὐσίας
2887 2356 3056 2424 αὑτῆς
3090 2357 3146 2407 ἐν
3190 2350 3434 2422 περινοίᾳ
3462 2348 3557 2401 διὰ
3589 2347 3707 2413 τῆς

2114 2460 2295 2532 φωνῆς
2322 2458 2524 2524 ταύτης
2547 2455 2645 2509 ούκ
2665 2451 2959 2523 ἐγενόμεθα
2980 2492 2993 2514 ,
3029 2448 3088 2501 οὐ
3123 2444 3230 2517 μὴν
3272 2442 3458 2510 ἐπειδὴ
3483 2440 3668 2508 όνόμα.
3684 2467 3704 2477 -

2113 2571 2204 2617 τος
2250 2549 2559 2623 προσφυούς
2602 2544 2935 2617 ἀποροῦμεν,
2987 2536 3317 2612 ζημιοῦσθαί
3345 2552 3399 2588 τι
3440 2533 3504 2586 τὸ
3535 2531 3717 2584 θεῖον

2116 2646 2194 2707 εἰς
2219 2643 2377 2710 δόξαν
2411 2639 2884 2709 ὑπολαμϐάνομεν.
2940 2634 3006 2687 Ἥ
3028 2632 3133 2701 γὰρ
3156 2625 3424 2697 ἀδυναμία
3451 2626 3557 2694 τῆς
3582 2622 3713 2673 τῶν

2116 2734 2512 2805 ἀνεκφωνὴτων
2542 2726 2946 2798 ὲξαγορεύσεως
2986 2718 3362 2791 κατηγοροῦσα
3398 2717 3499 2786 τῆς
3548 2714 3717 2766 κατὰ

2115 2829 2214 2899 τὴν
2230 2826 2389 2895 φύσιν
2412 2822 2570 2894 ἡμῶν
2594 2819 2884 2890 πτωχείας,
2913 2813 3130 2887 μείζονα
3152 2813 3247 2880 τῆς
3266 2809 3358 2863 τοῦ
3382 2808 3516 2860 Θεοῦ
3532 2804 3719 2875 δόξης

2115 2919 2214 2991 τὴν
2246 2916 2514 2980 ἀπόδειξιν
2549 2914 2680 2985 ἔχει,
2710 2911 3031 2965 διδάσκουσα
3059 2906 3229 2977 ἡμᾶς.
3253 2901 3431 2964 καθιῇ
3471 2915 3654 2969 emam
3688 2910 3727 2948 ο

2131 2988 2473 3071 ’Ᾰπόστολος,
2503 3009 2585 3059 ὅτι
2622 3004 2779 3075 μόνον
2810 3002 2924 3055 ἐστὶ
2956 2997 3089 3053 Θεοῦ
3118 2994 3387 3068 προσφυὲς
3422 2991 3599 3058 ὃνομα
3646 2988 3720 3042 τὲ

2123 3104 2262 3174 ὑπὲρ
2287 3096 2394 3153 πᾶν
2422 3099 2582 3152 αὐτον
2610 3092 2744 3149 εἶναι
2773 3091 3042 3147 πιστεύειν
3071 3089 3261 3158 ὄνομα.
3291 3085 3363 3137 Τὸ
3388 3082 3491 3154 γάρ
3526 3080 3715 3148 ὑπερι-

2123 3193 2324 3247 ϐαίνειν
2353 3192 2511 3245 αὑτὸν
2532 3191 2708 3244 πᾶσαν
2723 3186 2953 3247 διανοίας
2969 3174 3310 3252 κίνησιν,ηκα“ι
3329 3173 3486 3240 ὲξὼτε
3500 3190 3593 3244 ρον
3614 3171 3715 3222 εὖο

2123 3283 2403 3355 ρίσκεσθαι
2419 3282 2514 3352 τῆς
2531 3276 2891 3351 όνομαστικῆς
2906 3271 3262 3345 περιλήψεως,
3277 3265 3571 3337 τεκμήριον
3602 3262 3723 3332 τῆς

2113 3376 2390 3447 ἀφράστου
2436 3370 2851 3445 μεγαλειότητος
2867 3369 2979 3430 τοῖς
3002 3360 3304 3435 ἀνθρώποις
3349 3356 3723 3412 καθίσταται.

2658 3481 2898 3545 superet.
2990 3477 3253 3538 extraque
3286 3523 3306 3533 ,
3354 3461 3720 3518 nominalem

445 3584 984 3654 mmprehehsiouem
1041 3581 1370 3645 inveniatur,
1397 3579 1765 3635 certissimum
1798 3553 2174 3647 argumentum
2206 3567 2605 3639 inexplicabilis
2637 3564 2939 3635 majestatis
2973 3556 3286 3615 hominibus
3315 3553 3723 3611 constituitur.

523 3678 646 3732 thcc
691 3675 913 3746 quidem
964 3676 1033 3731 de
1079 3675 1395 3730 nominibus
1443 3690 1565 3745 qua:
1604 3672 1673 3729 de
1715 3671 1827 3727 Deo
1877 3685 2015 3741 qua-

447 3779 665 3834 cunque
720 3767 894 3822 forma
945 3766 1300 3839 proferuntur
1351 3766 1757 3838 cognoscimus,
1785 3778 2019 3834 quorum

451 3856 855 3926 expositionem
904 3857 1095 3911 rudem
1148 3864 1202 3912 et
1248 3857 1553 3924 simplicem
1604 3852 2022 3925 benignioribus

450 3947 798 4003 auditoribus
842 3948 1221 4018 apposuimus,
1251 3955 1442 4001 contra
1488 3946 1737 4001 imbelles
1769 3942 2022 3998 Eunomii

449 4040 741 4094 adversum
786 4039 901 4094 haec
942 4054 1178 4111 pugnas,
1204 4048 1365 4108 turpe
1419 4037 1583 4092 simul
1614 4045 1669 4091 et
1697 4034 2019 4091 indecorum

449 4130 613 4185 nobis
645 4130 780 4200 ipsis
809 4130 1121 4199 judicantes
1160 4131 1408 4185 animose
1454 4139 1508 4184 et
1536 4124 1716 4182 valide
1742 4126 2019 4182 resistere.

450 4219 593 4287 Quid
646 4221 791 4275 enim
824 4221 949 4291 quis
991 4221 1199 4276 diceret
1243 4219 1315 4286 ei,
1358 4219 1453 4291 qui
1502 4220 1580 4273 ait
1631 4230 1733 4272 nos
1786 4216 2021 4271 formam

450 4312 738 4366 nominum
787 4311 989 4383 tingere
1031 4314 1296 4383 majorem
1341 4314 1396 4368 et
1442 4310 1801 4381 potentiorem
1837 4318 2022 4362 rerum

451 4418 574 4473 quae
614 4401 971 4457 nominantur
1001 4404 1287 4475 dignitate.
1337 4401 1653 4457 nominibus
1694 4408 1889 4454 contra
1934 4409 2023 4451 res

2168 3652 2328 3737 Ἦερὶ
2357 3665 2455 3736 μὲν
2492 3662 2558 3733 δὴ
2583 3660 2691 3714 τῶν
2735 3658 3013 3730 ὀνομάτων
3041 3655 3148 3709 τῶν
3177 3654 3268 3708 ὲπὶ
3298 3650 3429 3705 Θεοῦ
3480 3648 3611 3703 καθ’
3646 3648 3733 3737 ἔνι

2121 3760 2316 3829 δήποτε
2362 3755 2533 3808 τύπον
2575 3750 3002 3822 ὲκφωνουμένων
3033 3746 3204 3801 ταῦτα
3229 3743 3593 3814 γινώσκομεν,
3636 3733 3727 3792 ὧν

2122 3850 2222 3921 τὴν
2254 3846 2469 3901 ἔκθεσιν
2503 3841 2878 3899 ἀκατάσκευόν
2919 3856 2979 3892 τε
3013 3836 3109 3892 καὶ
3138 3835 3311 3905 ἁπλῆν
3341 3834 3449 3895 τοῖς
3496 3830 3725 3896 εὐγνω-

2129 3938 2472 4013 μονεστέροις
2514 3934 2624 3989 τῶν
2675 3931 2963 4005 ἀκροατῶν
3015 3923 3385 4000 παρεθέμεθα,
3434 3921 3576 3992 πρὸς
3608 3920 3727 3983 τὰς

2126 4033 2348 4096 ἀτόνους
2385 4028 2478 4083 τοῦ
2527 4026 2794 4098 Εὐνομίου
2847 4024 2974 4094 περὶ
3007 4022 3208 4075 τούτων
3256 4018 3430 4089 μάχας
3473 4014 3749 4084 αἰσχρὶν.

2126 4123 2243 4195 ἅμα
2296 4121 2392 4176 καὶ
2435 4119 2680 4190 ἀπρεπὲς
2728 4117 2858 4187 ἡμῖν
2911 4113 3092 4176 αὐτοῖς
3139 4108 3417 4181 κρίναντες
3445 4103 3727 4172 ἐκθύμως

2127 4211 2631 4283 ἀντικαθίστασθαι.
2663 4210 2727 4262 Τί
2752 4207 2863 4278 γὰρ
2885 4206 2951 4261 ἄν
2981 4223 3063 4269 τις
3090 4203 3233 4257 εἴποι
3266 4201 3342 4273 τῷ
3369 4199 3581 4266 λέγοντι
3618 4198 3727 4249 τύ-

2126 4324 2228 4361 πον
2269 4307 2379 4360 τῶν
2417 4302 2695 4375 ὀνομάτων
2739 4296 3067 4370 κυριώτερον
3108 4295 3255 4366 ἡμᾶς
3284 4288 3553 4344 ποιεῖσθαι
3612 4289 3731 4356 *εἰς

2128 4399 2237 4453 τῶν
2261 4395 2674 4469 ὀνομαζομένων
2702 4392 2879 4458 ἀξίας,
2909 4391 3021 4453 τοῖς
3047 4387 3271 4457 ὀνόμασι
3298 4385 3395 4453 τὴν
3420 4380 3563 4434 κατά
3596 4379 3732 4431 τῶν

455 4471 726 4551 donantes
783 4471 1221 4566 praerogativam,
1277 4499 1333 4547 et
1369 4492 1727 4562 inaequalibus
1758 4487 2014 4559 :equalent

2129 4489 2466 4564 πραγμάτων
2492 4483 2864 4556 δωρουμένους
2895 4477 3216 4553 προνομίαν,
3241 4475 3333 4529 καὶ
3356 4476 3467 4535 τοῖς
3496 4471 3730 4559 ἀνίσοις

452 4580 714 4643 bonc—rem
750 4584 1090 4641 tribuentes?
1114 4583 1239 4638 Haec
1263 4583 1344 4639 sic
1365 4583 1513 4637 illius
1534 4598 1668 4637 voce
1693 4581 1840 4637 dicta
1871 4588 2022 4634 sunt.

453 4676 673 4734 Judicet
715 4687 896 4734 autem
939 4678 1031 4749 qui
1072 4663 1324 4747 judicare
1370 4675 1714 4731 considerate
1748 4678 1949 4742 potest,
1977 4670 2025 4726 si

456 4768 587 4840 quid
647 4771 1020 4842 opportunum
1079 4777 1270 4823 contra
1326 4781 1430 4822 nos
1476 4765 1634 4819 habet
1677 4764 2028 4818 vehementer

453 4861 707 4918 instituta
729 4855 921 4916 contra
943 4877 1045 4916 nos
1064 4856 1415 4932 schpbantae
1438 4855 1739 4919 accusatio,
1766 4853 1838 4907 ob
1860 4866 2024 4923 quam

457 4955 621 5009 etiam
667 4950 957 5009 defendere
990 4952 1215 5022 dignum
1245 4953 1337 5017 sit,
1367 4952 1513 5020 quod
1546 4945 1859 5001 nominibus
1891 4957 2027 5023 con-_

455 5057 540 5102 tra
560 5062 650 5103 res
678 5045 823 5117 ipsas
848 5040 1185 5115 privilegium
1210 5042 1576 5114 indulgemus,
1621 5038 1877 5094 omnibus
1901 5049 2026 5089 eum

457 5136 533 5193 sit
578 5138 948 5209 perspicuum,
993 5135 1138 5206 quod
1183 5136 1391 5189 nullum
1438 5148 1638 5188 nomen
1676 5128 2027 5187 essentialem

458 5242 557 5299 per
614 5244 677 5284 se
737 5225 1147 5283 subsistentiam
1210 5218 1392 5289 habet,
1451 5224 1548 5278 sed
1609 5236 1772 5278 omne
1828 5234 2025 5275 nomen

459 5319 735 5388 quoddam
774 5320 860 5376 est
890 5318 1124 5388 alicujus
1160 5316 1414 5373 essentia:
1456 5321 1511 5369 et
1559 5311 1839 5369 sententiae
1883 5307 2025 5363 indi-

370 5449 375 5453 .
462 5410 610 5463 cium
637 5418 691 5465 et
712 5412 953 5481 signum,
993 5408 1140 5482 quod
1175 5409 1353 5478 ipsum
1385 5420 1482 5475 per
1505 5419 1565 5461 se
1587 5417 1764 5473 neque
1784 5399 2026 5461 exsistit,

461 5513 641 5570 neque
685 5502 1022 5575 intelligitur.

544 5677 587 5707 "
615 5675 758 5730 I‘suI.
790 5691 899 5738 Liv,
931 5677 983 5729 5.
1060 5675 1258 5731 "Gen.
1296 5692 1333 5743 ι,
1355 5686 1413 5741 λι,
1440 5691 1560 5744 sqq.

1637 5672 1683 5705 ³³
1720 5672 1869 5727 Psal.
1896 5685 1993 5734 vn,
2036 5670 2119 5724 lO.

2135 4580 2434 4651 ίσοτιμίαν;
2459 4576 2643 4631 Ταῦτα
2699 4573 2871 4635 οὓτως
2911 4571 3125 4642 εἴρηται
3160 4566 3309 4639 παρὰ
3347 4564 3444 4632 τῆς
3492 4563 3731 4614 ἐκείνου

2134 4672 2336 4742 φωνῆς.
2386 4667 2632 4737 Κρινέτω
2676 4666 2732 4719 δὲ
2779 4667 2809 4717 ό
2850 4662 3052 4733 κρίνειν
3085 4655 3523 4728 ὲπεσκεμμένος,
3561 4653 3620 4704 εἴ
3670 4671 3729 4705 τι

2133 4738 2341 4834 καίριον
2388 4763 2421 4831 ἡ
2455 4758 2659 4830 σφοδρὰ
2704 4756 2798 4810 τοῦ
2845 4753 3178 4822 συκοφάντου
3230 4747 3530 4817 κατηγορία
3585 4738 3731 4796 καθ’

2133 4854 2289 4925 ἡμῶν
2330 4852 2476 4923 ἔχει,
2519 4852 2603 4919 ἐφ’
2650 4843 2695 4916 ᾧ
2746 4850 2841 4902 καὶ
2891 4840 3330 4915 ἀπολογήσασθαι
3381 4837 3559 4901 ἀξιον,
3631 4836 3732 4889 ὅτι

2132 4943 2452 5017 δωρούμεθα
2482 4948 2593 5005 τοῖς
2620 4941 2845 5010 ὀνόμασι
2890 4938 2988 5008 τὴν
3023 4930 3160 4988 κατὰ
3206 4930 3313 4984 τῶν
3363 4925 3731 4998 πραγμάτων

2135 5034 2453 5107 προνομίαν,
2482 5035 2646 5086 πᾶσιν
2679 5031 2829 5093 ὄντος
2861 5027 3144 5099 προδήλου,
3172 5025 3253 5076 ὅτι
3276 5019 3425 5073 οὐδὲν
3450 5014 3565 5068 τῶν
3591 5014 3732 5066 ὄνο-

2138 5104 2324 5199 μάτων
2376 5123 2606 5193 οὖσιώδη
2665 5121 2784 5177 καθ’
2840 5118 2999 5173 ἑαυτὸ
3060 5116 3353 5169 ὑπόστασιν
3406 5109 3544 5199 ἔγει,
3575 5104 3732 5199 ἀλλὰ

2135 5196 2423 5288 γνώρισμά
2442 5231 2495 5268 τι
2527 5214 2622 5269 καὶ
2663 5214 2885 5283 σημεῖον
2934 5207 3121 5270 οὐσίας
3149 5202 3292 5265 τινὸς
3331 5198 3425 5253 καὶ
3470 5196 3731 5288 διανοίας

2130 5287 2335 5379 γίνεται
2365 5309 2473 5362 πᾶν
2499 5306 2703 5377 ὄνομα,
2744 5302 2876 5357 αὐτὸ
2913 5302 2997 5371 ἐφ’
3027 5294 3221 5353 ἑαυτοῦ
3259 5295 3395 5367 μήτε
3442 5287 3728 5358 ὑπάρχειν,

2138 5403 2275 5475 μήτε
2313 5399 2617 5470 νοούμενον.

2196 5668 2239 5699 ⁸⁵
2274 5664 2511 5734 Philipp.
2556 5678 2623 5727 tt,
2644 5660 2701 5723 9,
2733 5674 2853 5723 sqq.
