4010 6212
292 222 424 274 H0!)

1395 211 1676 267 CONTRA
1722 207 2106 274 EL'NOMIUM,
2141 213 2266 270 LIB.
2312 215 2417 271 ΧΠ.

3424 207 3554 263 mo

350 327 444 397 Τῷ
471 326 527 379 δὲ
559 326 634 398 μὴ
664 326 991 397 ὑφεστηκὸτι
1018 327 1131 392 πῶς
1154 328 1264 382 ἔστι
1296 330 1480 399 νέμειν
1505 330 1604 394 τὰς
1636 328 1862 401 δωρεάς,

2042 333 2103 388 Ei
2156 342 2335 389 autem
2382 334 2529 404 quod
2586 348 2695 388 non
2745 347 2842 401 per
2889 346 2950 385 se
2995 329 3229 390 substat,
3279 328 3555 396 quomodo

279 419 581 473 διδασκέτω
630 419 757 482 τοὺς
814 417 1061 490 μαθητάς
1092 421 1189 491 τῆς
1227 422 1443 493 ἀπάτης
1494 424 1522 474 ὀ
1570 420 1865 493 προσῳυῶς

284 510 588 599 κεχρῆσθαι
624 515 738 575 τοῖς
777 512 1037 583 ὀνόμασιν
1082 513 1268 580 ἀξιῶν,
1312 515 1406 567 καὶ
1439 516 1549 577 τοῖς
1602 514 1866 585 ῥήμασιν.

282 606 505 660 Τούτων
526 605 583 658 δὲ
612 605 721 659 οὐδ’
750 604 815 659 ἂν
844 606 1193 678 ἐπεμνήσθην
1220 607 1378 671 ὅλως,
1403 608 1451 659 εί
1488 606 1562 678 μὴ
1594 606 1661 659 δι’
1693 605 1866 659 αὐτῶν

286 698 395 753 εδει
438 700 539 769 τὴν
586 698 864 765 ἀπόδειξιν
899 698 997 768 τῆς
1039 697 1183 752 κατά
1229 697 1322 752 τὸν
1377 697 1501 752 νοῦν
1536 715 1596 752 τε
1650 698 1743 751 καὶ
1773 697 1872 769 τὴν

289 791 434 859 λέξιν
472 791 692 855 ἀτονίας
723 788 818 843 τοῦ
862 789 1201 862 λογογράφου
1248 789 1600 862 ποιήσασθαι.
1633 790 1744 844 Καὶ
1773 790 1873 843 ὅσα

289 886 390 957 τῆς
420 885 783 939 θεοπνεύστου
832 883 1053 955 Γραφὶπ
1096 882 1456 954 ἀναρμόστως
1490 882 1583 936 καὶ
1617 882 1680 935 οὐ
1730 880 1876 935 κατὰ

293 976 867 1048 σκοπὺνκὲπισύρεται,
897 974 1158 1048 διαφοράν
1190 974 1489 1038 ἀθανασίας
1538 972 1787 1042 ἀγγέλων
1815 989 1875 1025 τε

293 1071 389 1125 καὶ
405 1068 711 1142 ἀνθρώπων
725 1066 1078 1138 τεχνολογῶν,
1094 1066 1194 1120 οὐκ
1203 1061 1318 1119 οἶδα
1340 1065 1476 1137 πρὸς
1493 1065 1523 1119 ὅ
1567 1082 1619 1118 τι
1640 1063 1876 1134 βλέπων,

291 1165 390 1217 κα¹ι
411 1162 466 1215 τί
497 1161 585 1214 διὰ
606 1159 796 1213 τούτου
822 1155 1269 1221 κατασκευάζων,
1296 1155 1581 1211 καὶταῦτα
1616 1154 1871 1227 παρήσω.

293 1253 371 1307 To
397 1254 506 1324 γὰρ
533 1251 799 1305 ἀθάνατον
825 1248 931 1312 ἕως
956 1247 1221 1301 ἀθάνατον
1247 1245 1304 1321 ᾖ,
1334 1248 1395 1300 τὸ
1429 1246 1628 1317 μᾶλλον
1657 1247 1753 1299 καὶ
1776 1239 1878 1315 ἧτ-

294 1363 388 1399 τον
423 1342 791 1415 συγκριτικῶς
820 1342 883 1394 οὐ
922 1340 1301 1411 προσδέχεται.
1331 1341 1392 1394 Εἰ
1421 1339 1529 1411 γάρ
1576 1339 1881 1410 ὑποστολὴν

294 1455 419 1493 τινα
447 1436 586 1491 κατά
619 1433 904 1505 σύγκρισιν
944 1432 1008 1485 τὸ
1051 1431 1238 1502 ἕτερον
1284 1429 1394 1484 τῶν
1433 1429 1880 1502 παρατιθεμένων

300 1530 467 1602 μέρος
495 1529 553 1581 ὲν
579 1525 658 1598 τῷ
684 1527 783 1597 τῆς
807 1523 1104 1587 ἀθανασίας
1133 1523 1245 1602 ἔχοι
1273 1522 1416 1592 λόγῳ
1441 1538 1455 1551 ·
1490 1521 1704 1591 ἀνάγκη
1734 1521 1883 1573 πᾶσα

1974 422 2104 479 licet
2143 423 2286 479 dona
2338 424 2581 479 tribucre
2622 423 2815 477 doceat
2854 419 3065 476 erroris
3102 417 3427 487 discipulos,
3461 418 3552 487 qui

1972 512 2289 569 nominibus
2311 520 2367 569 et
2385 513 2569 568 verbis
2593 512 2808 567 adhaese
2828 519 2882 566 et
2905 515 3270 581 congruenter
3307 523 3367 564 se
3396 523 3554 563 usum

1973 605 2147 662 fuisse
2223 616 2429 664 censet.
2508 604 2715 660 Horum
2794 612 2974 660 autem
3059 602 3263 657 nullam
3332 602 3558 657 omnino

1975 699 2309 755 mentionem
2368 699 2663 763 fecissem,
2712 698 2821 753 nisi
2890 711 2986 767 per
3031 696 3150 765 ipsa
3208 693 3559 749 imbecillitas

1975 798 2088 845 tam
2142 791 2346 846 mentis
2383 807 2546 862 quam
2583 789 2846 847 dictionis
2883 787 3048 860 hujus
3094 785 3384 856 scriptoris
3410 792 3560 840 esset

1975 884 2425 941 demonstranda.
2462 884 2818 954 Quaecunque
2838 892 3023 935 autem
3052 894 3081 934 a
3104 877 3366 933 divinitus
3394 876 3561 946 inspi-

1977 984 2095 1032 rata
2122 977 2410 1047 Scriptura
2435 975 2766 1031 inconcinne
2789 982 2845 1029 et
2880 972 3060 1041 inepte
3098 985 3199 1025 nec
3229 968 3296 1023 ad
3331 983 3559 1039 scopum

1979 1067 2271 1137 pertrahit,
2319 1067 2641 1137 angelorum
2683 1073 2738 1121 et
2790 1062 3078 1119 hominum
3132 1059 3561 1117 immortalitatis

1979 1160 2340 1216 differentiam
2377 1166 2744 1232 pertractans,
2800 1155 2993 1212 nescio
3034 1166 3147 1225 quo
3196 1160 3473 1222 spectans,
3509 1159 3564 1204 et

1980 1252 2111 1323 quid
2152 1267 2248 1321 per
2288 1252 2389 1306 hoc
2443 1258 2800 1320 prazstruens,
2848 1247 3012 1301 etiam
3071 1244 3187 1298 lucc
3237 1241 3421 1297 dicere
3465 1254 3564 1297 su-

1981 1342 2297 1410 persedebo.
2336 1340 2495 1407 Quod
2542 1339 2691 1395 enim
2716 1334 3027 1392 immortale
3063 1330 3305 1403 quandiu
3339 1329 3565 1384 innuer-

1984 1434 2089 1488 talc
2123 1432 2308 1497 fuerit,
2330 1433 2503 1503 magis
2537 1439 2592 1488 et
2625 1429 2813 1487 minus
2850 1425 3225 1496 comparative
3273 1435 3382 1475 non
3418 1418 3567 1485 acci-

1984 1525 2081 1597 pit.
2120 1524 2177 1581 Si
2214 1524 2359 1580 enim
2417 1522 2846 1578 subtractionem
2906 1518 3148 1588 aliquam
3194 1528 3290 1584 per
3348 1525 3572 1580 compa-

302 1599 438 1695 μηδὲ
460 1620 724 1674 ἀθάνατον
742 1617 803 1672 τὸ
827 1618 1066 1673 τοιοῦτον
1087 1600 1573 1686 κατονομάζεσθαι.
1606 1614 1730 1676 Πῶς
1773 1612 1884 1684 γάρ

2002 1620 2255 1683 'ationem
2303 1630 2494 1673 eorum
2548 1629 2671 1685 quae
2725 1618 3075 1683 apponuntur
3118 1620 3248 1678 pars
3296 1604 3467 1657 altera
3513 1599 3570 1654 in

300 1683 378 1771 ἀν’
426 1714 506 1768 ἐτι
545 1713 751 1786 κυρίως
803 1712 1015 1780 λέγοιτο
1060 1683 1348 1771 ἀθάνατον,
1394 1703 1456 1761 οὗ
1507 1707 1569 1760 τὸ
1621 1705 1812 1777 θνητὸν

2003 1710 2199 1765 ctione
2229 1683 2655 1762 immortalitatis
2675 1703 2932 1767 haberet,
2964 1712 3188 1757 necesse
3209 1693 3434 1751 omnino
3452 1706 3577 1748 esse

297 1812 389 1867 διὰ
416 1808 755 1880 συγκρίσεως
785 1804 1209 1878 άντιπαράθεσις
1237 1803 1582 1875 κατηγόρησε
1611 1820 1625 1868 ;
1655 1803 1751 1855 καὶ
1785 1801 1883 1871 τὴν

299 1898 503 1970 λεπτὴν
530 1896 747 1968 ἐκείνην
779 1894 1063 1967 ἀκρίϐειαν
1093 1895 1153 1948 τὸ
1185 1893 1260 1965 μὴ
1284 1892 1524 1947 κελεύειν
1560 1890 1884 1962 ἀδιάφθορον

300 1987 445 2046 εἶναι
478 1989 570 2043 καὶ
611 1988 782 2060 μέσην
821 1988 920 2058 τὴν
967 1988 1064 2057 τῆς
1106 1987 1411 2057 στερήσεως
1461 1984 1704 2044 ἔννοιαν,
1749 1982 1888 2037 ἀλλά

300 2083 395 2136 τὸν
432 2082 530 2153 μὲν
560 2080 670 2135 τῶν
704 2079 1024 2156 κρειττόνων
1056 2077 1332 2148 χωρισμὸν
1353 2116 1368 2140 ,
1404 2076 1656 2148 στέρησιν
1687 2074 1885 2144 λέγειν,

300 2175 402 2247 τὴν
424 2174 480 2228 δὲ
504 2173 610 2227 τῶν
638 2173 895 2244 χειρόνων
940 2170 1260 2235 ἀπόστασιν,
1301 2167 1376 2240 μὴ
1422 2168 1531 2221 δεῖν
1554 2165 1633 2238 τῷ
1663 2167 1888 2238 ὀνόματι

301 2269 480 2338 τούτῳ
506 2265 916 2339 διασημαίνειν;
952 2264 1039 2325 Ὠς
1061 2264 1109 2317 εἰ
1138 2262 1309 2316 ταῦτα
1337 2263 1653 2333 κρατήσειε,
1692 2259 1889 2331 μηκέτι

303 2360 426 2413 κατ’
458 2359 618 2413 αὐτὸν
651 2359 749 2429 τῆς
780 2355 1148 2426 άποστολικῆς
1185 2351 1556 2424 ἀληθευούσης
1605 2351 1821 2422 φωνῆς,
1853 2351 1889 2420 ἦ

304 2467 443 2523 φησι
474 2450 633 2521 μόνον
664 2450 824 2504 αὐτὸν
857 2447 1001 2518 ἔχειν
1034 2446 1334 2501 ἀθανασίαν
1354 2486 1369 2508 ,
1419 2446 1514 2498 καὶ
1555 2446 1667 2507 τοῖς
1712 2443 1892 2507 ἄλλοις

307 2540 583 2611 παρέχειν.
614 2537 679 2591 Τί
706 2536 812 2609 γὰρ
835 2535 944 2607 ἕχει
972 2535 1148 2589 κοινὸν
1179 2535 1214 2605 ἡ
1233 2533 1532 2602 ἐπαχθεῖσα
1565 2531 1720 2603 ῥῆσις
1744 2530 1894 2601 αὐτῷ

309 2633 449 2705 πρὸς
482 2631 575 2685 τον
607 2629 918 2702 προάγοντα
957 2626 1136 2696 λόγον,
1184 2623 1310 2680 οὔτε
1358 2626 1524 2695 ἡμῖν,
1554 2621 1677 2676 οὔτε
1716 2622 1897 2686 ἀλλοις

308 2723 424 2778 τισὶ
454 2722 565 2775 τῶν
597 2719 719 2776 νοῦν
753 2720 987 2791 ἐχόντων
1006 2716 1227 2773 δυνατὸν
1259 2717 1529 2788 ἐννοῆσαι.
1570 2715 1682 2770 Καὶ
1711 2714 1896 2787 ἐπειδὴ

306 2813 383 2868 τὰ
424 2811 563 2882 σοφά
608 2809 780 2865 ταῦτα
811 2809 904 2864 καὶ
934 2808 1107 2863 λεπτά
1154 2807 1393 2862 κατιδεῖν
1428 2807 1528 2861 οὐκ
1576 2806 1894 2877 ἰσχύσαμεν,

310 2905 753 2975 ἀνεπιστήμονας
797 2901 1083 2974 ὀνομάζει,
1123 2897 1350 2972 καὶτῆς
1396 2899 1505 2953 τῶν
1554 2899 1897 2971 πραγμάτων

314 2999 578 3070 κρίσεως,
633 2998 727 3052 καὶ
760 2996 859 3066 τῆς
898 2994 1008 3049 τῶν
1055 2993 1335 3066 ὀνομάτων
1383 2993 1665 3065 χρήσεως,
1699 2990 1897 3045 οὑτωσὶ

314 3094 427 3155 τοῖς
454 3091 664 3163 ῥήμασι
700 3086 951 3159 γράφων,
989 3086 1084 3140 καὶ
1124 3083 1303 3139 πάντα
1339 3080 1408 3137 τὰ
1436 3079 1677 3143 τοιαῦτα,
1703 3079 1778 3145 ὡς
1806 3080 1895 3134 ob.

313 3182 505 3254 εεμίαν
550 3181 743 3254 ἔχοντα
782 3177 926 3235 κατά
976 3178 1075 3248 τῆς
1123 3175 1381 3249 ἀληθείας
1413 3175 1584 3246 ἰσχὺν,
1618 3173 1899 3246 παραδρα·

318 3274 530 3346 μοῦμαι
569 3272 971 3341 ἀνεξετάστως,
1019 3270 1201 3325 καὶτὸ
1247 3268 1556 3325 διαϐάλλειν
1598 3268 1762 3322 αὐτὸν
1800 3267 1900 3339 τὴν

316 3366 633 3421 ἑκτεθεῖσαν
665 3367 795 3437 παρ’
826 3361 988 3436 ἡμῶν
1013 3361 1109 3417 τοῦ
1134 3361 1413 3434 ἀφθάρτου
1446 3379 1505 3415 τε
1547 3361 1641 3415 καὶ
1672 3360 1899 3432 ἀσωμά-

313 3477 412 3513 του
433 3460 692 3523 διάνοιαν,
721 3457 797 3522 ὡς
825 3456 1089 3527 ἑκατέρας
1115 3454 1224 3511 τῶν
1265 3454 1647 3527 προσηγοριῶν
1672 3454 1899 3518 τούτων,

315 3550 419 3620 τῆς
447 3548 566 3619 μὲν,
597 3547 659 3600 τὸ
688 3544 1032 3610 ἀδιάστατον,
1073 3536 1119 3613 ᾧ
1148 3545 1182 3615 ἡ
1204 3542 1474 3617 τριμερὴς
1498 3542 1608 3598 τῶν
1633 3545 1902 3614 σωμάτων

314 3644 421 3697 οὐκ
452 3629 797 3712 ἐνθεωρεῖται
818 3639 1097 3702 διάστασις
1116 3655 1129 3668 ·
1162 3639 1262 3709 τῆς
1286 3637 1364 3704 δὲ,
1392 3638 1451 3691 τὸ
1486 3637 1688 3708 φθορᾶς
1718 3637 1902 3692 ἀνεπί-

318 3736 511 3789 δεκτον
560 3732 949 3804 σημαινούσης.
997 3731 1109 3786 Kal.
1147 3731 1210 3785 τὸ
1253 3730 1436 3799 λέγειν
1480 3730 1663 3794 αὐτὸν,
1706 3730 1909 3785 οὑτωσὶ

322 3828 435 3890 τοῖς
465 3826 738 3896 ῥήμασιν,
772 3824 855 3879 ὅτι
897 3823 960 3878 οὐ
1003 3820 1317 3892 δικαιοῦμεν
1366 3821 1456 3875 τὸν
1489 3820 1595 3874 τῶν
1629 3822 1907 3891 ὀνομάτων

323 3916 516 3980 τύπον,
558 3916 638 3979 είς
670 3915 1044 3988 ἀναρμόστους
1081 3908 1338 3985 ἐκπεσεῖν
1380 3911 1606 3977 ἑννοίας.
1658 3914 1769 3967 Καὶ
1811 3913 1907 3968 τοῦ

329 4008 407 4080 μὴ
437 4002 577 4062 εἶναι
610 4006 645 4079 ἢ
685 4006 762 4079 μὴ
796 4009 1081 4077 προσεῖναι
1124 4004 1458 4076 σημαντικὸν
1510 4003 1912 4075 ὑπολαμϐάνειν

326 4098 534 4152 τούτων
580 4097 830 4160 ἕκαστον,
878 4096 992 4150 ἀλλ’
1044 4094 1210 4153 αὐτοῦ
1241 4092 1336 4148 τοῦ
1382 4088 1555 4158 εἶναι,
1596 4095 1691 4149 καὶ
1742 4095 1913 4150 ταῦτα

330 4189 489 4261 σιγῆς
515 4189 662 4256 ἄξια,
696 4192 789 4244 καὶ
819 4189 1038 4261 βαθείας
1069 4187 1236 4260 λήθης
1267 4182 1406 4241 εἶναι
1438 4187 1649 4258 κρίνας,
1683 4190 1913 4260 παρήσω

1989 1814 2165 1869 neque
2188 1798 2334 1869 quod
2365 1795 2473 1852 tale
2502 1804 2604 1860 est,
2649 1791 2957 1848 immortale
2980 1786 3264 1860 appellari.
3288 1780 3578 1851 Quomodo

1987 1894 2131 1949 enim
2171 1891 2406 1961 amplius
2448 1887 2668 1959 proprie
2699 1886 2976 1941 diceretur
3040 1879 3367 1943 immortale,
3417 1875 3579 1944 cujus

1990 1983 2375 2038 mortalitatem
2437 1980 2580 2034 facta
2626 1992 2720 2048 per
2766 1973 3233 2045 comparationem
3299 1966 3580 2025 contraria

1989 2074 2262 2146 oppositio
2287 2070 2602 2129 accusavit?
2619 2076 2673 2125 et
2692 2068 2839 2123 illam
2864 2073 3174 2121 accuratam
3199 2059 3578 2120 subtilitatem.

1990 2165 2138 2241 quod
2169 2180 2278 2221 non
2323 2163 2516 2233 jubeat
2555 2156 3024 2228 incorruptibilem
3056 2160 3299 2225 esse,get
3343 2148 3579 2205 mediam

1996 2258 2329 2331 privationis
2376 2256 2650 2317 notitiam,
2706 2254 2801 2310 sed
2859 2248 3309 2322 praestantiorum
3359 2242 3580 2315 quidem

1994 2351 2403 2423 separationem
2436 2346 2802 2418 privationem
2843 2342 3049 2404 dicere,
3083 2337 3416 2395 deteriorum
3450 2346 3584 2387 vero

1994 2421 2397 2498 abscessionem
2460 2437 2575 2492 sive
2622 2433 2937 2491 distantiam
3013 2444 3121 2484 non
3181 2432 3442 2497 oportere
3476 2421 3586 2476 hoc

1996 2534 2218 2592 nomine
2248 2527 2600 2602 signiﬁcare?
2638 2526 2793 2593 Quod
2843 2525 2890 2581 si
2934 2523 3052 2578 batc
3081 2511 3442 2591 praevaleant,
3475 2528 3587 2568 non

1997 2627 2231 2697 amplius
2256 2623 2557 2680 secundum
2598 2620 2776 2690 ipsum
2803 2631 2909 2673 vox
2950 2611 3264 2685 apostolica
3295 2624 3421 2665 vera
3456 2622 3589 2677 pro-

1997 2719 2242 2780 babitur,
2296 2730 2417 2786 qute
2471 2714 2609 2770 dicit
2660 2710 2838 2767 solum
2887 2707 3069 2778 ipsum
3117 2702 3319 2759 habere
3364 2701 3589 2755 immor-

1998 2810 2268 2865 talitatem
2322 2807 2368 2838 ’⁸
2414 2814 2470 2862 et
2527 2803 2652 2858 aliis
2708 2799 2977 2871 praebere.
3032 2794 3174 2863 Quid
3219 2791 3368 2848 enim
3422 2790 3592 2848 habet

2001 2914 2297 2957 commune
2318 2899 2388 2952 ab
2412 2897 2531 2967 ipsa
2564 2894 2788 2949 inducta
2824 2890 2995 2946 dictio
3028 2886 3096 2941 ad
3136 2900 3262 2942 eum
3293 2897 3456 2953 quem
3500 2884 3590 2936 in-

2001 2993 2155 3049 ducit
2170 3003 2502 3052 sermonem,
2523 2999 2703 3055 neque
2724 2981 2908 3046 nobis,
2927 2993 3101 3050 neque
3120 2976 3243 3032 aliis
3265 2973 3591 3042 quihusdam

2004 3080 2098 3157 Qui
2128 3092 2308 3138 mente
2352 3087 2481 3137 sunt
2513 3074 2726 3149 praaditi
2749 3114 2764 3141 ,
2798 3071 3105 3143 intelligere
3138 3082 3461 3124 concessum
3487 3074 3591 3120 est.

2004 3178 2071 3233 Et
2107 3175 2368 3246 quoniam
2402 3172 2507 3226 ista
2557 3169 2718 3224 docta
2765 3173 2820 3222 et
2878 3162 3103 3221 subtilia
3153 3176 3266 3217 non
3310 3159 3592 3231 potuimus

2004 3269 2339 3342 perspicere,
2387 3276 2575 3318 rerum
2606 3258 2804 3329 judicii
2846 3265 2901 3313 et
2939 3271 3043 3311 usu
3074 3252 3359 3309 nominum
3391 3250 3599 3304 inscios

2004 3370 2059 3419 et
2108 3362 2333 3433 ignaros
2382 3354 2655 3421 nominat,
2691 3352 2773 3408 sic
2825 3349 2893 3404 ad
2941 3348 3170 3404 verbum
3219 3344 3492 3408 scribens,
3542 3349 3598 3396 et

2006 3454 2190 3509 omnia
2233 3464 2356 3522 qua
2385 3455 2517 3505 sunt
2555 3441 2858 3515 ejusmodi,
2889 3449 2951 3497 ut
2994 3452 3117 3510 qua:
3171 3436 3376 3492 nullam
3405 3442 3599 3489 contra

2006 3542 2294 3600 veritatem
2340 3539 2449 3594 vim
2491 3536 2753 3601 habeant,
2797 3531 3109 3587 indiscussa
3154 3534 3596 3599 pra-tercurram,

2008 3644 2062 3694 et
2105 3635 2251 3707 quod
2304 3647 2336 3687 a
2388 3629 2551 3687 nobis
2587 3627 2893 3698 expositam
2948 3619 3388 3690 incorruptibilis
3432 3626 3487 3673 et
3517 3616 3602 3670 iu-

2015 3724 2268 3798 corporci
2302 3719 2722 3791 intelligentiam
2767 3714 3161 3777 calumnietur,
3194 3709 3340 3781 quod
3370 3718 3603 3777 utraque

2011 3821 2206 3876 barum
2259 3811 2683 3886 appellationum
2731 3821 2837 3862 una
2900 3804 3143 3875 quidem,
3197 3800 3342 3871 quod
3392 3799 3603 3853 dimen-

2012 3912 2169 3968 sione
2186 3914 2359 3968 caret,
2395 3903 2450 3957 in
2469 3916 2579 3972 quo
2603 3898 2876 3968 tripertita
2899 3907 3195 3960 corporum
3220 3905 3329 3945 non
3355 3888 3603 3943 cernitur

2011 4000 2309 4067 distantia;
2340 3996 2511 4052 altera
2544 4007 2676 4048 vero
2700 3988 2846 4059 quod
2872 3986 3128 4042 interitus
3155 3999 3261 4037 non
3296 3990 3388 4061 est.
3405 3995 3599 4051 capax,

2012 4093 2308 4168 signiﬁcet.
2347 4085 2412 4143 Et
2435 4084 2583 4158 quod
2614 4084 2731 4155 ipse
2773 4080 2919 4135 dicat
2958 4079 3043 4134 bis
3074 4077 3279 4137 verbis,
3316 4080 3603 4144 propterea

2012 4162 2157 4260 quod
2196 4184 2346 4254 juste
2400 4193 2511 4233 non
2552 4173 2859 4245 accipimus
2912 4167 3193 4224 nouiinum
3251 4165 3504 4228 formam,
3547 4162 3601 4216 in

329 4250 897 4354 τοίςνὲντυγγάνουσιν
926 4250 1252 4354 ἐφ’-ἑαυτων
1294 4250 1575 4351 φωράσθαι
1744 4250 1897 4354 peju-

2018 4250 2290 4334 absurdas
2328 4278 2384 4323 et
2414 4264 2805 4322 'incoucinnas
2850 4259 3103 4315 unctiones
3150 4254 3484 4313 excidimus.
3541 4250 3607 4303 lit

335 4376 541 4448 γμὲνην
580 4377 718 4447 μετά
740 4376 837 4449 τῆς
865 4375 1049 4440 ἀνοίας
1077 4373 1349 4439 ἀσέϐειαν.

1945 4348 2160 4444 θψιοᾱ
2214 4365 2320 4436 ipsi
2366 4374 2490 4417 esse
2554 4356 2638 4413 vel
2684 4354 2879 4411 adesse
2935 4352 3132 4408 borum
3183 4343 3612 4416 unumquodque

331 4470 713 4526 existimemus
746 4468 1080 4540 signiﬁcare,
1104 4467 1200 4523 sed
1231 4468 1411 4538 ipsum
1438 4481 1582 4531 esse,
1607 4465 1724 4521 haec
1753 4468 1917 4522 etiam
1959 4436 2180 4525 siletttio
2211 4467 2267 4515 et
2301 4451 2573 4527 profunda
2619 4449 2897 4506 oblivione
2920 4445 3088 4515 digna
3144 4455 3270 4498 esse
3331 4436 3615 4509 judicans,

334 4567 748 4638 preterutittam
784 4562 920 4635 ipsis
949 4563 1260 4634 legentibus
1291 4563 1346 4618 in
1382 4561 1581 4633 seipsis
1610 4562 2022 4633 deprehendere
2070 4558 2292 4616 mistatn
2338 4564 2465 4607 cum
2522 4545 2762 4603 amentia
2811 4540 3169 4612 impietatem.

415 4663 514 4724 Ὀς
556 4658 718 4725 ἀξιοῖ,
758 4655 832 4728 μὴ
879 4654 1407 4711 άντιδιαστέλλεσθαι
1459 4656 1521 4712 τὸ
1554 4655 1793 4728 φθαρτὸν
1846 4656 1925 4727 τῷ

335 4750 640 4823 ἀφθάρτῳ,
689 4747 827 4819 μηδὲ
857 4746 1157 4799 ἀπόστασιν
1200 4744 1487 4815 σημαίνειν
1537 4744 1631 4798 τοῦ
1681 4745 1924 4816 χείρονος

338 4844 437 4917 τὴν
478 4838 840 4912 ἀφαιρετικὴν
876 4836 1186 4908 σημασίαν,
1222 4836 1335 4890 ἀλλ’
1385 4837 1520 4890 αὐτὸ
1561 4836 1623 4890 τὸ
1672 4832 1809 4891 εἶναι
1838 4835 1926 4890 διά

341 4936 435 4991 τοῦ
463 4935 824 5005 ὑποκειμένου
856 4929 1238 5002 σημαίνεσθαι.
1270 4930 1330 4983 Εἰ
1355 4928 1537 4983 τοίνυν
1565 4928 1666 4982 οὐκ
1697 4931 1927 5000 ἀφαιρε-

342 5029 467 5102 τικὴ
506 5029 710 5100 φθοράς
746 5029 779 5097 ή
824 5024 918 5080 τοῦ
952 5022 1231 5093 ἀφθάρτου
1259 5022 1506 5094 σημασία
1536 5021 1686 5094 παρά
1710 5022 1804 5076 τοῦ
1834 5040 1926 5076 κε-

344 5124 451 5187 νῶς
514 5122 684 5176 ταῦτα
748 5114 1203 5191 τεχεδολογοῦντος,
1250 5112 1530 5186 νομίζεται
1550 5153 1567 5179 ,
1621 5115 1929 5169 τούναντίον

346 5214 565 5276 πάντως
585 5213 727 5271 κατά
746 5211 924 5264 πᾶσαν
944 5207 1190 5278 ἀνάγκην
1203 5205 1233 5258 ὁ
1251 5202 1491 5268 τοιοῦτος
1525 5202 1815 5269 ἐνδείξεται
1836 5203 1929 5258 τοῦ

350 5307 620 5373 ὀνόματος
640 5303 834 5368 τύπος.
866 5303 930 5357 Εἰ
952 5300 1061 5373 γάρ
1080 5300 1182 5354 οὐκ
1207 5300 1325 5354 ἔστι
1356 5300 1562 5373 φθορᾶς
1579 5298 1932 5371 ἀλλοτρίωσις

352 5402 382 5468 ὴ
417 5396 696 5469 άφθαρσία
717 5437 731 5458 ,
767 5393 1163 5463 συγκατάθεσις
1197 5393 1349 5447 ἔσται
1380 5394 1597 5457 πάντως
1625 5395 1719 5447 τοῦ
1753 5394 1932 5461 ἀπεμ-

354 5488 659 5558 φαίνοντος·
697 5488 832 5556 αὕτη
861 5485 959 5556 μὲν
986 5484 1093 5557 γὰρ
1127 5482 1237 5538 τῶν
1263 5484 1551 5538 ἀντιθέτων
1585 5485 1618 5555 ἡ
1652 5482 1833 5552 φύσις,
1853 5480 1928 5544 ὡς

412 5652 454 5679 ³“
493 5657 775 5716 lTitnotlt.
814 5677 887 5720 rt,
935 5660 1015 5716 lii.

2101 4650 2171 4708 Ut
2201 4649 2298 4721 qui
2331 4648 2555 4701 censeat
2583 4634 2945 4707 corruptibile
2974 4630 3044 4685 ab
3072 4622 3477 4696 incorruptibili
3501 4634 3611 4676 non

2029 4711 2273 4808 dill‘erre,
2328 4751 2505 4809 neque
2551 4730 2952 4788 abscessiouem
2983 4721 3294 4794 signiﬁcare
3324 4711 3612 4773 deterioris

2033 4833 2428 4894 abstractivant
2471 4823 2947 4901 signiﬁcationem,
2995 4816 3090 4872 sed
3126 4814 3310 4885 ipsum
3353 4824 3477 4867 esse
3517 4822 3612 4877 per

2029 4929 2336 4997 subjectum
2375 4899 2695 4993 signiﬁcari.
2758 4913 2817 4969 Si
2856 4912 3021 4983 igitur
3074 4901 3507 4976 incorruptibilis
3536 4899 3613 4956 si-

2029 4993 2307 5094 gnilicatio
2333 5013 2614 5069 interitum
2653 5025 2759 5063 non
2797 5003 3118 5061 abstrahere
3162 5000 3232 5055 ab
3262 5012 3329 5054 eo
3369 4994 3461 5065 qui
3499 4993 3613 5047 haec

2026 5085 2263 5169 inaniter
2292 5117 2348 5165 ct
2398 5107 2679 5164 incassum
2714 5108 2832 5154 arte
2870 5112 2972 5153 sua
3016 5091 3285 5163 conﬁngit
3326 5085 3613 5144 existima-

2028 5215 2140 5270 tur,
2182 5200 2519 5260 contrariutn
2570 5196 2797 5254 omnino
2834 5207 2929 5262 per
2962 5202 3179 5245 omnem
3227 5182 3612 5241 necessitatem

2028 5290 2429 5352 demonstrabit
2458 5284 2732 5361 eiusmodi
2771 5280 3009 5337 nominis
3044 5278 3237 5334 forma.
3269 5271 3325 5329 Si
3354 5271 3499 5329 enim
3532 5270 3613 5324 iu-

2028 5383 2468 5456 corruptibilitas
2513 5360 2621 5435 non
2652 5375 2909 5433 interitus
2939 5379 3024 5429 est
3057 5367 3341 5433 alienatio,
3366 5360 3616 5436 proiecto

2036 5476 2285 5534 assensio
2325 5472 2432 5529 erit
2486 5464 2865 5525 dissentanei:
2918 5462 3033 5519 lucc
3069 5458 3214 5515 enim
3264 5464 3352 5512 est
3403 5449 3616 5525 appost-
