4010 6212
418 165 549 229 ΗΜ

1672 178 1729 233 S.
1756 173 2081 232 GBEGOBII
2112 175 2409 233 NYSSENI

3533 179 3675 239 ιιιε

397 294 580 341 turum
637 297 856 350 natura,
908 298 967 343 ut
995 290 1159 345 unius
1182 290 1459 346 ablatione
1489 291 1715 347 alterius
1745 292 1979 363 oppositi

2092 296 2150 364 τῇ
2182 293 2275 348 τοῦ
2323 293 2440 356 ἐνὸς
2472 293 2793 364 ἀφαιρέσει,
2827 292 2924 365 τὴν
2968 291 3062 346 τοῦ
3092 294 3471 364 ἀντικειμένου
3521 295 3680 352 θέσιν

398 381 602 451 positio
634 390 1023 451 consequatur.
1066 378 1173 437 Sed
1221 391 1275 436 et
1328 383 1580 438 acerbam
1625 384 1770 439 illam
1801 398 1982 439 astru-

397 472 639 526 etionem
677 474 823 543 quod
867 470 1009 529 Deus
1062 486 1257 529 natura
1312 475 1382 530 sit
1427 490 1594 546 capax
1656 478 1870 540 mortis,
1924 485 1984 531 ut

398 563 494 632 qui
543 565 885 620 contrariam
921 564 990 621 de
1042 564 1129 622 his
1181 566 1385 622 habeat
1430 569 1767 638 opinionem,
1803 570 1983 625 valere

399 658 668 714 sinamus.
706 656 821 715 Nos
882 658 1028 714 enim
1069 658 1125 715 in
1155 661 1429 730 oppositis
1462 661 1597 715 nihil
1641 660 1860 718 diﬂ'erre
1892 678 1989 733 pu-

400 759 603 812 tamus,
662 752 747 806 vel
802 750 987 808 dicere
1033 752 1246 823 aliquid
1301 769 1448 820 esse,
1500 755 1586 810 vel
1643 755 1984 811 contrarium

398 854 508 894 nou
551 855 697 907 esse,
726 848 789 895 ut
815 841 930 911 jam
964 841 1019 896 in
1055 843 1316 913 praesenti
1345 858 1599 900 sermone
1631 844 1799 899 vitam
1835 860 1988 901 asse-

398 940 583 985 mntes
627 928 796 985 Deum
838 947 985 996 esse,
1030 932 1200 1002 hujus
1258 932 1624 990 confessionis
1678 935 1729 989 vi
1784 951 1847 989 ac
1887 950 1987 1005 po-

400 1029 602 1077 testate
666 1034 922 1079 velamus
973 1034 1207 1081 mortem
1261 1027 1317 1080 in
1385 1028 1508 1097 ipso
1564 1026 1831 1097 cogitare,
1880 1027 1985 1083 etsi

397 1128 510 1168 non
546 1129 645 1185 per
674 1128 859 1171 vocem
904 1117 1279 1174 enuntiamus.
1312 1117 1379 1172 Et
1409 1133 1535 1173 cum
1584 1119 1763 1189 ipsum
1794 1119 1988 1174 mortis

398 1221 510 1261 non
568 1221 827 1277 capacem
868 1207 1112 1265 confessi
1157 1208 1447 1278 fuerimus,
1491 1210 1682 1267 eadem
1738 1213 1989 1267 oratione

397 1297 581 1367 ipsum
631 1299 795 1353 vitam
844 1314 971 1356 esse
1017 1299 1430 1358 alﬁrmavimus.
1486 1300 1594 1359 Sed
1652 1318 1762 1358 non
1804 1303 1987 1370 video,

398 1385 599 1455 inquit,
653 1389 934 1457 quomodo
983 1406 1051 1446 ex
1106 1391 1192 1447 his
1246 1407 1370 1462 quae
1424 1407 1535 1447 non
1583 1393 1792 1457 insunt,
1843 1392 1988 1449 Deus

399 1490 568 1547 super
605 1493 737 1533 suas
772 1488 1056 1537 creaturas
1081 1481 1342 1537 emineat.
1386 1481 1455 1537 Et
1499 1483 1607 1539 hoc
1643 1484 1861 1539 erudito
1894 1499 1987 1538 ar-

398 1575 657 1639 gumento
699 1569 817 1626 sive
863 1580 1065 1627 conatu
1109 1587 1236 1629 cum
1278 1574 1560 1644 impietate
1598 1575 1832 1631 bardum
1870 1577 1989 1633 sive

2085 381 2432 437 ἁντεισιέναι.
2481 380 2641 434 Ἀλλὰ
2683 381 2778 434 καὶ
2821 381 2921 451 τὴν
2957 381 3207 453 δριμεῖαν
3254 384 3471 456 ἐκείνην
3500 403 3679 442 κατα-

2087 474 2285 545 σκευὴν
2305 473 2398 527 τοῦ
2420 473 2581 543 φύσει
2603 473 2695 526 τὸν
2718 472 2849 526 Θεὸν
2876 472 3223 527 ἀνεπίδεκτον
3248 470 3385 528 εῖναι
3415 476 3682 543 θανάτου,

2084 566 2271 639 ὥσπερ
2298 567 2451 630 ὄντος
2483 565 2575 620 τοῦ
2621 565 2721 637 τὴν
2752 564 3001 620 ἐναντίαν
3049 566 3178 637 περὶ
3221 565 3427 620 τούτων
3462 566 3683 638 ἔχοντος

2083 659 2272 725 δόξαν,
2312 659 2522 731 χαίρειν
2569 660 2841 728 ὲάσωμεν.
2892 658 3086 728 Ἡμεῖς
3122 658 3231 728 γὰρ
3261 659 3319 712 έν
3368 662 3483 722 τοῖς
3523 662 3679 714 ἀντι-

2085 750 2262 814 θέτοις
2296 749 2450 803 οὐδὲν
2493 748 2771 820 διαφέρειν
2805 749 3119 819 ἡγούμεθα,
3167 747 3199 819 ἦ
3231 749 3290 802 τὸ
3322 748 3379 802 δὲ
3412 750 3598 819 λέγειν
3628 771 3680 805 τι

2085 838 2246 909 εἶναι,
2267 843 2300 915 ἢ
2322 844 2383 896 τὸ
2415 842 2655 897 ἐναντίον
2685 842 2763 915 μὴ
2780 837 2944 906 εἶναι,
2962 836 3075 895 οἷον
3095 842 3160 912 δὴ
3178 843 3272 896 καί
3290 843 3384 895 ἐπὶ
3408 843 3502 896 τοῦ
3526 860 3679 917 παρ-

2084 934 2235 997 όντος
2280 935 2440 1004 λόγου
2489 933 2634 1005 ζωὴν
2671 934 2919 998 εἰπόντες
2957 934 3047 988 τὸν
3087 934 3220 988 Θεὸν
3267 930 3430 997 εἶναι,
3466 936 3681 1005 ἀπαγο-

2089 1026 2317 1099 ρεύομεν
2346 1027 2412 1098 τῇ
2440 1025 2666 1097 δυνάμει
2706 1025 2794 1079 διὰ
2844 1028 2942 1095 τῆς
2992 1025 3282 1096 ὁμολογίας
3328 1026 3535 1097 ταύτης
3588 1028 3682 1080 τὸν

2087 1120 2316 1175 θάνατον
2351 1120 2478 1192 περὶ
2507 1119 2669 1174 αὑτὸν
2714 1120 2915 1173 ἐννοεῖν
2935 1159 2951 1180 ,
2985 1116 3086 1172 κᾶν
3130 1119 3204 1191 μὴ
3233 1118 3323 1173 διὰ
3358 1118 3458 1190 τῆς
3491 1119 3682 1190 φωνῆς

2087 1210 2521 1284 ἐξαγγέλλωμεν.
2553 1212 2664 1266 Καὶ
2707 1211 2835 1266 ὅταν
2876 1212 3223 1266 ἀνεπίδεκτον
3251 1211 3411 1264 αὑτὸν
3441 1208 3680 1266 θανάτου

2085 1304 2532 1375 ὁμολογήσωμεν,
2578 1301 2657 1374 τῷ
2706 1301 2853 1373 αὐτῷ
2886 1302 3030 1373 λόγῳ
3071 1300 3131 1355 τό
3163 1300 3305 1372 ζωὴν
3338 1302 3503 1356 αὐτὸν
3538 1297 3680 1354 εἶναι

2087 1393 2590 1464 κατεσκευάσαμεν.
2648 1391 2787 1445 Ἀλλ’
2835 1391 2936 1462 οὐχ
2986 1390 3096 1463 ὁρῶ
3117 1430 3131 1453 ,
3166 1391 3331 1461 φησι,
3358 1389 3481 1453 πῶς
3507 1388 3578 1443 ἂν
3615 1393 3681 1444 ὲκ

2086 1484 2194 1539 τῶν
2221 1485 2297 1558 μὴ
2326 1486 2637 1558 προσόντων
2674 1484 2919 1556 ὑπερέχῃ
2956 1482 3063 1537 τῶν
3088 1482 3268 1536 αὑτῶν
3300 1483 3626 1553 ποιημάτων
3651 1486 3682 1536 ὁ

2086 1576 2238 1641 Θεός.
2290 1577 2401 1632 Καὶ
2444 1576 2537 1630 ὲπὶ
2566 1575 2645 1648 τῷ
2678 1575 2826 1647 σοφῷ
2872 1576 3047 1647 τούτῳ
3079 1576 3502 1647 ἐπιχειρήματι,
3536 1576 3682 1646 μετὰ

399 1659 657 1715 stolidum
710 1662 956 1717 nominat
1006 1677 1265 1735 magnum
1296 1662 1583 1748 Basilium,
1628 1667 1722 1736 qui
1774 1666 1980 1723 talibus

2092 1668 2344 1732 ἀσεϐείας
2377 1667 2584 1739 ἠλίθιον
2609 1666 2865 1738 ὀνομάζει
2910 1665 3001 1721 τὸν
3037 1665 3213 1735 μέγαν
3247 1664 3546 1727 Βασίλειον,
3585 1666 3681 1717 τὸν

398 1751 583 1809 verbis
630 1752 710 1809 uti
763 1768 934 1810 ausus
958 1763 1064 1821 est,
1108 1756 1376 1812 adversus
1422 1771 1584 1826 quem
1617 1756 1848 1813 dixerim
1877 1772 1986 1812 non

399 1840 562 1895 valde
598 1841 776 1898 eﬂ'use
825 1849 1019 1898 contra
1076 1859 1175 1900 eos
1219 1847 1315 1916 qui
1380 1846 1497 1902 haec
1549 1836 1745 1903 dicunt
1793 1856 1989 1904 contu-

401 1931 585 1989 meliis
628 1949 792 1990 usum
825 1934 1021 2002 fuisse,
1060 1952 1132 1993 ne
1164 1938 1358 1994 iisdem
1397 1938 1719 2010 imprudens
1746 1940 1989 2012 seipsum

401 2025 625 2094 probris
672 2024 907 2096 alliciat;
952 2026 1194 2085 fortasse
1232 2029 1382 2088 enim
1414 2046 1592 2104 neque
1624 2033 1743 2104 ipse
1775 2045 1994 2090 contra.

401 2119 626 2188 dixerit,
653 2121 714 2176 in
743 2119 853 2176 hoc
869 2121 1073 2176 divinae
1093 2129 1308 2178 natura:
1326 2123 1672 2194 maiestatem
1700 2125 1986 2196 cognosci,

399 2214 455 2268 in
506 2229 623 2281 quo
660 2213 866 2267 mulam
894 2214 1059 2270 habet
1094 2229 1218 2270 cum
1245 2214 1333 2271 bis
1353 2216 1818 2283 communionem,
1847 2232 1988 2289 quo-

400 2316 523 2357 rum
559 2310 755 2357 natura
809 2301 994 2358 infima
1037 2304 1319 2383 particeps
1354 2307 1683 2363 ostenditur.
1743 2307 1802 2363 Si
1836 2310 1982 2366 enim

399 2410 569 2451 unum
605 2394 736 2467 quid
768 2396 967 2453 borum
998 2405 1169 2464 esset,
1206 2414 1385 2471 neque
1429 2401 1554 2472 plus
1610 2402 1858 2470 haberet,
1890 2403 1988 2460 sed

399 2488 542 2545 idem
598 2504 824 2560 prorsus
872 2497 1018 2547 esset
1062 2506 1187 2547 cum
1232 2507 1568 2566 unoquoque
1615 2511 1807 2550 eorum
1853 2512 1978 2568 quae

399 2580 754 2651 proprietatis
799 2580 1243 2637 communionem
1276 2582 1503 2639 habent.
1539 2582 1696 2651 Quod
1731 2585 1778 2643 si
1820 2601 1987 2657 supra

399 2672 517 2726 haec
547 2680 652 2737 est,
700 2672 829 2744 quia
869 2672 1130 2727 nimirum
1161 2671 1277 2728 haec
1307 2689 1418 2729 non
1460 2674 1677 2739 habeat,
1726 2692 1893 2749 supra
1923 2694 1987 2735 ea

397 2776 523 2832 quae
553 2761 669 2817 haec
718 2763 943 2827 habent,
972 2763 1179 2818 eminet
1212 2785 1226 2817 :
1267 2764 1729 2835 quemadmodum
1755 2768 1987 2825 dicimus

400 2856 609 2925 peccati
665 2865 946 2927 expertem
988 2858 1427 2929 prmstantiorem
1462 2838 1585 2916 esse
1620 2860 1707 2916 his
1737 2863 1829 2933 qui
1862 2879 1989 2934 pec-

2087 1766 2200 1830 τοῖς
2227 1764 2488 1829 τοιούτοις
2512 1763 2951 1836 ὲπιτολμήσαντα
2978 1763 3176 1833 λόγοις,
3216 1761 3354 1833 πρὸς
3377 1762 3435 1817 δν
3462 1763 3681 1833 εἴποιμι

2091 1858 2180 1923 ἂν,
2215 1859 2290 1931 μὴ
2320 1858 2442 1912 λίαν
2476 1857 2710 1928 ἀφειδῶς
2745 1857 2886 1911 κατά
2916 1855 3024 1911 τῶν
3057 1856 3230 1911 ταῦτα
3271 1855 3537 1925 λεγόντων
3581 1872 3682 1908 κε-

2089 1951 2323 2024 χρῆσθαι
2351 1954 2472 2016 ταῖς
2502 1948 2727 2023 ὕϐρεσι,
2778 1955 2851 2021 μή
2884 1964 2959 2018 πη
2991 1951 3084 2003 καὶ
3139 1948 3331 2002 ἑαυτὸν
3385 1947 3531 2021 λάθῃ
3568 1949 3686 2010 τοῖς

2090 2044 2274 2108 αὐτοῖς
2318 2038 2685 2116 καθυϐρίζων.
2724 2040 2879 2113 Τάχα
2936 2042 3034 2114 γὰρ
3061 2041 3173 2095 οὐδ’
3203 2040 3270 2095 ἂν
3301 2038 3465 2105 αὐτὸς
3501 2040 3686 2094 ἀντεί-

2090 2156 2181 2192 ποι
2217 2140 2274 2191 ὲν
2305 2136 2481 2206 τούτῳ
2527 2136 2588 2190 τὸ
2634 2135 2919 2207 μεγαλεῖον
2958 2138 3058 2206 τῆς
3107 2132 3256 2198 θείας
3308 2133 3684 2205 γνωρίζεσθαι

2090 2229 2325 2299 φύσεως,
2358 2229 2417 2282 ὲν
2438 2226 2517 2299 τῷ
2545 2227 2814 2299 μηδεμίαν
2839 2226 2983 2297 ἔχειν
3008 2226 3143 2295 πρὸς
3168 2224 3339 2279 ταῦτα
3367 2224 3685 2287 κοινωνίαν,

2087 2319 2165 2376 ὧν
2190 2324 2224 2394 ἠ
2249 2321 2398 2377 κάτω
2427 2319 2587 2390 φύσις
2641 2317 2940 2390 μετέχουσα
2969 2318 3263 2371 δείκνυται.
3293 2317 3358 2370 Εἰ
3385 2315 3501 2387 γάρ
3530 2316 3593 2369 ἓν
3630 2333 3685 2369 τι

2088 2414 2293 2469 τούτων
2337 2413 2453 2484 εἴη,
2500 2411 2607 2465 οὐδ’
2636 2410 2702 2465 ἂν
2749 2408 2812 2464 τὸ
2848 2409 3008 2463 πλέον
3035 2408 3183 2479 ἔχοι,
3212 2406 3347 2462 ἀλλὰ
3374 2407 3581 2461 ταύτὸν
3620 2407 3688 2460 ἂν

2088 2507 2175 2577 εἴη
2206 2506 2423 2569 πάντως
2460 2504 2675 2573 ἑκάστῳ
2713 2501 2824 2555 τῶν
2871 2499 3366 2554 έπικοινωνούντων
3397 2498 3496 2551 τοῦ
3537 2498 3686 2552 ἰδιώ-

2092 2616 2286 2671 ματος.
2325 2598 2387 2652 Εἰ
2417 2597 2475 2651 δὲ
2506 2596 2647 2668 ὑπὲρ
2673 2594 2847 2651 ταῦτά
2877 2596 3023 2658 ἐστι,
3056 2592 3136 2665 τῷ
3178 2592 3253 2664 μὴ
3292 2592 3440 2663 ἔχειν
3478 2590 3691 2663 δηλαδὴ

2088 2691 2290 2755 ταῦτα,
2324 2690 2431 2745 τῶν
2465 2689 2695 2760 ἐχόντων
2728 2686 3137 2758 ὑπερανέστηκε
3161 2701 3174 2714 ·
3207 2683 3462 2753 καθάπερ
3502 2682 3689 2751 φαμὲν

2090 2783 2376 2861 κρείττονα
2420 2780 2528 2835 τῶν
2576 2781 2636 2834 ὲν
2676 2777 2975 2851 ἁμαρτίαις
3014 2775 3185 2830 ὄντων
3225 2769 3367 2829 εἶναι
3428 2773 3525 2827 τὸν
3556 2774 3693 2825 ἀνα-

2093 2875 2389 2947 μάρτητον.
2438 2870 2514 2925 Τὸ
2546 2872 2658 2944 γάρ
2682 2870 2778 2925 τοῦ
2809 2868 2982 2924 κακοῦ
3013 2865 3368 2939 κεχωρίσθαι,
3390 2864 3488 2918 τοῦ
3526 2864 3693 2918 πλου-

398 2949 540 3005 catis
573 2951 1060 3018 contaminamur;
1090 2965 1215 3005 nam
1247 2966 1278 3005 a
1316 2951 1461 3007 maio
1496 2962 1805 3024 separatum
1837 2972 1989 3029 esse,

2092 2970 2201 3023 τείν
2231 2970 2289 3021 έν
2320 2964 2433 3031 τοῖς
2462 2965 2708 3037 ἀρίστοις
2745 2961 3023 3027 ἀπόδειξις
3070 2961 3301 3031 γίνεται.
3336 2958 3480 3012 Ἀλλ’
3509 2960 3541 3012 ὀ
3585 2958 3697 3029 μὲν

400 3040 458 3094 in
506 3040 732 3110 optimis
793 3040 1022 3097 divitem
1081 3056 1228 3109 esse,
1274 3040 1673 3101 demonstratio
1728 3046 1984 3103 edicitur.

403 3131 513 3188 Sed
542 3131 634 3189 hic
664 3132 885 3205 quidem
915 3134 1351 3192 contumeliosus
1377 3137 1715 3193 conviciator
1760 3134 1860 3196 sua
1895 3156 1991 3197 ua-

400 3228 527 3276 tura
550 3230 766 3288 utatur,
814 3238 918 3279 nos
964 3236 1147 3279 autem
1188 3239 1312 3279 cum
1349 3225 1607 3296 exiguum
1637 3229 1768 3298 quid
1800 3244 1989 3285 eorum

402 3313 895 3385 significaverimus
929 3329 1053 3385 quae
1095 3322 1225 3370 sunt
1264 3315 1321 3369 in
1356 3315 1460 3370 hac
1509 3327 1662 3386 parte
1714 3319 1883 3389 dicta,
1924 3323 1993 3376 ad

405 3406 686 3477 proposita
730 3406 1034 3461 orationem
1089 3406 1438 3464 redueemus.

426 3498 743 3553 “Similiter
776 3497 874 3563 ait,
931 3498 1109 3568 ipsum
1144 3509 1408 3570 superare
1450 3518 1573 3573 qua:
1616 3515 1745 3560 sunt
1788 3514 1995 3562 morta-

405 3590 478 3644 lia
516 3598 578 3644 ut
629 3588 1022 3658 immortalem,
1053 3597 1107 3646 et
1136 3593 1519 3663 corruptibilia
1565 3604 1626 3651 ut
1662 3597 1995 3671 incorrupti-

401 3685 597 3748 bilem,
633 3694 688 3741 et
730 3684 817 3739 bis
882 3699 1006 3756 quas
1062 3691 1193 3741 sunt
1241 3686 1429 3757 genita
1471 3691 1906 3759 supereminere,
1936 3678 1994 3748 ut

406 3778 732 3849 ingenitum.
768 3780 852 3833 An
895 3792 1008 3833 non
1069 3778 1330 3835 omnibus
1378 3782 1666 3853 perspicua
1711 3794 1796 3840 est
1829 3784 1994 3857 hujus

405 3870 519 3927 Deo
579 3871 802 3928 rebellis
854 3871 1160 3943 impietatis
1193 3875 1452 3941 assertio,
1506 3890 1576 3931 an
1617 3880 1866 3935 oratione
1894 3881 1996 3936 im-

404 3963 731 4034 probitatem
774 3965 1032 4022 convenit
1087 3966 1377 4023 revelare?
1421 3968 1559 4034 Quis
1614 3969 1828 4042 ignorat
1873 3989 1996 4044 qua:

405 4057 595 4113 eadem
615 4072 876 4114 mensura
898 4066 1157 4129 superata
1178 4068 1327 4128 sunt,
1360 4060 1592 4131 aequalia
1619 4063 1846 4119 omnino
1873 4081 1996 4123 esse

404 4150 547 4204 inter
595 4164 654 4205 se
678 4148 707 4202 ?
757 4147 814 4204 Si
856 4148 1023 4221 igitur
1054 4150 1308 4207 similiter
1339 4168 1371 4207 a
1398 4151 1509 4208 Deo
1553 4164 1847 4225 superatur
1877 4172 1996 4212 cor-

404 4240 663 4310 rnptibile
721 4248 776 4297 et
836 4239 1114 4313 genitum;
1177 4244 1398 4317 genitus
1453 4253 1637 4303 autem
1693 4257 1780 4304 est
1829 4249 1993 4305 etiam

2095 3062 2358 3134 ὑϐριστὴς
2407 3057 2696 3130 κεχρήσθω
2743 3058 2812 3128 τῇ
2864 3055 3053 3125 φύσειο
3103 3054 3267 3124 ἡμεῖς
3312 3051 3370 3105 δὲ
3403 3052 3603 3122 μικρόν
3633 3067 3692 3105 τι

2094 3152 2623 3228 Μρασημανάμενοι
2660 3148 2769 3205 τῶν
2794 3150 2852 3202 ὲν
2876 3148 2955 3220 τῷ
2998 3147 3152 3219 μέρει
3184 3145 3358 3216 τούτῳ
3386 3143 3693 3216 ῥηθέντων,

2095 3249 2228 3325 πρὸς
2250 3247 2320 3301 τὰ
2350 3244 2690 3319 προκείμενα
2705 3242 2797 3297 τὸν
2822 3241 2980 3315 λόγον
3004 3238 3327 3312 μετάξομεν.

2178 3508 2410 3581 Ὁμοίως
2439 3506 2628 3580 φησιν,
2668 3499 2829 3560 αὑτὸν
2858 3503 3146 3574 ὑπερέχειν
3190 3501 3296 3557 τῶν
3348 3500 3449 3573 μὲν
3472 3498 3693 3574 θνητῶν

2093 3599 2168 3664 ὡς
2194 3598 2479 3665 ἀθάνατον,
2513 3596 2621 3650 τῶν
2647 3596 2704 3650 δὲ
2749 3594 3003 3667 φθαρτῶν
3030 3595 3105 3659 ὡς
3145 3592 3448 3664 ἄφθαρτον,
3480 3593 3592 3646 τῶν
3630 3592 3697 3645 δὲ

2093 3689 2372 3763 γεννητῶν
2420 3689 2497 3753 ὡς
2529 3687 2849 3759 ἀγέννητον.
2881 3681 3029 3759 *Αρα
3072 3686 3237 3740 πᾶσίν
3276 3687 3391 3739 ἐστι
3422 3684 3694 3756 πρόδηλος

2094 3788 2130 3859 ἡ
2162 3782 2257 3839 τοῦ
2302 3782 2572 3853 θεομάχοι)
2615 3780 2714 3851 τῆς
2744 3777 3001 3843 ἀσεϐείας
3058 3774 3406 3846 κατασκευὴ,
3455 3775 3492 3845 ἢ
3545 3774 3701 3844 λόγῳ

2095 3875 2361 3948 προσήκει
2389 3869 2785 3940 διανακαλύψαι
2809 3868 2909 3941 τὴν
2938 3866 3239 3938 πονηρίαν;
3271 3865 3367 3929 Τίς
3407 3865 3513 3918 οὐκ
3548 3861 3696 3937 οἶδεν

2093 3970 2175 4024 ὅτι
2202 3967 2272 4022 τὰ
2310 3966 2392 4038 τῷ
2411 3964 2560 4037 αὑτῷ
2592 3964 2775 4037 μέτρῳ
2794 3960 3196 4033 ὑπερεχόμενα,
3231 3959 3325 4013 ica
3347 3959 3572 4022 πάντως
3600 3956 3697 4010 ἀλ-

2094 4059 2276 4130 λήλοις
2293 4057 2475 4123 ὲστίνς
2506 4057 2570 4110 Ei
2590 4050 2683 4110 οὖν
2698 4053 2900 4126 ὁμοίως
2922 4050 3247 4124 ὑπερέχεται
3272 4048 3529 4121 παράτοῦ
3552 4048 3696 4102 Θεοῦ

2093 4153 2157 4207 τὸ
2181 4150 2421 4223 φθαρτὸν
2444 4150 2540 4204 καὶ
2565 4146 2824 4218 γεννητὸν
2842 4185 2859 4210 ,
2893 4142 3154 4215 γεννητὸς
3192 4142 3250 4196 δὲ
3279 4143 3373 4197 καὶ
3403 4144 3433 4196 ὁ
3454 4141 3661 4212 Κύριος
3677 4158 3694 4171 ο

2097 4245 2362 4316 Εὑνόμιος
2410 4224 2817 4313 συμπερανάτω
2870 4237 2931 4294 τὸ
2984 4242 3048 4292 ὲκ
3091 4237 3201 4292 τῶν
3252 4235 3517 4289 τεθέντων
3554 4235 3696 4287 ἀνα-

404 4332 671 4389 Dominus
715 4352 728 4389 :
771 4332 1074 4391 Eunomius
1126 4337 1420 4393 conciudat
1459 4354 1526 4395 ex
1574 4340 1768 4411 positis
1814 4356 1989 4398 emer-

2097 4336 2303 4391 κύπτον
2342 4334 2619 4405 ἀσέϐημα,
2668 4332 2839 4403 Δῆλον
2871 4332 2980 4403 γάρ
3019 4332 3100 4385 ὄτι
3134 4328 3331 4383 ταύτὸν
3360 4327 3576 4418 ἡγεῖται
3621 4326 3691 4395 τῇ

404 4443 538 4498 gens
567 4427 895 4500 inexpiabile
928 4429 1133 4486 scelus.
1164 4430 1525 4501 Perspicuum
1551 4434 1700 4489 enim
1732 4443 1818 4492 est
1840 4435 1991 4508 quod

404 4521 810 4590 generationem
843 4522 985 4578 idem
1012 4522 1290 4579 existimat
1317 4524 1685 4581 cuminteritu
1716 4538 1771 4582 et
1794 4535 1992 4594 morte,

403 4623 466 4668 ut
498 4613 640 4670 idem
685 4613 741 4670 in
794 4615 958 4686 paulo
1023 4615 1407 4686 superioribus
1457 4620 1808 4677 sermonibus
1867 4637 1992 4678 cum

402 4707 808 4777 iucorruptibiii
870 4708 1173 4779 ingenitum
1212 4708 1607 4778 pronuntiavit.
1652 4709 1712 4767 Si
1763 4728 1894 4782 ergo
1938 4714 1993 4769 in

401 4800 601 4871 aequali
641 4800 817 4855 cernit
850 4801 1135 4856 interitum
1168 4810 1225 4857 et
1264 4802 1679 4874 generationem
1733 4813 1788 4859 et
1835 4805 1991 4860 simi-

404 4892 531 4949 liter
580 4893 801 4957 asserit,
835 4892 907 4947 ab
936 4892 1023 4949 his
1048 4893 1266 4950 duobus
1315 4895 1485 4951 Deum
1527 4895 1741 4960 abesse,
1772 4899 1993 4968 genitus

405 4995 588 5042 autem
639 4985 904 5042 Dominus
948 5001 963 5038 :
1005 4985 1191 5042 nullus
1223 5003 1253 5040 a
1306 4988 1466 5043 nobis
1516 4988 1719 5060 exigat,
1750 4988 1897 5059 quod
1926 5007 1995 5045 ex

404 5078 508 5133 hac
543 5078 792 5135 oratione
815 5080 1199 5149 consequitur,
1234 5093 1558 5149 proponere,
1591 5080 1687 5134 sed
1712 5074 1777 5136 ex
1808 5081 1993 5152 seipso

403 5172 817 5228 eozielusionem
848 5171 1069 5243 colligat
1096 5189 1109 5227 :
1139 5170 1408 5243 siquidem
1438 5186 1503 5226 ex
1535 5187 1694 5243 azquo
1723 5183 1778 5228 et
1798 5188 1994 5229 secun-

404 5261 537 5316 dum
566 5262 813 5319 eamdem
871 5264 1143 5319 rationem
1171 5279 1202 5317 a
1225 5262 1410 5333 genito
1434 5271 1489 5319 et
1510 5263 1856 5333 corruptibili
1898 5263 1991 5320 Dei

404 5368 605 5409 natura
636 5356 823 5413 distat.
858 5355 963 5413 Sed
992 5372 1101 5413 non
1129 5358 1281 5422 licet,
1309 5356 1506 5428 inquit,
1531 5357 1723 5412 mortis
1753 5366 1808 5413 et
1834 5358 1996 5413 inter-

403 5448 517 5501 itus
566 5446 818 5503 absentia
866 5449 1050 5506 dicere
1081 5449 1553 5521 incorruptibilem
1584 5449 1767 5520 ipsum
1808 5457 1863 5503 et
1895 5449 1996 5504 im-

405 5540 717 5599 mortalem.
741 5540 930 5597 Fidem
950 5543 1188 5599 habeant
1204 5544 1387 5608 dictis,
1406 5543 1501 5614 qui
1523 5543 1751 5599 naribus
1773 5543 1995 5599 trahun-

404 5638 521 5703 tur,
544 5640 595 5689 et
624 5633 689 5690 ad
725 5633 778 5689 id
820 5633 967 5703 quod
1009 5634 1207 5705 cuique
1252 5635 1463 5691 videtur
1516 5634 1992 5706 circumaguntur,

2097 4428 2273 4500 φθορᾷ
2294 4427 2387 4481 καὶ
2417 4424 2495 4496 τῷ
2518 4424 2734 4495 θανάτῳ
2802 4423 2905 4495 τὴν
2933 4422 3188 4492 γέννησιν
3207 4462 3222 4484 ,
3265 4421 3343 4483 ῶς
3379 4416 3578 4473 ταύτὸν
3630 4419 3693 4470 ἐν

2093 4524 2207 4586 τοῖς
2227 4519 2333 4592 πρὸ
2359 4518 2551 4572 τούτου
2582 4518 2762 4587 λόγοις
2789 4519 2848 4570 ὲν
2873 4516 2952 4588 τῷ
2978 4515 3243 4586 ἀφθάρτῳ
3296 4514 3361 4567 τὸ
3388 4512 3694 4581 ἀγέννητον

2096 4614 2432 4685 ἀπεφήνατο.
2466 4612 2528 4665 Ei
2552 4605 2644 4665 οὖν
2677 4612 2737 4664 ὲν
2757 4611 2859 4681 ῖσῳ
2884 4610 3073 4681 βλέπει
3103 4609 3204 4680 τὴν
3228 4607 3436 4680 φθορὰν
3462 4607 3557 4661 καὶ
3587 4606 3693 4677 τὴν

2097 4706 2369 4777 γέννησιν,
2406 4703 2502 4757 καὶ
2532 4703 2734 4775 ὁμοίως
2761 4702 2908 4772 λέγει
2939 4701 3029 4763 τὸν
3073 4700 3209 4754 Θεὸν
3248 4700 3551 4771 ἀφεστάναι
3580 4699 3692 4751 τῶν

2094 4797 2218 4852 δύο·
2265 4795 2519 4868 γεννητὸς
2547 4796 2605 4850 δὲ
2631 4798 2660 4849 ὁ
2688 4795 2912 4867 Κύριος,
2947 4794 3139 4865 μηδεὶς
3165 4793 3297 4863 παρ’
3326 4792 3486 4863 ἡμῶν
3520 4793 3690 4845 ἀπαι-

2094 4892 2257 4945 τείτω
2297 4889 2662 4963 προστεθῆναι
2701 4888 2764 4942 τὸ
2790 4890 2856 4943 ὲκ
2888 4889 2983 4941 τοῦ
3015 4886 3176 4956 λόγου
3216 4883 3531 4947 ἀκόλουθον,
3573 4882 3690 4936 ἀλλ’

2095 4983 2187 5053 ἀφ’
2221 4981 2416 5036 ἑαυτοῦ
2463 4978 2870 5049 συλλογισάσθω
2917 4978 2977 5031 τὸ
3024 4978 3233 5050 πέρας⁶
3283 4976 3446 5049 εἴπερ
3489 4976 3691 5047 ἐπίσης

2096 5077 2191 5129 καὶ
2235 5074 2376 5129 κατά
2430 5072 2522 5127 τὸν
2574 5071 2736 5127 αὐτὸν
2789 5070 2947 5140 λόγον
2997 5069 3093 5124 τοῦ
3151 5062 3412 5140 γεννητοῦ
3463 5068 3560 5121 καὶ
3593 5065 3688 5120 τοῦ

2096 5163 2339 5236 φθαρτοῦ
2387 5165 2421 5235 ἠ
2470 5158 2565 5217 τοῦ
2609 5161 2745 5216 Θεοῦ
2792 5161 2951 5231 φύσις
3002 5159 3334 5230 ἀφέστηκεν.
3401 5157 3544 5212 Ἀλλ’
3587 5159 3689 5213 οὑκ

2097 5258 2246 5325 ἐστι,
2296 5256 2482 5329 φησὶν,
2518 5254 2755 5325 ἀπουσίᾳ
2804 5252 3037 5308 θανάτου
3072 5251 3166 5305 καί
3221 5249 3467 5322 φθορᾶς,
3504 5248 3688 5317 λέγειν

2095 5350 2369 5423 ἄφθαρτον
2416 5349 2579 5403 αὑτὸν
2632 5349 2728 5401 καὶ
2779 5346 3062 5401 ἀθάνατον.
3134 5341 3517 5398 Πειθέσθωσαν
3572 5344 3684 5405 τοῖς

2097 5446 2404 5520 εἰρημένοις
2479 5444 2526 5495 οἱ
2574 5440 2682 5494 τῶν
2743 5439 2906 5510 ῥινῶν
2961 5438 3275 5507 ἑλκόμενοι,
3323 5436 3421 5491 καὶ
3461 5436 3595 5508 πρὸς
3622 5434 3682 5486 τὸ

2096 5538 2287 5594 δοκοῦν
2326 5534 2542 5604 ἑκάστῳ
2594 5531 3011 5604 περιαγόμενοι,
3062 5530 3156 5584 καὶ
3208 5528 3518 5597 λεγέτωσαν
3543 5540 3681 5593 παρ-

2100 5631 2237 5682 εῖναι
2296 5624 2373 5694 τῷ
2437 5624 2556 5696 Θεῷ
2596 5625 2693 5696 τὴν
2741 5622 2944 5696 φθορὰν
2998 5623 3093 5676 καὶ
3137 5621 3229 5675 τὸν
3282 5620 3510 5676 θάνατον
3593 5615 3683 5669 ἵνα
