4010 6212
267 278 404 340 {HS

1214 346 1217 349 _
1323 274 1600 332 CONTRA
1641 272 2026 342 EUNOMIL’M,
2069 275 2193 335 LIB.
2235 277 2346 337 XII.

3375 276 3511 338 HM

265 398 534 463 ἀθάνατός
557 414 615 452 τε
643 362 744 475 καί
764 398 1038 472 ἄφθαρτος
1069 400 1316 472 λέγηται.
1351 403 1417 458 Et
1446 403 1554 475 γὰρ
1601 403 1721 474 οὐχὶ
1745 402 1842 473 τὴν

1954 412 1998 459 et
2027 404 2212 462 dicant
2242 407 2352 464 Deo
2406 407 2685 465 interitum
2715 416 2771 464 et
2805 416 3034 464 mortem
3076 403 3291 465 adesse,
3322 406 3384 453 ut
3410 397 3515 451 ini-

264 495 535 548 ἀπουσίαν
560 492 653 546 τοῦ
694 493 922 548 θανάτου
952 495 1169 565 καὶτῆς
1201 496 1436 568 φθορᾶς,
1468 495 1649 561 καθώς
1680 513 1843 569 φησιν

263 586 293 639 6
327 584 611 655 Εὐνόμιος,
642 584 702 638 αῖ
738 585 1089 657 ἀφαιρετικαῖ
1119 587 1323 642 τούτων
1349 589 1710 661 προσηγορίαι
1742 605 1842 659 ση-

268 675 554 746 μαίνουσι,
585 672 803 738 πάντως
829 676 891 729 τὸ
923 679 1175 748 παρεῖναι
1208 677 1356 749 αὐτῷ
1400 678 1471 732 τὰ
1524 679 1741 733 ἐναντία
1783 694 1842 732 τε

265 768 360 822 καὶ
382 765 638 836 ἀλλότρια
664 764 753 819 διὰ
774 767 874 837 τῆς
897 767 1241 838 τεχνολογίας
1267 769 1471 841 ταύτης
1501 771 1843 824 κατασκευάο

268 850 441 925 ζεται.
479 858 751 912 Ἐκαστον
793 856 901 929 γὰρ
939 858 1048 913 τῶν
1075 860 1378 932 νοουμένων
1409 860 1441 934 ἢ
1471 861 1669 916 ἄπεστι
1705 861 1845 915 πάν-

263 968 374 1016 τως
407 950 575 1016 τινὸς,
610 949 644 1023 ἢ
671 950 772 1005 οὐκ
804 951 1051 1016 ἄπεστιν,
1097 947 1227 1016 οἷον,
1252 952 1367 1022 φῶς
1387 994 1402 1020 ,
1436 955 1658 1019 σκότος,
1705 952 1841 1025 ζωὴ,

272 1046 523 1109 θάνατος,
549 1043 728 1114 ὑγεία,
762 1044 916 1109 νόσος
943 1046 1036 1098 καὶ⁵
1064 1044 1164 1099 ὅσα
1183 1045 1407 1101 τοιαῦτα
1431 1064 1445 1079 ο
1471 1047 1557 1117 ἐφ’
1598 1040 1673 1100 ὧν
1707 1049 1754 1100 εί
1783 1046 1844 1100 τὸ

263 1136 454 1208 ἔτερόν
502 1150 591 1199 τις
634 1133 745 1188 τῶν
787 1134 1091 1206 νοουμένων
1134 1136 1352 1193 ἀπεῖναι
1395 1137 1568 1207 λέγοι,
1618 1137 1716 1209 τὴν
1747 1136 1842 1191 τοῦ

264 1227 455 1299 ἐτέρου
485 1226 703 1290 πάντως
729 1229 1034 1298 παρουσίαν
1065 1229 1479 1283 κατασκευάσει.
1511 1229 1574 1281 Ei
1596 1224 1687 1282 οὖν
1713 1242 1845 1300 φησι

270 1321 345 1392 μὴ
373 1318 471 1373 τοῦ
492 1318 723 1373 θανάτου
746 1318 982 1391 ἀπουσίᾳ
1007 1317 1096 1373 τὸν
1120 1319 1253 1373 Θεὸν
1281 1319 1544 1374 ἀθάνατον
1565 1316 1841 1389 λέγεσθαι,

264 1414 424 1485 δῆλος
441 1413 509 1468 ἂν
537 1411 622 1485 εἴη
642 1412 945 1483 παρουσίαν
966 1411 1113 1481 αὐτῷ
1142 1411 1370 1467 θανάτου
1396 1414 1842 1481 κατασκευάζων,

266 1504 363 1557 καὶ
405 1503 492 1557 διὰ
533 1502 726 1556 τούτου
764 1502 863 1571 τὴν
918 1500 1216 1556 ἀθανασίαν
1268 1502 1363 1554 ἐπὶ
1409 1502 1504 1555 τοῦ
1552 1502 1687 1561 Θεοῦ
1737 1504 1845 1558 τῶν

264 1594 405 1647 ὅλων
429 1591 781 1666 ἀρνούμενος.
822 1589 949 1655 Πῶς
989 1582 1097 1662 γὰρ
1125 1590 1296 1645 ἂνέτι
1331 1590 1597 1656 ἀθάνατος
1631 1591 1846 1662 ἀληθῶς

265 1685 355 1754 εἴη
400 1684 495 1737 καὶ
533 1681 836 1753 ἄφθαρτος.
864 1676 926 1735 οὖ
968 1682 1043 1752 μὴ
1081 1682 1299 1735 ἀπεῖναι
1337 1681 1485 1747 λέγει
1509 1682 1608 1751 τὴν
1639 1680 1845 1753 φθοράν

1945 499 2192 555 mortalis
2228 507 2282 555 et
2316 499 2746 571 incorruptibilis
2789 500 3021 555 dicatur.
3061 497 3117 552 Si
3149 495 3292 551 enim
3319 489 3512 547 mortis

1942 595 1998 642 et
2027 587 2283 646 interitus
2335 590 2662 656 absentiam,
2708 591 2851 646 sicut
2873 590 2949 643 ait
2995 584 3319 643 Eunomius,
3375 577 3510 635 sub.

1943 681 2216 735 stractivaa
2246 681 2440 737 horum
2476 681 2868 753 appellationes
2884 695 2992 734 non
3027 675 3356 749 signiﬁcant,
3387 685 3509 725 om.

1942 771 2076 828 nino
2121 772 2169 827 ei
2217 774 2410 829 adesse
2460 773 2736 830 contraria
2786 781 2840 828 et
2890 771 3066 825 aliena
3131 768 3235 821 hoc
3281 759 3513 816 artificio

1944 863 2231 920 astruitur.
2260 864 2700 936 Unumquodque
2733 863 2877 919 enim
2920 873 3111 917 eorum
3142 870 3264 927 quae
3312 851 3515 907 intelli-

1943 970 2166 1031 guntur,
2202 960 2286 1016 vel
2321 960 2476 1015 abest
2497 974 2720 1030 prorsus
2749 958 2817 1011 ab
2847 955 3051 1024 aliquo,
3086 951 3167 1005 vel
3192 963 3300 1002 non
3336 945 3512 1007 abest,

1946 1056 2004 1103 ιιι
2051 1049 2164 1113 lux.
2215 1050 2472 1116 tenebrae,
2514 1040 2648 1117 vita,
2705 1062 2876 1108 mors,
2906 1044 3137 1103 sanitas,
3175 1037 3419 1097 morbus.
3459 1043 3513 1088 et

1944 1134 2283 1210 quwcunque
2328 1140 2597 1209 ejusmodi
2651 1155 2665 1193 :
2716 1137 2772 1191 in
2825 1132 3025 1205 quibus
3074 1130 3119 1184 si
3170 1128 3398 1181 alterum
3422 1135 3514 1210 eo-

1943 1208 2065 1279 rum
2102 1208 2223 1297 qua:
2251 1208 2629 1296 intelliguntur
2649 1224 2842 1279 abesse
2858 1221 2980 1291 quis
3005 1218 3174 1278 dicat,
3202 1212 3391 1284 procul
3411 1208 3483 1262 du
3500 1236 3513 1245 -

1944 1312 2036 1369 blo
2074 1313 2299 1369 alterius
2323 1313 2668 1384 praesentiam
2696 1317 3000 1367 construct.
3039 1306 3097 1362 Si
3122 1306 3286 1375 igitur
3317 1300 3516 1356 asserit

1945 1406 2140 1462 mortis
2191 1406 2437 1462 absentia
2486 1404 2654 1471 Deum
2689 1418 2800 1459 non
2840 1403 2947 1458 dici
2982 1398 3362 1455 immortalem.
3400 1408 3514 1446 ma-

1946 1495 2149 1551 nifeste
2184 1505 2395 1552 astruet
2434 1497 2626 1553 mortis
2657 1494 3001 1566 praesentiam
3024 1492 3074 1547 ei
3104 1490 3317 1548 adesse,
3348 1494 3515 1553 atque

1946 1588 2153 1644 idcirco
2199 1590 2662 1647 immortalitatem
2695 1590 2751 1644 in
2782 1588 2892 1643 Deo
2932 1585 3311 1641 universorum
3352 1592 3519 1647 nega-

1948 1679 2047 1734 bit.
2080 1679 2368 1747 Quomodo
2396 1681 2542 1737 enim
2576 1696 2706 1736 vere
2744 1679 3071 1735 immortalis
3102 1686 3156 1731 et
3181 1672 3514 1743 incorrupti-

267 1778 361 1830 καὶ
388 1776 478 1829 τδν
509 1774 771 1837 θάνατον;
823 1772 962 1824 Ἀλλ’
996 1773 1124 1835 ἴσως
1165 1774 1280 1843 ἐρεῖ
1305 1789 1389 1835 τις
1431 1774 1579 1843 ἡμᾶς
1605 1774 1840 1843 ἐπηρεα-

1954 1770 2071 1826 bilis
2104 1772 2195 1826 ille
2253 1771 2436 1835 fuerit,
2480 1788 2509 1825 a
2555 1788 2665 1842 quo
2704 1773 2794 1826 ille
2830 1787 2939 1827 non
3000 1770 3192 1824 abesse
3232 1767 3515 1821 interitum

267 1866 597 1938 στικιῖπερον
624 1864 703 1936 τῷ
733 1864 877 1935 λόγῳ
902 1862 1275 1934 προσφύεσθαι
1294 1877 1309 1892 ο
1344 1862 1419 1933 μὴ
1445 1862 1551 1935 γὰρ
1591 1862 1658 1916 ἂν
1701 1861 1849 1915 οὕτω

269 1957 506 2031 μανῆναί
536 1974 692 2021 τινα,
743 1957 819 2019 ὡς
849 1953 1257 2009 κατασκευάσαι
1302 1954 1397 2007 τὸν
1416 1953 1551 2007 Θεὸν
1592 1955 1666 2025 μὴ
1708 1949 1845 2007 εἶναι

264 2051 565 2113 ἀθάνατον,
598 2048 732 2102 ἀλλά
766 2048 875 2101 τῶν
908 2046 1006 2109 μὲν
1031 2048 1088 2099 ἐν
1115 2045 1203 2116 τῷ
1222 2044 1451 2117 κρυπτῷ
1477 2062 1589 2099 τισι
1620 2045 1846 2117 νοουμέ-

266 2160 396 2206 νων,
431 2140 606 2203 οὑδεὶς
632 2137 935 2211 ἀνθρώπων
966 2137 1064 2209 τὴν
1102 2136 1309 2206 γνῶσιν
1329 2136 1476 2207 ἔχει,
1526 2136 1614 2190 διὰ
1641 2136 1697 2190 δὲ
1737 2137 1848 2191 τῶν

268 2232 578 2304 λεγομένων
613 2232 644 2284 6
681 2229 985 2301 στοχασμὸς
1012 2232 1145 2300 ἡμῖν
1179 2228 1288 2282 τῶν
1324 2230 1719 2302 κεκρυμμέ·.ων
1757 2232 1848 2301 ἐγ-

271 2326 498 2393 γίνεται.
525 2322 736 2379 Οὐκοῦν
762 2321 921 2377 πάλιν
947 2320 1011 2376 τὸ
1043 2320 1205 2393 ῥηθὲν
1225 2320 1603 2393 ἀναλάϐωμεν.

345 2610 468 2663 Οὐκ
494 2606 760 2676 ἀπουσίᾳ
789 2603 1071 2670 θανάτου,
1112 2607 1296 2678 φησὶν,
1326 2609 1359 2661 ό
1388 2607 1525 2674 Θεὸς
1555 2604 1850 2674 ἀθάνατος

268 2701 528 2772 λέγεται.
554 2700 675 2765 Πῶς
701 2698 964 2772 δεξόμεθα
983 2699 1045 2753 τὸ
1069 2699 1390 2770 λεγόμενον;
1418 2700 1499 2754 ὃτι
1523 2701 1622 2753 οὐκ
1653 2699 1849 2754 ἄπεστι

269 2795 367 2851 τοῦ
400 2793 535 2848 Θεοῦ
560 2797 589 2848 6
616 2793 862 2857 θάνατος,
894 2792 996 2849 κᾶν
1039 2793 1305 2854 ἀθάνατος
1335 2791 1589 2863 λέγηται;
1641 2790 1850 2845 Ούκοῦν

271 2886 322 2939 si
344 2884 500 2939 τοῦτο
535 2884 745 2939 κελεύει
767 2887 927 2950 νοεῖν,
965 2884 1157 2955 θνητὸς
1186 2884 1339 2938 ἔσται
1372 2884 1587 2947 πάντως
1626 2885 1654 2936 6
1679 2881 1850 2936 Εὐνο-

275 2977 400 3049 μίου
454 2975 622 3043 Θεὸς,
661 2977 756 3031 καὶ
801 2975 976 3048 φθορᾷ
1043 2974 1421 3046 ὑποκείμενος.
1473 2966 1548 3028 υῦ
1592 2974 1700 3044 γάρ
1750 2974 1851 3027 οὐκ

274 3068 471 3122 ἄπεστι
501 3067 725 3129 θάνατος
753 3066 1020 3121 ἀθάνατον
1052 3060 1191 3120 εἶναι
1219 3066 1381 3134 φύσιν
1406 3065 1507 3119 οὐκ
1536 3064 1649 3136 ἔχει
1668 3082 1684 3097 ο
1714 3064 1850 3118 ἀλλά
1878 3088 1923 3151 c

275 3157 387 3227 μὴν
419 3158 467 3208 εί
490 3157 626 3227 μήτε
662 3154 890 3208 θανάτου
924 3155 1060 3226 μήτε
1095 3152 1299 3226 φθορᾶς
1318 3152 1583 3207 ἀπουσίαν
1603 3154 1657 3207 αἱ
1684 3170 1851 3225 προσ-

270 3246 493 3317 ηγορίαι
532 3243 902 3315 σημαίνουσιν,
943 3244 976 3317 ἢ
1023 3244 1199 3315 μάτην
1242 3243 1580 3313 ἐπιλέγονται
1629 3243 1707 3315 τῷ
1759 3245 1852 3297 ἐπὶ

274 3338 492 3389 πάντων
515 3336 653 3406 Θεῷ,
684 3335 713 3406 ἢ
738 3334 924 3407 ἔτερόν
944 3351 1065 3388 τινα
1088 3332 1212 3388 νοῦν
1236 3336 1294 3387 ἐν
1310 3335 1497 3398 αὑταῖς
1517 3334 1849 3406 περιέχουσι.

272 3429 373 3492 Τίς
422 3426 517 3481 οὖν
575 3420 730 3490 οὗτος
779 3426 1167 3496 ἐρμηνευσάτω
1219 3428 1248 3479 6
1300 3425 1632 3496 τεχνολόγος.
1712 3425 1853 3479 Ἀλλ’

271 3520 437 3590 iussi;
467 3518 547 3581 οἱ,
575 3514 757 3579 καθώς
801 3531 967 3587 φησιν
1011 3516 1041 3569 6
1078 3516 1374 3587 Εὑνόμιος,
1422 3516 1853 3588 ἀνεπιστήμονες

274 3611 372 3662 καὶ
397 3611 497 3679 τῆς
535 3606 644 3659 τῶν
674 3606 1012 3676 πραγμάτων
1047 3607 1281 3676 κρίσεως
1298 3646 1314 3672 ,
1342 3608 1438 3661 καὶ
1466 3598 1567 3677 τῆς
1604 3607 1711 3661 τῶν
1732 3609 1853 3661 ovo-

277 3702 467 3773 μάτων
496 3701 762 3771 χρήσεως,
793 3697 981 3752 ἀνοσον
1013 3696 1194 3765 λέγειν
1219 3696 1616 3768 μεμαθήκαμεν
1633 3739 1647 3764 ,
1672 3699 1770 3768 οὐχ
1793 3695 1854 3754 οὗ

272 3792 339 3845 τὸ
363 3791 581 3863 κράτος,
602 3788 718 3842 ἀλλ’
738 3780 800 3842 οὗ
822 3789 855 3858 ἡ
882 3786 1036 3851 νόσος
1056 3785 1384 3858 κεχώρισται
1403 3803 1417 3816 ’
1442 3787 1537 3841 καὶ
1561 3786 1772 3858 ἀπηρον
1791 3787 1853 3840 οὐ

275 3882 371 3936 τὸν
398 3882 503 3949 ἔξω
540 3880 650 3934 τῶν
672 3877 990 3948 συμποσίων
1016 3876 1146 3931 ὅντα
1162 3916 1178 3941 ,
1222 3877 1355 3931 ἀλλὰ
1382 3877 1475 3932 τὸν
1510 3877 1776 3949 μηδεμίαν
1796 3880 1855 3932 ἐν

278 3972 461 4043 ἐαυτῷ
484 3972 731 4044 πήρωσιν
763 3968 955 4041 ἔχοντα
977 3983 991 3998 ·
1023 3966 1116 4021 καὶ
1128 3968 1197 4021 τὰ
1217 3967 1352 4021 ἀλλα
1375 3967 1550 4021 πάντα
1570 3966 1852 4031 ὡσαύτως,

275 4066 311 4135 ἢ
332 4067 398 4118 ἐκ
420 4063 513 4117 τού
539 4061 805 4134 παρόντος
831 4060 866 4131 ἢ
888 4061 952 4113 ἐκ
979 4058 1074 4114 τοῦ
1100 4057 1174 4130 μὴ
1196 4056 1462 4129 παρόντος
1490 4057 1855 4129 κατονομάζοο

282 4172 416 4227 μεν,
450 4155 714 4227 ἀνδρεῖον,
755 4151 1033 4223 ἄνανδρον,
1086 4149 1340 4221 ὑπνώδη,
1364 4150 1595 4215 ἄϋπνον,
1634 4151 1725 4205 καὶ
1758 4152 1857 4205 ὅσα

276 4247 380 4317 τῆς
413 4245 698 4318 συνηθείας
720 4244 899 4316 ἔχεται
924 4243 1145 4316 ταύτης.
1187 4242 1326 4296 Ἀλλ’
1356 4243 1458 4297 οὐκ
1480 4238 1597 4296 οῖδα
1626 4243 1677 4296 τί
1702 4243 1856 4317 φέρει

280 4338 472 4405 κέρδος
513 4337 574 4391 τὸ
604 4335 703 4395 τὰς
748 4335 1016 4407 φλυαρίας
1057 4334 1263 4399 ταύτας
1308 4333 1492 4399 ἀξιοῦν
1524 4334 1854 4400 ἐξετάσεως·

1945 1874 1999 1917 et
2022 1873 2248 1917 mortem
2278 1863 2559 1916 autumat?
2587 1863 2692 1918 Sed
2715 1864 2858 1918 dicet
2890 1861 3107 1929 aliquis,
3134 1873 3234 1911 nos
3262 1855 3517 1910 infestius

1946 1964 1999 2007 et
2038 1955 2431 2010 calumniosius
2481 1954 2718 2010 sermoni
2771 1954 3181 2016 adhaerescere;
3230 1964 3339 2003 non
3370 1946 3518 2002 enim

1946 2048 2026 2100 sic
2072 2058 2401 2114 quemquam
2452 2045 2712 2110 insanire,
2761 2053 2820 2100 ut
2865 2043 3033 2099 Deum
3085 2055 3195 2097 non
3237 2052 3362 2094 esse
3414 2036 3521 2090 im-

1946 2137 2232 2193 mortalem
2265 2146 2499 2201 astruat,
2548 2138 2641 2193 sed
2679 2152 2868 2193 eorum
2901 2136 3118 2207 quidem
3165 2146 3309 2203 quae.
3334 2130 3386 2183 in
3426 2142 3521 2182 oc-

1948 2228 2099 2284 culto
2138 2243 2170 2282 a
2213 2227 2540 2299 quibusdam
2572 2229 2969 2301 intelliguntur,
3018 2228 3203 2283 nullus
3239 2226 3520 2279 hominum

1948 2319 2314 2391 Cognitionem
2344 2320 2526 2385 habet,
2559 2320 2827 2391 siquidem
2860 2335 2957 2391 per
3005 2335 3067 2375 ea
3102 2335 3224 2389 qua:
3262 2319 3523 2374 dicuntur

1949 2412 2005 2466 in
2058 2412 2223 2469 nobis
2270 2414 2573 2469 abditarum
2626 2415 2700 2469 sit
2740 2413 3079 2483 conjectura.
3132 2413 3275 2484 Ergo
3325 2415 3521 2469 iterum

1948 2504 2095 2574 quod
2135 2505 2342 2560 dictum
2385 2513 2471 2562 est
2518 2518 2883 2561 resmnamus.

2022 2590 2146 2647 Non
2188 2594 2428 2648 absentia
2487 2596 2671 2665 mortis
2699 2636 2715 2662 ,
2753 2594 2961 2664 inquit,
3002 2593 3144 2651 Deus
3202 2597 3523 2653 inmortalis

1949 2686 2166 2741 dicitur.
2206 2685 2491 2752 Quomodo
2540 2688 2685 2757 quod
2718 2686 2925 2741 dicitur
2971 2690 3350 2759 accipiemus?
3376 2692 3521 2761 quod

1950 2795 1980 2834 a
2008 2779 2121 2853 Deo
2167 2794 2315 2834 mors
2378 2795 2488 2834 non
2538 2780 2713 2845 abest,
2754 2780 2857 2835 etsi
2910 2780 3235 2838 immortalis
3281 2784 3528 2841 dicitur?

1951 2869 2119 2943 igitur
2152 2870 2199 2926 si
2239 2870 2341 2926 hoc
2357 2872 2508 2941 jubet
2539 2872 2862 2944 intelligere,
2892 2872 2998 2928 erit
3028 2875 3250 2944 penitus
3279 2877 3525 2933 mortalis

1952 2962 2204 3019 Eunomii
2238 2962 2402 3028 Deus,
2437 2971 2490 3018 et
2521 2964 2762 3021 interitui
2803 2965 3076 3023 obnoxius
3133 2982 3164 3022 a
3204 2984 3313 3040 quo
3378 2972 3523 3026 enim

1955 3068 2103 3108 mors
2139 3067 2249 3108 non
2283 3053 2459 3117 abest,
2494 3053 2828 3112 immortalis
2873 3064 2931 3133 ut
2986 3057 3060 3113 sit
3108 3069 3358 3115 naturam
3417 3077 3525 3118 non
3568 3074 3599 3097 ’

1952 3144 2111 3201 habet
2144 3153 2553 3201 :verumtamen
2586 3146 2632 3201 si
2668 3161 2844 3218 neque
2874 3149 3067 3206 mortis
3109 3166 3286 3221 neque
3337 3167 3529 3209 corru-

1953 3238 2161 3311 ptionis
2191 3238 2497 3294 absentiam
2540 3239 2622 3294 hae
2657 3241 3049 3311 appellationes
3094 3243 3419 3315 (privativa)
3450 3243 3548 3302 si-'

1952 3328 2247 3400 guillcant,
2282 3330 2367 3385 vel
2425 3330 2627 3387 frustra
2660 3331 2728 3387 de
2768 3330 2878 3387 Deo
2911 3335 3295 3391 universorum
3327 3335 3526 3393 dicun-

1953 3426 2064 3484 tur,
2100 3419 2183 3473 vel
2214 3418 2382 3474 alium
2414 3420 2704 3490 quemdam
2739 3421 3075 3478 intellectum
3117 3426 3174 3481 in
3206 3427 3344 3497 ipsis
3376 3441 3529 3482 com-

1952 3508 2287 3581 plectuntur.
2351 3509 2488 3577 Quis
2547 3511 2717 3583 igitur
2772 3512 3086 3571 intellectus
3140 3516 3531 3588 interpretetur

1953 3600 2170 3657 artifex.
2200 3600 2307 3657 Sed
2338 3599 2458 3668 nos,
2484 3612 2545 3657 ut
2575 3604 2754 3674 inquit
2781 3604 3106 3675 Eunomius,
3135 3608 3228 3679 qui
3251 3624 3444 3667 sumus
3473 3617 3529 3666 et

1955 3707 2137 3748 rerum
2177 3692 2371 3761 judicii
2412 3704 2664 3764 espertes
2689 3735 2704 3760 ,
2749 3703 2805 3751 et
2847 3698 3130 3752 nominum
3167 3714 3304 3755 usus
3345 3702 3525 3768 inscii,

1954 3795 2151 3838 sanum
2180 3782 2366 3839 dicere
2400 3784 2729 3850 didicimus,
2768 3801 2878 3842 non
2928 3803 2958 3842 a
2990 3804 3098 3857 quo
3151 3791 3336 3855 robur,
3371 3794 3464 3847 scd
3498 3809 3528 3847 a

1955 3889 2069 3946 quo
2129 3875 2356 3930 morbus
2408 3883 2694 3947 separatus
2753 3885 2873 3946 est;
2916 3887 2971 3934 et
3020 3881 3369 3946 incolumem,
3419 3899 3527 3937 non

1956 3981 2081 4023 eum
2110 3966 2203 4038 qui
2238 3977 2322 4023 est
2352 3977 2507 4024 extra
2554 3968 2827 4035 convivia,
2860 3969 2954 4025 sed
2997 3971 3090 4041 qui
3130 3973 3334 4027 nullam
3381 3974 3434 4028 in
3471 3991 3530 4030 se

1958 4059 2079 4131 ipso
2112 4060 2278 4117 habet
2330 4061 2751 4128 mutilationem,
2780 4070 2836 4117 et
2881 4072 3079 4117 caetera
3119 4063 3303 4117 omnia
3336 4063 3530 4119 simili-

1959 4160 2063 4217 ter,
2098 4153 2181 4209 vel
2215 4168 2280 4209 es
2317 4159 2604 4225 praesente,
2648 4153 2730 4209 vel
2782 4167 2849 4209 ex
2899 4168 3006 4208 non
3048 4164 3311 4222 prasente
3353 4158 3529 4211 ιιοιιιὶο

1960 4259 2174 4306 namus,
2198 4243 2417 4309 fortem,
2444 4242 2840 4308 effeminatum,
2872 4246 3296 4311 somnolentum,
3321 4248 3524 4303 insom.

1961 4347 2109 4396 nem,
2144 4339 2202 4387 ut
2231 4347 2591 4403 quaecumque
2622 4344 2750 4389 sunt
2779 4333 2942 4404 hujus
2965 4336 3395 4393 consuetudinis.
3425 4336 3531 4393 Sed

281 4431 440 4502 ἀνδρὶ
464 4430 572 4500 γὰρ
611 4432 669 4483 ἐν
703 4430 864 4501 πολιᾷ
902 4428 1093 4493 ζῶντι,
1141 4427 1234 4480 καὶ
1274 4426 1409 4498 πρὸς
1448 4426 1707 4498 ἀλήθειαν
1738 4426 1855 4497 βλέ-

1963 4424 2107 4479 haud
2158 4428 2274 4480 scio
2325 4425 2455 4497 quid
2512 4426 2649 4481 lucri
2684 4426 2895 4492 all‘erat,
2940 4426 3039 4483 has
3072 4443 3244 4501 nugas
3284 4430 3535 4485 animad-

282 4537 461 4586 ποντι,
487 4522 549 4574 οὐ
583 4520 755 4590 μικρά
782 4518 918 4590 πρὸς
947 4517 1268 4589 κατάκρισιν
1293 4518 1460 4582 αἰτία,
1497 4516 1561 4570 τὸ
1588 4517 1655 4571 τὰ
1675 4516 1860 4586 γελοῖά

281 4633 343 4670 τε
377 4614 473 4668 καὶ
516 4611 755 4668 ἀσπονδα
795 4611 897 4681 τῆς
934 4609 1029 4665 τοῦ
1070 4609 1364 4665 ἀντιπάλου
1409 4609 1737 4679 φιλονεικίας
1773 4609 1860 4663 διὰ

284 4706 553 4777 στόματος
578 4704 785 4775 φέρειν.
827 4702 919 4755 Διὸ
957 4702 1187 4778 παρήσω
1227 4702 1452 4755 κάκεῖνα
1471 4742 1487 4767 ,
1518 4702 1613 4755 καὶ
1643 4701 1711 4755 τά
1736 4700 1862 4772 ἐξῆς

284 4795 517 4857 ἐκείνοις
562 4791 950 4864 προσκείμενα.
995 4789 1239 4843 Ἔστιδέ
1277 4789 1483 4842 ταῦτα·
1533 4788 1862 4859 Μηδεμίαν,

284 4887 442 4959 φησὶ,
472 4883 583 4953 τῆς
602 4883 902 4952 ἀληθείας,
920 4881 1073 4950 μήτε
1093 4879 1172 4945 τῷ
1206 4879 1329 4946 Θεῷ
1351 4882 1663 4950 συμφυΐαν
1683 4897 1865 4952 προσ-

280 4976 726 5048 ιιαρτυρούσης.
768 4973 831 5027 Ei
879 4971 988 5043 γὰρ
1037 4971 1112 5041 μὴ
1164 4970 1349 5042 εἴρητο
1398 4970 1573 5034 τοῦτο,
1620 4970 1705 5034 τίς
1737 4966 1806 5041 ἦν
1836 4973 1866 5025 6

284 5067 452 5137 διερυᾶ
491 5064 582 5118 τὸν
617 5064 749 5117 Θεὸν
796 5057 936 5114 εἶναι
986 5059 1193 5128 λέγων,
1240 5054 1380 5129 πλὴν
1410 5059 1526 5123 σοῦ,
1557 5058 1652 5113 τοῦ
1685 5061 1866 5114 πᾶσαν

286 5159 552 5230 ὀνόματος
577 5156 784 5211 ἔννοιαν
822 5154 890 5225 τῇ
931 5151 1027 5208 τοῦ
1063 5152 1275 5224 Πατρδς
1305 5152 1463 5224 οὐσίᾳ
1508 5151 1864 5224 συμφύοντος,

289 5250 386 5304 καὶ
418 5248 584 5320 μηδὲν
610 5246 715 5313 ἐξω
747 5247 1026 5318 προσεῖναι
1052 5244 1319 5313 λέγοντος,
1350 5243 1467 5297 ἀλλ’
1491 5243 1722 5298 ἕκαστον
1757 5243 1867 5299 τῶν

289 5339 422 5409 περὶ
463 5338 526 5392 τὸ
565 5338 718 5392 Θεῖον
757 5337 1057 5409 ὀνομάτων,
1096 5338 1162 5407 τῇ
1194 5335 1354 5407 οὐσίᾳ
1384 5334 1480 5389 τοῦ
1505 5334 1641 5389 Θεοῦ
1680 5337 1869 5402 ἐγκεν-

290 5422 611 5495 τρίζοντοςς
641 5419 808 5483 Εἶτα,
839 5421 995 5493 φησὶ,
1034 5421 1189 5492 μήτε
1218 5420 1345 5490 μὴν
1373 5420 1599 5486 ἔξωθεν
1621 5419 1722 5475 καὶ
1750 5413 1887 5489 παρ’

296 5514 635 5586 ἡμῶνπλατ
647 5512 904 5584 mpm,»
912 5514 1197 5581 τοιαύτην
1206 5513 1452 5568 ἔννοιαν
1461 5513 1774 5581 εὐσεϐείας
1789 5513 1887 5568 rd-

289 5624 432 5677 μοις
463 5605 907 5678 ἑγγραφούσης.
933 5605 1096 5660 Ἀλλά
1128 5607 1542 5678 παραιτήσομαι
1575 5605 1734 5661 πάλιν
1759 5605 1889 5677 περὶ

296 5697 406 5754 τῶν
420 5697 749 5770 εἰρημένων,
766 5696 840 5762 ὡς
852 5697 972 5769 οὐχὶ
986 5697 1364 5767 γελωτοποιῶν
1376 5699 1486 5763 τοῖς
1499 5697 1887 5769 ἐντυγχάνουσι

1964 4515 2218 4570 versione
2276 4515 2471 4586 dignas
2532 4529 2793 4584 censere;
2852 4516 2971 4572 viro
3035 4518 3179 4573 enim
3234 4518 3287 4572 in
3336 4521 3537 4576 canitie

1964 4604 2192 4671 viventi,
2226 4613 2281 4661 et
2311 4605 2380 4660 ad
2426 4605 2712 4662 veritatem
2740 4607 3218 4679 respicienti,'non
3268 4624 3431 4679 parva
3466 4612 3533 4664 ad

1965 4696 2689 4768 condemnationem-culpa,
2720 4697 2949 4753 ridicula
2975 4706 3031 4754 et
3060 4699 3316 4768 perﬁdias
3343 4702 3536 4758 adver-

1966 4786 2097 4841 sarii
2145 4788 2433 4844 ambitiosa
2480 4789 2836 4845 contentione
2893 4790 3202 4849 maledictis
3257 4793 3534 4850 insectari.

1967 4876 2312 4950 QuaprOptcr
2343 4886 2398 4935 et
2440 4880 2531 4935 illa
2565 4881 2998 4951 praetermittam,
3026 4893 3081 4940 et
3115 4900 3235 4955 qua:
3282 4887 3539 4959 deinceps

1968 4970 2079 5027 illis
2105 4969 2383 5042 adjacent.
2420 4970 2615 5037 Nulla,
2643 4972 2841 5044 inquit,
2869 4974 3086 5030 veritate
3116 4974 3223 5031 Deo
3241 4977 3538 5032 naturalem

1968 5060 2385 5131 conjunctionem
2408 5062 2744 5118 attribuente.
2775 5062 2834 5118 Si
2868 5064 3015 5121 enim
3055 5064 3159 5120 hoc
3198 5066 3401 5121 dictum
3429 5082 3541 5123 non

1967 5160 2136 5219 esset,
2168 5152 2293 5223 quis
2335 5151 2503 5209 Deum
2532 5169 2657 5210 esse
2681 5153 2969 5211 biformem
2995 5153 3200 5212 diceret
3228 5165 3426 5227 praeter
3465 5165 3539 5222 te,

1969 5245 2063 5316 qui
2092 5260 2308 5301 omnem
2345 5247 2585 5303 nominis
2613 5249 2862 5304 notitiam
2884 5248 3067 5306 Patris
3110 5253 3365 5305 essentia:
3407 5265 3539 5306 coa-

1970 5335 2177 5390 lescere
2226 5334 2386 5400 facis,
2422 5337 2667 5408 nihilque
2694 5347 2849 5394 extra
2880 5338 3074 5396 adesse
3111 5339 3273 5405 dicis,
3299 5340 3395 5396 sed
3430 5341 3544 5396 sin-

1971 5425 2096 5496 gula
2121 5425 2343 5480 nomina
2367 5428 2435 5483 de
2458 5427 2567 5484 Deo
2596 5431 2893 5493 celebrata,
2926 5431 2982 5487 in
3009 5429 3103 5487 Dei
3133 5432 3371 5489 essentia
3400 5433 3547 5489 velut

1973 5516 2027 5571 in
2064 5524 2316 5572 centrum
2352 5518 2681 5575 adducens?
2710 5520 2931 5592 Deinde,
2963 5523 3160 5593 inquit,
3210 5539 3371 5595 neque
3406 5536 3546 5581 certe

1973 5609 2301 5665 extrinsecus
2329 5620 2380 5681 et
2430 5627 2463 5665 a
2492 5612 2639 5667 nobis
2664 5614 2949 5684 con/ictam
2974 5615 3133 5672 talem
3153 5618 3398 5672 notitiam
3434 5620 3545 5687 pie-

1977 5709 2084 5755 tale
2108 5700 2303 5772 legibus
2338 5701 2672 5759 inscribente.
2699 5703 2806 5762 Sed
2830 5705 2898 5763 de
2930 5706 3094 5763 dictis
3138 5722 3332 5766 rursus
3361 5722 3548 5779 preta-
