4010 6212
469 268 644 327 Ηί5’

1699 260 1761 317 S.
1800 255 2130 317 GREGORII
2169 251 2460 309 NYSSENI

3573 247 3725 301 H36

465 384 583 443 bur,
610 386 671 435 ut
695 378 941 445 credant,
977 394 1069 435 me
1093 393 1203 434 non
1233 383 1292 432 ut
1316 375 1623 447 legentibus
1650 376 1824 432 risum
1852 388 2037 429 move-

2142 368 2236 431 τὰς
2262 364 2647 435 ὲπιγελάστους
2661 362 2865 428 ταύτας
2893 361 3157 434 ὲξεθέμην
3180 359 3382 447 φωνὰς,
3406 359 3520 413 ἀλλ’
3548 359 3624 422 ὥς
3646 360 3717 412 ἂν

467 490 604 539 rem,
652 474 753 528 bas
785 471 1053 527 ridiculas
1086 484 1250 525 voces
1291 468 1636 540 exposuisse,
1666 466 1764 523 sed
1798 476 1855 520 ut
1882 463 2039 518 audi-

465 564 573 622 tori
623 561 1035 635 persuaderem,
1067 578 1097 615 a
1128 576 1237 632 quo
1261 560 1365 616 iste
1404 568 1669 632 apparatu
1724 570 2038 614 sermonum

464 657 746 722 incitatus,
797 652 1042 712 nostram
1095 654 1504 724 simplicitatem
1576 652 1776 714 diluit,
1844 647 2043 703 deinde

463 755 656 803 contra
676 747 957 807 veritatem
985 745 1243 801 audacter
1260 744 1523 814 loquitur.
1543 740 1806 809 Quisnam
1831 739 2043 794 ratione

460 849 520 895 et
555 839 738 910 qualia
783 837 1016 908 profert,
1073 836 1423 892 auditoribus
1482 834 1834 904 elephantine
1888 831 2042 887 corio

463 929 716 986 obductis
768 945 941 1000 usque
965 930 1030 984 ad
1065 928 1295 984 delicias
1324 926 1759 982 ostentabundus
1786 931 1840 979 et
1866 922 2042 994 jacta-

468 1020 708 1084 bundus,
743 1019 837 1089 qui
874 1018 994 1088 ejus
1026 1025 1347 1089 arrogantes
1376 1017 1477 1072 has
1518 1015 1652 1071 sicci
1706 1015 1820 1069 oris
1880 1026 2042 1066 voces

462 1112 603 1165 mala
637 1110 1034 1183 compositione
1076 1109 1438 1179 trajicientes,
1478 1117 1741 1178 tanquam
1794 1103 2040 1159 omnium

457 1198 678 1255 dicendi
727 1198 986 1255 facultate
1020 1200 1283 1255 victorem
1347 1198 1667 1269 praedicant,
1719 1195 1814 1251 sed
1866 1194 2041 1265 ipsam

463 1287 927 1342 immortalitatem
1004 1304 1129 1344 esse
1206 1286 1342 1342 dicit
1398 1287 1718 1349 essentiam,
1768 1282 2043 1354 Unigeniti

2142 456 2391 526 πείσαιμι
2419 456 2510 509 τὸν
2552 454 2848 527 ἀκροατὴν,
2894 457 2988 524 ἀφ’
3030 451 3152 517 οἵας
3178 446 3331 516 οὗτος
3363 453 3724 522 παρασκευῆς

2139 546 2246 600 τῶν
2293 546 2467 615 λόγων
2507 544 2849 616 ὁρμώμενος,
2890 546 2920 598 ό
2956 543 3047 598 τὸν
3087 543 3358 614 ἡμέτερον
3407 539 3723 610 ίδιωτισμὸν

2137 635 2472 698 διαπλύνων,
2526 634 2718 690 ἔπειτα
2768 635 2869 705 τῆς
2909 634 3164 705 ἀληθείας
3219 632 3718 703 καταθρασύνεται.

2140 726 2237 790 Τίς
2275 725 2352 780 ὢν
2381 725 2522 780 κατὰ
2560 725 2651 780 τὸν
2680 726 2837 794 λόγον
2876 726 2971 778 καὶ
3001 719 3089 778 οἷα
3117 724 3507 795 φθεγγόμενος,
3550 724 3582 776 ό
3606 724 3721 785 rei;

2142 819 2513 891 παχύδερμοις
2547 818 2657 871 τῶν
2691 818 2974 890 ἀκροατῶν
2999 817 3280 888 ἐντρυφῶν
3300 832 3359 869 τε
3383 816 3480 869 καὶ
3501 818 3725 885 ἐμπομ-

2142 912 2345 976 πεύων,
2371 912 2420 965 οἳ
2446 910 2546 974 τὰς
2570 910 2902 981 πομφὼδεις
2925 909 3089 966 αὐτοῦ
3124 908 3324 973 ταύτας
3356 908 3721 981 ξηροστομίας

2146 1002 2554 1067 κακοσυνθέτως
2583 1003 3037 1076 διαπεραίνοντες,
3080 1002 3155 1066 ὡς
3181 1003 3560 1074 κεκρατηκότα
3608 1001 3727 1055 τῶν

2148 1094 2365 1149 πάντων
2397 1097 2467 1166 τῇ
2487 1094 2712 1166 δυνάμει
2732 1095 2840 1149 τῶν
2877 1095 3050 1164 λόγων
3076 1093 3568 1164 ἀνακηρύσσουσιν,
3602 1095 3723 1149 ἀλλ’

2143 1185 2315 1256 αὐτὴν
2343 1179 2483 1239 εἷναί
2509 1204 2641 1257 φησι
2669 1187 2769 1259 τὴν
2795 1187 2983 1242 οὐσίαν
3023 1185 3338 1252 ἀθανασίαν,
3377 1187 3478 1259 τὴν
3517 1187 3580 1241 δὲ
3622 1187 3724 1242 τοῦ

2143 1277 2482 1346 Μονογενοῦς
2516 1279 2729 1350 ούσίανς
2755 1280 2820 1333 Τί
2855 1280 2995 1352 φῄς;
3030 1279 3168 1351 ,πρὸς
3196 1279 3357 1335 αὐτὸν
3384 1280 3602 1354 εἴποιμι
3628 1281 3722 1347 ἂν,

458 1391 639 1436 autem
704 1382 1028 1437 essentiam?
1059 1381 1201 1449 Quid
1268 1380 1391 1436 ais?
1452 1381 1520 1437 ad
1566 1380 1744 1452 ipsum
1782 1378 2041 1444 dixerim,

2144 1364 2464 1431 ἀθανασίαν,
2484 1370 2517 1440 ἢ
2535 1370 2688 1442 οὐχίς
2727 1370 2942 1441 Ἐπειδὴ
2963 1370 3056 1423 καὶ
3074 1370 3167 1423 ἐπὶ
3192 1372 3396 1444 ταύτης
3416 1375 3452 1444 ἡ
3476 1374 3729 1443 ἁπλότης

464 1473 950 1538 immortalitatem,
1003 1487 1072 1527 an
1105 1473 1253 1527 non!
1305 1486 1564 1542 quoniam
1618 1471 1785 1527 etiam
1846 1470 1902 1524 in
1940 1469 2041 1524 hac

2142 1459 2418 1530 οὐδεμίαν,
2440 1460 2623 1526 καθὼς
2637 1465 2762 1536 φῂς,
2787 1464 3064 1533 συμφυΐαν
3087 1464 3389 1536 προσίεται.
3419 1466 3479 1518 Ei
3500 1466 3603 1535 μὲν
3623 1461 3723 1519 οὖν

461 1563 803 1634 simplicitas,
844 1564 1071 1628 nullam,
1102 1565 1246 1619 sicut
1273 1564 1376 1627 ais,
1405 1566 1801 1618 connexionem
1829 1569 2041 1615 natura

2143 1551 2386 1621 ἀρνεῖται
2400 1553 2462 1606 τὸ
2479 1551 2777 1607 ἀθανασίαν
2794 1548 2934 1608 εἶναι
2953 1553 3044 1607 τοῦ
3064 1554 3193 1607 Υἱοῦ
3215 1555 3311 1627 τὴν
3331 1556 3538 1617 οὐσίαν,
3554 1557 3724 1626 δῆλον

461 1657 684 1725 appetit.
714 1653 994 1727 Siquidem
1020 1665 1183 1728 negat
1210 1657 1679 1713 immortalitatem
1698 1668 1823 1708 csse
1852 1666 2041 1707 essen-

2143 1644 2222 1705 είς
2237 1642 2265 1695 ὃ
2290 1659 2339 1694 τι
2360 1642 2643 1713 βλέπει.Τὸ
2655 1644 2764 1717 γὰρ
2780 1646 3337 1718 ἀντιδιαστελλόμενον
3348 1648 3426 1718 τῷ
3437 1649 3729 1721 ἀθανάτῳ,

462 1718 614 1809 tiam,
645 1718 1001 1817 perspicuum
1035 1718 1261 1820 advquid
1296 1748 1540 1819 respicit.
1570 1744 1726 1813 Quod
1763 1745 1907 1800 enim
1939 1744 2041 1799 im-

2143 1734 2204 1787 ού
2226 1733 2345 1787 λίαν
2371 1736 2486 1789 ἐστὶ
2517 1735 2719 1808 λεπτῆς
2748 1739 3079 1809 κατανοῆσαι
3120 1741 3335 1810 φρενός.
3384 1742 3471 1805 Ὠς
3514 1743 3627 1813 γὰρ
3654 1718 3735 1797 τὰ

462 1838 676 1891 mortali
703 1854 768 1894 ex
792 1840 1022 1896 adverso
1048 1842 1377 1910 opponitur,
1411 1857 1519 1895 non
1542 1852 1625 1895 εει
1651 1840 1869 1894 subtilis
1898 1854 2041 1893 men-

2148 1826 2222 1898 μὴ
2239 1828 2513 1899 ἄφθαρτον
2532 1828 2770 1903 φθαρτὸν
2805 1832 2839 1903 ἡ
2856 1831 3145 1885 ἀκολουθία
3161 1833 3264 1903 τῆς
3277 1833 3726 1905 ἀντιδιαιρὲσεως

458 1927 533 1981 tis
558 1928 819 1998 cogitare.
844 1927 912 1983 Ut
933 1930 1078 1983 enim
1106 1930 1252 2000 quod
1271 1946 1378 1985 non
1401 1928 1757 1999 corruptibile
1775 1928 2041 1998 corrupti-

2142 1916 2401 1983 δείκνυσι,
2422 1920 2517 1973 καὶ
2548 1921 2780 1993 τρεπτὸν
2802 1922 2862 1974 τὸ
2878 1924 2952 1993 μὴ
2982 1924 3431 1997 ἄτρεπτονεοῦτω
3460 1928 3554 1980 καὶ
3588 1928 3729 1998 θνη-

461 2018 569 2076 ιιίιε
615 2023 1004 2091 consequentia
1051 2023 1316 2091 opposita:
1360 2021 1648 2077 divisionis
1685 2021 2046 2087 demonstrat,

455 2121 515 2166 et
565 2114 851 2168 mutationi
925 2120 1011 2167 est
1071 2112 1366 2167 obnoxium
1428 2111 1572 2181 quod
1648 2125 1755 2165 non
1812 2116 1898 2165 est
1945 2109 2049 2164 im-

459 2204 754 2258 mutabile:
788 2205 868 2259 sic
902 2203 1066 2259 etiam
1113 2204 1341 2257 mortale
1375 2217 1626 2272 prorsus,
1647 2204 1791 2270 quod
1825 2218 1927 2260 non
1962 2211 2048 2258 est

460 2295 791 2348 immortale.
826 2294 965 2360 Quid
1011 2294 1177 2363 igitur
1213 2308 1476 2348 novorum
1507 2295 1823 2364 dogmatum
1854 2293 2045 2363 expla-

459 2382 661 2436 nator?
715 2381 858 2448 Quid
903 2383 969 2437 de
1009 2380 1283 2452 Unigeniti
1323 2382 1562 2437 essentia
1606 2382 1765 2436 nobis
1824 2383 2047 2453 proprio

459 2474 680 2529 nomine
702 2472 1110 2529 dicet?Rursus
1137 2475 1282 2528 enim
1315 2474 1561 2528 camdcm
1594 2474 1852 2544 scriptori
1879 2475 2047 2530 inter-

461 2564 799 2639 rogationem
823 2563 1122 2634 proferam.
1151 2561 1305 2617 Dabit
1332 2572 1386 2616 et
1412 2563 1553 2617 hanc
1581 2565 2041 2619 immortalitatem

2147 2011 2238 2064 τὸν
2266 2011 2501 2077 πάντως,
2520 2013 2581 2066 τὸ
2595 2013 2669 2086 μὴ
2699 2014 2988 2069 ἀθάνατον.
3009 2017 3073 2071 Τί
3092 2013 3185 2071 οὖν
3204 2020 3232 2071 ὀ
3253 2018 3360 2072 τῶν
3376 2020 3578 2073 καινῶν
3591 2021 3729 2088 Bay-
3756 2086 3757 2091 η

2152 2102 2339 2173 μάτων
2357 2103 2626 2176 ἐξηγητής
2645 2122 2661 2170 ;
2691 2106 2757 2159 Τί
2778 2108 2908 2178 περὶ
2924 2108 3023 2178 τῆς
3041 2108 3134 2162 τοῦ
3161 2110 3495 2180 Μονογενοῦς
3524 2113 3731 2177 οὐσίας

2145 2195 2274 2265 ἡμῖν
2297 2212 2363 2249 κυ
2373 2196 2674 2268 ριολογησει
2694 2216 2708 2266 ;
2734 2197 2904 2253 Πάλιν
2922 2199 3030 2270 γὰρ
3049 2200 3146 2272 τὴν
3163 2202 3330 2273 αὐτὴν
3352 2205 3735 2275 προσοίσωτῷ

2145 2284 2465 2359 λογογράφῳ
2501 2288 2788 2359 ἐρώτησιν.
2832 2290 3003 2343 Δώσει
3048 2294 3145 2346 καὶ
3171 2294 3373 2365 ταύτην
3410 2295 3733 2350 ἀθανασίαν

2143 2371 2303 2443 εῖναι,
2345 2378 2379 2449 ἢ
2424 2381 2484 2433 ού
2518 2380 2858 2452 συνθήσεται.
2895 2382 2958 2436 Ei
2997 2380 3226 2452 μὲνοῦν
3275 2385 3350 2457 μὴ
3380 2386 3592 2457 δέχοιτο
3618 2389 3731 2442 τοῦ

2145 2469 2274 2523 Υἱοῦ
2327 2471 2425 2542 τὴν
2473 2473 2661 2527 οὐσίαν
2711 2473 3008 2528 ἀθανασίαν
3066 2471 3236 2542 εἶναι,
3275 2478 3591 2547 ἀναγκαίως
3636 2484 3736 2553 τῷ

2142 2562 2367 2632 ἐναντίῳ
2410 2563 2750 2636 συνθήσεται,
2775 2565 2865 2622 διὰ
2885 2566 2983 2637 τῆς
3015 2565 3109 2621 τοῦ
3141 2568 3446 2640 κρείττονος
3482 2574 3734 2646 ἀφαιρέ-

306 3064 333 3095 ._
395 3023 927 3097 .intmortalitatem
963 3023 1125 3078 etiam
1148 3019 1417 3093 Unigeniti
1451 3022 1744 3077 essentiam
1773 3021 2038 3088 nominet,

459 2670 607 2720 εεεε,
619 2657 702 2711 vel
727 2671 835 2711 non
855 2658 1209 2713 assentietur.
1232 2655 1287 2710 Si
1315 2656 1479 2726 igitur
1503 2672 1608 2710 non
1641 2658 1902 2726 approbet
1921 2656 2041 2710 Filii

2145 2671 2282 2719 σεως
2318 2654 2544 2709 θάνατον
2577 2657 2745 2728 αὐτὴν
2782 2653 2923 2712 εἶναι
2944 2661 3381 2726 κατασκευάζων.
3407 2664 3468 2717 Εί
3496 2664 3557 2718 δὲ
3579 2666 3733 2734 φεύ-

457 2749 751 2805 essentiam
801 2748 1162 2803 immortalem
1207 2762 1370 2812 esse,
1410 2749 1724 2803 necessario
1769 2748 2041 2803 contrario

2144 2762 2258 2814 γων
2279 2747 2338 2799 τὸ
2361 2748 2580 2810 ἄτοπον,
2604 2748 2899 2805 ἀθανασίαν
2920 2754 3015 2811 καὶ
3032 2753 3124 2806 τοῦ
3151 2755 3488 2823 Μονογενοῦς
3510 2758 3610 2828 τὴν
3631 2761 3745 2814 οὐ..

459 2840 869 2911 astipulabitur,
907 2855 1001 2911 per
1034 2840 1432 2911 praestantioris
1476 2840 1827 2903 ablationcm,
1867 2842 2041 2911 ipsam

2143 2838 2263 2892 σίαν
2281 2838 2659 2911 κατονομάζοι,
2680 2842 2934 2912 οὐδεμίαν
2949 2842 3008 2907 ἐξ
3021 2844 3261 2917 ἀνάγκης
3277 2846 3364 2901 διὰ
3385 2846 3544 2900 τοῦτο
3568 2850 3736 2908 κατὰ

463 2945 587 2987 esse
617 2939 847 2987 mortem
873 2941 1227 3002 praestruens.
1243 2928 1401 2997 Quod
1428 2931 1474 2985 si
1504 2931 1801 2986 absurdum
1825 2929 2041 3001 fugiens

2142 2928 2240 3000 τὴν
2263 2928 2450 2982 οὐσίαν
2469 2929 2732 3002 διαφορὰν
2756 2924 2896 2985 εἶναι
2926 2930 3266 3002 συνθήσεται.
3290 2933 3351 2986 Εί
3373 2933 3479 3004 γὰρ
3513 2934 3735 3007 ἐπίσης

2140 3020 2176 3091 ἧ
2194 3038 2255 3076 τε
2275 3022 2368 3076 τοῦ
2389 3020 2605 3093 Πατρδς
2632 3024 2726 3077 καὶ
2750 3022 2879 3077 Υἱοῦ
2908 3023 3068 3092 φύσις
3095 3022 3358 3078 ἀθανασία
3380 3025 3548 3089 ἐστὶν,
3575 3026 3741 3082 dan.

461 3115 663 3169 nullam
687 3131 753 3170 ex
770 3114 1095 3170 necessitate
1116 3124 1402 3185 prapterea
1422 3114 1722 3170 secundum
1744 3113 2035 3170 essentiam

2142 3109 2301 3164 νασία
2338 3109 2395 3163 δὲ
2423 3111 2560 3183 πρὸς
2597 3111 2793 3184 ἑαυτὴν
2830 3113 3007 3167 ούδενὶ
3044 3113 3187 3185 λόγῳ
3218 3112 3472 3186 διαφορᾶς
3492 3114 3734 3187 διασχί-

457 3200 827 3259 diil‘erentiam
867 3219 990 3261 esse
1012 3205 1380 3260 conﬁtebitur.
1422 3203 1479 3259 Si
1506 3204 1651 3260 enim
1685 3219 1749 3259 ex
1804 3218 1960 3274 :equo
1983 3209 2038 3258 et

2143 3203 2316 3269 ζεται,
2350 3204 2457 3275 ἄρα
2485 3204 2579 3257 καὶ
2608 3205 2736 3276 παρ’
2770 3204 2949 3259 αὐτῶν
2970 3205 3079 3258 τῶν
3107 3205 3314 3276 ἐχθρῶν
3348 3206 3736 3277 ὁμολογεῖται,

459 3292 640 3349 Patris
687 3304 741 3349 et
773 3295 896 3351 Filii
941 3306 1137 3351 natura
1166 3297 1548 3351 immortalitas
1575 3305 1680 3359 est,
1712 3295 2036 3350 immortali-

2142 3296 2200 3347 τὸ
2226 3294 2428 3366 μηδένα
2471 3294 2735 3366 διαφορᾶς
2768 3296 2924 3366 λόγον
2967 3297 3058 3353 ἐπὶ
3093 3299 3185 3352 τοῦ
3225 3298 3431 3370 nam;
3478 3302 3576 3353 καὶ
3616 3302 3738 3355 τοί

459 3392 551 3441 tas
580 3394 762 3441 autem
803 3389 857 3441 iu
897 3387 1133 3456 seipsam
1155 3387 1303 3442 nulla
1335 3388 1548 3441 ratione
1603 3385 1921 3439 diﬂerentize
1947 3384 2033 3439 di-

2142 3386 2274 3440 Υἱοῦ
2304 3387 2445 3440 κατά
2478 3387 2576 3459 τὴν
2596 3389 2784 3443 οὐσίαν
2819 3389 3205 3463 εύρίσκεσθαις

459 3479 758 3542 scinditur,
816 3479 1061 3547 nunquid
1108 3480 1272 3535 etiam
1324 3479 1396 3533 ab
1450 3478 1583 3547 ipsis
1636 3475 1878 3532 inimicis
1925 3478 2265 3548 conceditur,
2307 3480 2510 3534 nullam
2543 3480 2858 3536 differentiae
2902 3483 3165 3539 rationem
3204 3485 3257 3538 in
3287 3483 3443 3541 Patre
3478 3495 3534 3540 et
3569 3485 3743 3542 Filia

458 3570 761 3625 secundum
795 3570 1091 3627 essentiam
1117 3571 1372 3627 definiri?

533 3659 639 3715 Sed
665 3662 777 3731 jam
806 3672 1021 3733 tempus
1054 3662 1217 3719 fuerit
1244 3663 1495 3718 acerbam
1521 3663 1695 3734 ipsius
1714 3672 1904 3719 contra
1932 3679 2035 3721 nos

461 3769 767 3824 proponere
816 3756 1246 3819 accusationem,
1285 3772 1447 3825 quani
1492 3758 1546 3811 in
1599 3757 1704 3812 line
1769 3759 2035 3813 orationis

414 3906 423 3913 ε
458 3845 611 3911 fecit,
636 3846 827 3901 dicens
872 3862 971 3901 nos
1025 3863 1090 3902 ex
1131 3847 1305 3901 nihilo
1328 3849 1541 3917 penitus
1580 3847 1793 3904 Patrem
1829 3850 2034 3913 dicere,

457 3938 752 3994 dictionem
787 3938 1027 4007 aliquam
1063 3954 1130 3993 ex
1169 3948 1427 3994 contextu
1483 3939 1803 4005 suffnratus,
1840 3943 2037 4011 ipsam-

2225 3658 2381 3713 Ἀλλὰ
2434 3661 2625 3733 καιρὸς
2677 3660 2742 3715 ἂν
2791 3661 2877 3732 εἴη
2926 3665 3024 3735 τὴν
3074 3664 3312 3737 χαλεπὴν
3357 3666 3519 3719 αὐτοῦ
3579 3668 3732 3722 καθ’

2140 3750 2296 3822 ἡμῶν
2326 3752 2605 3823 προθεῖναι
2636 3756 2991 3826 κατηγορίαν,
3032 3758 3098 3827 ἢν
3122 3757 3214 3810 ἐπὶ
3243 3758 3386 3811 τέλει
3417 3757 3512 3812 τοῦ
3543 3759 3728 3829 λόγου

2143 3842 2456 3910 πεποίηται,
2485 3841 2659 3911 λέγων
2693 3831 2842 3915 ἡμᾶς
2877 3849 2942 3901 ἐκ
2972 3846 3064 3901 τοῦ
3110 3848 3284 3920 πάντη
3318 3849 3390 3920 μὴ
3418 3850 3570 3916 ὄντος
3622 3855 3730 3907 τὸν

2146 3930 2368 3997 Πατέρα
2392 3928 2572 3998 λέγειν
2600 3948 2614 3962 ο
2652 3933 2858 4004 κλέψας
2895 3935 3017 3988 τινὰ
3044 3936 3188 4001 λέξιν
3229 3939 3294 3991 ἐκ
3317 3939 3417 4008 τῆς
3451 3945 3733 4011 συμφρά-

454 4047 566 4102 que
614 4031 810 4086 exilem
844 4038 899 4086 et
944 4031 1310 4085 inordinatam
1334 4048 1399 4086 ex
1437 4033 1647 4103 reliquo
1685 4048 1917 4103 corpore
1948 4034 2038 4089 de-

2142 4038 2276 4085 σεως
2300 4062 2313 4083 ,
2339 4023 2434 4077 καὶ
2456 4023 2616 4096 ψιλὴν
2644 4026 2811 4098 αὐτὴν
2839 4027 2930 4079 καὶ
2952 4027 3285 4084 ἀσύντακτον
3312 4032 3375 4084 ἐκ
3398 4031 3491 4085 τοῦ
3518 4032 3730 4090 latras";

456 4128 690 4176 tractam
739 4121 995 4176 vellicare
1045 4130 1295 4190 conatur,
1349 4133 1405 4179 et
1460 4126 1802 4181 stomachum
1858 4129 2036 4182 facere

2142 4112 2389 4183 σώματος
2417 4116 2727 4185 ἀφελκύσας
2746 4158 2761 4183 ,
2796 4118 2997 4184 κνίζειν
3054 4119 3321 4191 ἐπιχειρεί
3361 4125 3471 4187 τοῖς
3504 4125 3733 4197 ἐκπλή-

460 4214 671 4270 insanis
696 4212 955 4268 dentibus
982 4212 1309 4275 dilacerans.
1347 4217 1426 4272 νει
1467 4218 1645 4287 potius
1665 4217 1907 4274 salivans
1953 4216 2031 4287 (id

2142 4222 2285 4269 κτοις
2305 4206 2483 4261 ὀδοῦσι
2509 4211 3001 4280 κατασπαράσσων,
3021 4212 3219 4282 μᾶλλον
3236 4214 3293 4268 δὲ
3321 4216 3735 4281 κατασιελίζων

402 4284 425 4297 ”
460 4311 545 4357 εει
570 4306 722 4359 velut
744 4303 968 4357 salivam
999 4318 1305 4359 sermonem
1319 4284 1889 4378 eXSptletlb):pl‘itllttm
1918 4284 2037 4378 qui-

2142 4295 2227 4350 τὸν
2273 4296 2448 4368 λόγον.
2498 4298 2652 4367 Λέξω
2682 4299 2739 4353 δὲ
2778 4301 2990 4372 πρῶτον
3025 4303 3125 4373 μὲν
3173 4304 3272 4377 τὴν
3317 4306 3549 4360 διάνοιαν
3594 4310 3735 4363 τῶν

456 4392 584 4448 dem
612 4392 791 4446 dicant
822 4392 1146 4447 sententiam
1175 4407 1362 4448 eorum
1388 4406 1509 4462 qua:
1540 4409 1570 4448 a
1593 4396 1818 4451 doctore
1838 4397 1905 4452 de
1931 4397 2035 4452 hoc

2142 4388 2289 4459 παρά
2342 4392 2435 4445 τοῦ
2465 4390 2805 4445 διδασκάλου
2831 4394 2958 4465 περ)⁸
2993 4395 3183 4450 τούτου
3225 4397 3733 4468 διευκρινηθὲν-ξων

461 4481 725 4551 praeclare
773 4492 902 4537 sunt
952 4482 1202 4538 oratione
1263 4482 1549 4553 distincta,
1613 4483 1811 4540 deinde
1857 4489 2034 4556 ipsum

458 4588 770 4630 sermonem
802 4572 870 4627 ad
900 4572 1128 4627 verbum
1176 4588 1483 4643 apponam,
1536 4583 1594 4627 ιιι
1638 4578 1891 4632 oninibus
1944 4578 2036 4632 fiat

463 4664 876 4720 manifestarius
931 4664 988 4719 in
1035 4664 1421 4719 contumeliam
1467 4666 1712 4722 veritatis
1768 4669 1824 4721 in
1853 4666 2037 4725 studia

461 4756 679 4825 piorum
713 4754 1023 4826 perniciose
1052 4755 1314 4825 irrepere.
1339 4754 1447 4811 Nos
1482 4758 1624 4811 enim
1661 4758 1940 4814 adducens
1966 4760 2034 4815 ad

460 4847 691 4918 ingeniti
724 4847 1179 4918 significationem
1217 4864 1312 4919 per
1350 4863 1483 4904 suos
1534 4865 1816 4905 sermones
1843 4849 2037 4906 doctor
2072 4884 2089 4890 -

462 4945 675 5005 noster,
712 4940 870 4994 talem
895 4941 1054 4996 nobis
1093 4940 1521 4995 insinuationem
1565 4941 1631 4995 ad
1666 4943 2034 5011 cognitionem

460 5025 586 5098 ejus
610 5027 757 5099 quod
786 5029 1070 5099 quaeritur,
1095 5029 1352 5099 subjecit,
1399 5028 1785 5086 demonstrans
1820 5033 1975 5103 longe
2004 5049 2036 5088 a

465 5120 661 5176 notitia
684 5136 804 5192 qua
820 5129 904 5175 est
921 5120 1223 5175 secundum
1246 5122 1560 5185 essentiam,
1583 5136 1705 5178 csse
1725 5123 1949 5191 ingeniti
1968 5126 2038 5179 si-

464 5210 808 5281 gnificatum.
826 5209 959 5264 Cum
978 5209 1331 5279 evangelista,
1348 5211 1547 5281 inquit,
1562 5211 1772 5267 Domini
1793 5215 2038 5285 genealo-

467 5301 570 5371 gize
589 5317 709 5371 qua:
724 5308 808 5356 est
829 5300 1132 5357 secundum
1151 5292 1371 5357 carhem
1384 5318 1451 5357 ex
1477 5300 1678 5375 Joseplt
1707 5306 2035 5376 principium

468 5393 689 5450 fecisset
726 5394 794 5460 ",
827 5392 1022 5450 deinde
1062 5408 1277 5464 semper
1302 5395 1656 5465 pragrediens
1685 5397 1753 5452 ad
1792 5407 2038 5468 tempore

465 5484 858 5553 antiquiorem,
879 5486 1168 5541 terminum
1186 5486 1517 5559 genealogiae
1533 5487 1585 5544 in
1597 5488 1806 5547 Adamo
1821 5491 2035 5548 delinis-

541 5650 584 5684 ”
614 5652 753 5712 Luc.
785 5673 866 5723 ιιι,
897 5661 965 5716 25
994 5678 1105 5737 sqq.

2133 4482 2289 4552 ’ἡμῖν⁹
2330 4478 2430 4537 εἷθ’
2449 4481 2593 4537 οὕτω
2619 4482 2710 4537 τὸν
2741 4482 2896 4553 λόγον
2929 4486 3092 4541 αὑτὸν
3114 4489 3208 4542 ἐπὶ
3232 4488 3428 4555 λέξεως
3458 4491 3731 4563 napum}-

2136 4588 2336 4642 σομαι,
2369 4573 2444 4635 ὡς
2473 4573 2539 4626 ἂν
2568 4575 2704 4627 πᾶσι
2734 4574 2943 4644 γένοιτο
2972 4577 3204 4649 φανερὸς
3239 4579 3270 4631 ό
3308 4578 3402 4630 ἐπὶ
3430 4577 3580 4651 λύμῃ
3609 4583 3733 4652 τῆς

2135 4658 2392 4731 ἀληθείας
2424 4663 2539 4724 ταῖς
2565 4661 2670 4716 τῶν
2708 4663 3073 4719 εὐσεϐούντων
3114 4666 3372 4732 σπουδαῖς
3402 4667 3731 4741 εἰσφθειρό-

2138 4766 2321 4820 μενος.
2350 4752 2646 4823 Προσάγων
2674 4753 2784 4826 γὰρ
2816 4757 2962 4826 ἡμᾶς
2990 4759 3058 4828 τῇ
3085 4757 3179 4812 τοῦ
3209 4758 3500 4829 ἀγεννήτου
3527 4776 3733 4831 cupa-

2137 4840 2228 4913 σία
2251 4840 2341 4895 διὰ
2370 4842 2476 4895 τῶν
2506 4842 2628 4896 καθ’
2677 4845 2867 4900 ἑαυτὸν
2908 4846 3082 4916 λόγων
3112 4850 3141 4901 ό
3168 4847 3481 4913 διδάσκαλος
3526 4852 3733 4922 ἡμῶν,

2133 4933 2389 5004 τοιαύτην
2414 4936 2545 5006 ἡμῖν
2577 4934 2763 5004 ἔφοδον
2790 4936 2926 5007 πρὸς
2960 4938 3058 5009 τὴν
3089 4938 3182 4993 τοῦ
3212 4938 3544 5011 ζητουμένου
3566 4944 3731 5011 γνῶ-

2139 5043 2223 5080 σιν
2252 5025 2512 5092 ὑπέθετο,
2561 5026 2772 5092 δεικνὺς
2817 5029 3008 5100 πόρρω
3040 5029 3140 5100 τῆς
3194 5030 3336 5086 κατὰ
3517 5034 3731 5090 οὐσίαν

2136 5119 2343 5182 ἐννοίας
2371 5117 2430 5171 ὃν
2459 5117 2550 5172 τοῦ
2577 5119 2870 5189 ἀγεννήτου
2907 5123 2970 5172 τό
3016 5121 3427 5193 σημαινόμενον.
3461 5123 3572 5177 Τοῦ
3599 5125 3728 5179 Εὐ-

2138 5208 2486 5279 αγγελιστοῦ,
2520 5210 2673 5282 φησὶ,
2707 5208 2810 5280 τῆς
2846 5209 2990 5264 κατά
3028 5212 3206 5282 σάρκα
3237 5212 3330 5265 τοῦ
3360 5214 3571 5283 Κυρίου
3615 5234 3728 5284 γε-

2138 5303 2423 5374 νεαλογίας
2469 5304 2535 5357 ἐκ
2577 5301 2673 5356 τοῦ
2722 5302 2915 5375 Ἰωσὴφ
2959 5302 3057 5376 τὴν
3090 5304 3266 5377 ἀρχὴν
3311 5307 3727 5377 ποιησαμένου,

2136 5390 2258 5450 εἶτα
2290 5394 2571 5466 προϊόντος
2606 5396 2698 5449 ἐπὶ
2725 5395 2814 5449 τὸν
2839 5395 2926 5449 ἀεὶ
2966 5394 3141 5465 χρόνῳ
3187 5395 3583 5467 πρεσδύτερον,
3618 5401 3727 5454 καὶ

2126 5491 2195 5542 ,ἐν
2240 5487 2319 5558 τῷ
2373 5487 2544 5560 ’Δδάμ
2590 5488 2649 5543 τὺ
2684 5487 2853 5560 πέρας
2874 5487 2971 5558 τῆς
3024 5486 3368 5556 γενεαλογίας
3398 5488 3724 5559 ὁρίσαντας.
