4010 6212
363 314 507 376 Hi7

1528 318 1568 370 (ἶ
1598 314 1805 373 ‘NTRA
1846 312 2227 376 NJNJllUM,
2269 311 2397 364 LIB.
2442 310 2557 363 λιι.

3463 313 3600 370 1118

359 414 573 500 καὶδιά
590 419 657 500 τὸ
687 420 762 491 μὴ
787 421 1142 489 ὑπερκεῖσθαι
1165 422 1259 477 τοῦ
1292 423 1712 496 πρωτοπλάστου
1738 442 1923 497 σωμα-

2031 436 2135 492 set,
2153 436 2206 484 et
2226 429 2356 500 quia
2376 445 2481 483 non
2505 428 2683 499 primo
2704 426 2937 481 formato
2959 428 3214 498 superior
3227 435 3374 484 esset
3398 443 3600 498 corpo-

357 496 526 548 uxbv
558 498 795 570 ΙΙατερα,
822 502 918 556 τοῦ
959 503 1094 559 Θεοῦ
1132 510 1424 580 φήσαντος.
1464 512 1760 586 Πρόχειρον
1799 512 1859 567 εἷ’
1884 515 1940 567 αί

357 601 518 654 φησι,
541 590 606 657 τῇ
621 591 852 646 season
877 594 1086 667 διανοίᾳ
1103 600 1232 670 περὶ
1256 601 1350 654 τοῦ
1376 603 1511 656 Θεοῦ
1532 605 1693 659 τοῦτο
1711 606 1890 660 λαϐεῖν
1910 622 1925 638 ο

2024 537 2149 576 reus
2164 521 2341 584 Pater.
2359 521 2503 574 iumc
2524 519 2613 574 Dei
2630 535 2747 574 esse
2764 519 2919 573 dixit.
2939 518 3254 590 Promptum
3274 534 3396 575 esse
3416 519 3595 590 inquit

2022 613 2292 682 cujusque
2332 612 2539 666 notioni
2572 610 2639 666 de
2684 610 2791 667 Deo
2826 612 2957 666 illud
2989 613 3263 682 accipere:
3290 612 3432 681 quod
3455 611 3599 668 Deus

354 677 438 772 δτι
464 680 494 731 ό
518 676 653 772 Geo;
680 680 738 746 ἐξ
771 677 835 737 οῦ
878 686 1067 759 Ἀδάμ,
1098 690 1160 743 οὐ
1208 692 1331 746 καθ’
1358 695 1655 767 ὁμοιότητα
1683 699 1791 753 τῶν
1831 702 1929 752 άνο

2030 710 2127 768 εει,
2161 718 2228 757 ex
2260 714 2370 772 quo
2400 701 2663 760 Adamus.
2698 717 2805 755 non
2850 701 2916 755 ad
2961 700 3373 756 similitudinem
3406 717 3599 757 eorum

353 769 650 839 θρωπικῶς
674 775 1183 848 γενεαλογηθὼτων
1206 784 1300 836 καὶ
1333 785 1495 849 αὐτὸς
1528 787 1588 855 ἐξ
1617 791 1805 862 ἑτέρου
1827 793 1928 862 τὴν

351 861 649 947 ῦπόστασιν
674 865 789 938 ἔχει
810 882 824 896 ·
854 870 1073 925 ἐπειδάν
1101 875 1212 945 γάρ
1237 875 1417 931 πάντα
1448 861 1805 947 διεξελθόντες
1836 861 1926 936 τιν

348 944 481 1008 Θεὸν
507 958 647 1027 μετά
679 959 858 1013 πάντα
880 961 960 1031 τῷ
983 962 1058 1034 νῷ
1084 944 1357 1038 λάϐωμεν,
1389 970 1488 1042 τὴν
1517 944 1732 1027 πάντων
1751 975 1926 1046 ἀρχὴν

349 1045 673 1118 ὲνοήσαμεν.
713 1050 879 1123 Ἀρχὴ
907 1052 964 1106 δὲ
1001 1057 1151 1109 πᾶσα
1187 1060 1344 1133 εἴπερ
1382 1062 1568 1135 ἑτέρου
1594 1067 1737 1129 τινος
1765 1045 1928 1137 ἐξημ-

351 1138 487 1210 μένη
527 1140 705 1211 τύχοι,
742 1145 884 1215 ἀρχὴ
924 1147 1024 1199 οὐκ
1069 1146 1239 1203 ἐστιν.
1299 1152 1509 1207 Οὐκοῦν
1550 1158 1599 1209 εἰ
1640 1157 1780 1228 ἀρχὴ
1828 1157 1923 1212 τοῦ

351 1230 547 1314 παντὸς
590 1231 619 1283 ὁ
656 1234 788 1297 Θεός
810 1251 826 1264 θ
850 1234 965 1287 οὗθ’
1007 1236 1189 1291 ὁτιοῦν
1231 1238 1384 1296 ἔσται
1417 1243 1518 1314 τῆς
1561 1246 1668 1299 τῶν
1706 1249 1927 1305 πάντων

342 1313 520 1386 ἀρχῆς
545 1318 958 1391 ὑπερκείμενον.
989 1323 1138 1396 Αῦτη
1172 1328 1265 1381 τοῦ
1295 1313 1615 1388 διδασκάλου
1654 1338 1783 1407 περὶ
1822 1339 1921 1410 τῆς

342 1405 436 1457 τοῦ
488 1408 784 1477 άγεννήτου
840 1414 1171 1489 σημασίαςή
1224 1420 1462 1488 ἐκθεσις,
1499 1428 1607 1481 Καὶ
1649 1405 1741 1481 ὅτι
1768 1405 1921 1482 οὐδέν

342 1496 461 1592 ἔξω-
490 1500 886 1592 τῆςγάληθείας
929 1505 1079 1576 αὐτῷ
1109 1513 1237 1580 παρ’
1272 1514 1430 1583 ἡμῶν
1476 1519 1918 1592 μεμαρτύρηται.

341 1589 512 1660 αὐτὴν
539 1591 631 1644 ἐπὶ
658 1594 942 1668 ’ῥημάτων
993 1596 1091 1667 τὴν
1136 1601 1263 1672 περὶ
1329 1605 1521 1660 τούτου
1571 1589 1925 1684 ῥῆσιν-ἐκθή-

341 1700 524 1736 cauas.

2025 809 2257 864 quorum
2308 795 2623 865 genealogia
2678 795 2917 849 humano
2973 810 3125 849 more
3178 795 3449 865 descripta
3492 805 3598 860 est,

2025 886 2143 956 ipse
2172 901 2240 941 ex
2266 885 2376 940 alio
2400 885 2765 940 substantiam
2801 884 2983 950 habet,
3009 885 3264 954 quoniam
3312 887 3456 939 enim
3480 900 3598 940 om-

2024 979 2114 1030 nia
2149 987 2536 1046 percurrentes
2566 975 2837 1030 narrando
2869 973 3037 1028 Dentri
3068 981 3190 1043 post
3212 976 3393 1029 omnia
3420 986 3601 1031 mento

2024 1068 2294 1137 capimus,
2320 1068 2563 1121 omnium
2588 1066 2915 1137 principium
2958 1064 3343 1120 intelleximus.
3381 1064 3599 1121 Princi-

2026 1158 2172 1227 pium
2204 1166 2383 1212 autem
2422 1172 2584 1211 omne
2606 1154 2655 1209 si
2683 1155 2902 1226 quidem
2934 1170 2998 1209 ex
3052 1154 3160 1210 alio
3197 1156 3429 1226 quodam
3465 1173 3600 1229 pen-

2024 1247 2169 1309 dea‘t,
2204 1245 2537 1316 principium
2585 1230 2691 1298 non
2744 1252 2848 1299 est.
2886 1244 3052 1315 igitur
3101 1247 3425 1317 principium
3478 1250 3602 1303 uni-

2024 1338 2169 1393 versi
2197 1336 2337 1392 Deus
2366 1354 2382 1398 ;
2426 1352 2600 1405 neque
2631 1336 2924 1406 quidquam
2958 1346 3042 1393 est
3072 1337 3216 1408 quod
3245 1355 3409 1410 supra
3451 1342 3602 1411 prin-

2026 1428 2229 1498 cipium
2265 1428 2508 1481 omnium
2564 1427 2823 1481 constitui
2867 1428 3060 1496 possit.
3094 1427 3217 1484 ilzec
3267 1431 3505 1484 doctoris
3530 1428 3600 1486 de

2026 1515 2251 1587 ingeniti
2282 1514 2683 1586 signiﬁcatione
2705 1517 2998 1585 expositio.
3036 1516 3098 1571 Et
3150 1520 3294 1586 quod
3331 1520 3467 1574 nihil
3496 1537 3599 1576 ex-

2025 1614 2110 1662 tra
2140 1606 2425 1662 veritatem
2459 1607 2563 1677 ipsi
2626 1622 2655 1660 a
2718 1607 2877 1664 nobis
2927 1598 3250 1663 attributum
3277 1623 3384 1675 est,
3424 1612 3598 1682 ipsam

2028 1698 2097 1754 de
2134 1699 2236 1753 hoc
2260 1701 2326 1753 ad
2367 1699 2533 1753 verba
2575 1696 2870 1754 dictionem
2906 1716 3199 1772 exponam.

434 1790 494 1842 Ὀ
516 1767 904 1860 εὐαγγελιστὴς
930 1828 946 1851 ,
991 1790 1150 1860 (μησὶ,
1178 1789 1412 1853 Λουκᾶς,
1445 1790 1543 1861 τῆν
1576 1793 1718 1846 κατά
1748 1792 1927 1863 σάρκα

2104 1786 2284 1841 Lucas
2310 1790 2666 1858 evangelista,
2686 1789 2887 1859 inquit,
2907 1794 3272 1862 genealogiam
3302 1791 3601 1847 secundum
3652 1840 3659 1849 .

354 1878 704 1947 γενεαλογίαν
761 1878 855 1932 τοῦ
906 1878 1041 1933 Θεοῦ
1096 1880 1190 1933 καὶ
1236 1880 1486 1951 Σωτῆρος
1532 1881 1689 1951 ἡμῶν
1753 1882 1929 1955 Ἰησοῦ

357 1970 589 2040 Χριστοῦ
624 1971 1004 2042 ἐκτιθέμενος,
1046 1974 1139 2026 καὶ
1180 1973 1287 2026 ἀπὸ
1327 1973 1434 2043 τῷν
1480 1973 1800 2028 τελευταίων
1838 1976 1931 2030 ἐπὶ

350 2062 479 2123 τιὺς
513 2059 761 2131 πρώτους
805 2062 1162 2127 ἀναποδίζων,
1191 2063 1395 2135 ἣρξατο
1431 2064 1529 2136 μὲν
1554 2065 1661 2118 άπὸ
1686 2065 1781 2120 τοῦ
1821 2065 1931 2121 Ἰω-

353 2154 464 2224 σήφ
486 2169 500 2183 ·
532 2151 703 2206 εἰπὼν
729 2152 787 2206 δὲ
811 2154 999 2208 τοῦτον
1028 2154 1122 2209 τοῦ
1162 2157 1332 2220 Ἠλεὶ,
1374 2156 1466 2209 τὸν
1496 2156 1553 2209 δὲ
1590 2157 1683 2211 τοῦ
1706 2157 1929 2212 Ματτάθ

353 2247 449 2299 καὶ
480 2245 623 2299 οῦτω
656 2246 802 2300 κατά
831 2246 1095 2302 ἀνάϐασιν
1122 2250 1256 2319 πρὸς
1283 2250 1373 2303 τὸν
1412 2250 1582 2320 Ἀδὰμ
1606 2250 1705 2320 τῆν
1732 2250 1931 2323 ἐξήγη-

356 2356 439 2391 σιν
469 2339 769 2408 ἐπαγαγὼν
793 2356 807 2370 ’
845 2335 963 2393 εἶτα
999 2341 1167 2394 ἐλθὼν
1199 2343 1293 2396 ἐπὶ
1324 2344 1449 2405 τοὺς
1478 2343 1590 2396 ἄνω
1616 2343 1708 2395 καὶ
1737 2342 1926 2404 εἰπὼν,

349 2432 431 2483 ἐτι
469 2431 527 2484 '0
559 2431 668 2500 Σὴθ
716 2434 781 2485 ἐκ
815 2432 910 2485 τοῦ
960 2431 1162 2501 Ἀδάμ*
1195 2435 1223 2485 ὁ
1247 2433 1305 2486 δὲ
1346 2431 1517 2504 Ἀδὰμ
1549 2435 1613 2486 ἐκ
1645 2433 1739 2486 τοῦ
1770 2433 1927 2501 Θεοῦ,

351 2523 587 2578 ἐνταῦθα
627 2524 730 2596 τῆς
776 2524 1091 2588 ἀναϐάσεως
1128 2523 1333 2594 ἔληξεν.
1364 2524 1575 2597 Ὠσπερ
1601 2521 1695 2579 οῦν
1727 2527 1931 2589 ἐκεῖνος

350 2611 527 2681 εἶπεν,
557 2619 637 2671 δτι
669 2620 697 2670 ὁ
735 2616 906 2687 Ἀδάμ
932 2618 997 2670 ἐκ
1031 2616 1126 2670 τοῦ
1152 2617 1309 2678 Θεοῦ,
1339 2620 1499 2689 ἡμεῖς
1529 2618 1690 2672 αὐτὸν
1721 2619 1943 2691 ἐρωτή-’

351 2721 541 2775 σομενο
569 2703 629 2760 Ὀ
650 2705 709 2760 δὲ
723 2705 853 2770 Θεὸς
878 2707 942 2760 ἐκ
970 2705 1113 2770 τίνος
1138 2723 1155 2774 ;
1187 2702 1312 2777 Ἆρ’
1350 2708 1468 2778 οὐχὶ
1497 2707 1784 2779 πρόχειρόν
1813 2709 1930 2761 ἐστι

348 2800 418 2868 τῇ
435 2797 665 2851 ἑκάστου
686 2796 892 2871 διανοίᾳ
915 2798 996 2852 δτι
1020 2798 1081 2864 ἐξ
1101 2798 1313 2861 οὐδενός
1334 2816 1350 2865 ;
1379 2798 1441 2851 τὸ
1466 2797 1523 2851 δὲ
1549 2798 1605 2864 ἐξ
1634 2797 1845 2863 οὐδενὸς
1869 2798 1930 2852 τὸ

349 2887 588 2959 ἄναρχον
613 2889 731 2941 ἐστι
754 2887 995 2958 δηλονότι
1023 2905 1039 2921 ο
1069 2888 1130 2942 τὸ
1159 2888 1215 2942 δὲ
1244 2886 1507 2958 ἄναρχον,
1532 2887 1592 2942 τὸ
1616 2887 1927 2959 ἀγέννητον.

363 2981 453 3044 Ὠς
482 2975 574 3034 οὖν
604 2979 697 3033 ἐπὶ
736 2978 846 3033 τῶν
875 2977 1178 3051 ἀνθρώπων
1206 2979 1361 3032 οὐσία
1387 2977 1449 3031 τὸ
1471 2976 1532 3030 ἔκ
1554 2994 1727 3042 τινος,
1758 2977 1929 3043 οὕτως

349 3072 471 3126 οὐδὲ
499 3072 594 3126 ἐπὶ
636 3071 731 3126 τοῦ
759 3070 894 3125 Θεοῦ
938 3071 1048 3126 τῶν
1072 3072 1229 3136 ὅλων,
1269 3072 1458 3127 οὐσίαν
1488 3074 1633 3127 ἐστιν
1665 3074 1839 3127 εἰπεῖν
1869 3074 1929 3128 τὸ

349 3161 664 3235 ἀγέννητον.
691 3162 843 3216 Τίσιν
858 3160 1150 3235 ὀφθαλμοῐς
1180 3162 1261 3217 ἔτι
1281 3162 1415 3234 πρὸς
1443 3163 1533 3218 τὸν
1558 3162 1750 3236 ὁδηγὸν
1776 3163 1929 3233 ὑμῶν

351 3255 686 3310 exosum:
707 3275 724 3325 ;
744 3255 881 3328 πρὸς
904 3256 1050 3327 ὑμᾶς
1075 3254 1239 3325 λέγω,
1270 3256 1369 3329 τὴν
1396 3256 1505 3311 τῶν
1539 3257 1930 3329 ἀπολλυμένων

351 3348 570 3419 ἀγέλην.
609 3349 731 3411 Πῶς
770 3347 851 3402 ἔτι
877 3348 977 3419 τὴν
1016 3347 1184 3419 ἀκοὴν
1217 3349 1535 3403 ὐποκλίνετε
1567 3348 1644 3421 τῷ
1674 3349 1930 3422 τοιαύτην

351 3440 556 3511 στήλην
587 3440 683 3510 τῆς
714 3439 849 3503 ἰδίας
888 3438 1160 3504 ἀναιδείας
1189 3438 1279 3494 διά
1297 3440 1407 3495 τῶν
1434 3440 1608 3509 λόγων
1634 3441 1889 3513 στήσαντι
1912 3459 1928 3509 ;

351 3532 468 3587 Οὐκ
492 3531 812 3603 αἰσχύνεσθε
840 3530 934 3584 νῦν
960 3530 1090 3601 γοῦν
1120 3533 1168 3585 εί
1195 3533 1287 3586 καὶ
1318 3531 1394 3604 μὴ
1420 3532 1680 3605 πρότερον
1703 3533 1931 3605 τοιούτῳ

351 3621 678 3693 χειραγωγῷ
703 3620 839 3693 πρὸς
862 3621 964 3693 τὴν
993 3620 1250 3691 ἀλήθειαν
1284 3619 1583 3692 χρώμενοι;
1612 3621 1686 3673 Οὐ
1718 3620 1931 3691 σημείῳ

354 3710 624 3782 χρήσεσθε
656 3708 833 3781 τούτῳ
865 3710 964 3779 τῆς
989 3711 1121 3780 περὶ
1160 3707 1269 3762 τῶν
1310 3708 1592 3778 δογμάτων
1617 3707 1782 3762 αὐτοῦ
1826 3726 1930 3779 μα-

353 3804 492 3867 νίας,
529 3802 607 3875 τῷ
634 3800 777 3855 οῦτω
801 3800 939 3874 πρὸς
962 3800 1061 3873 τὴν
1081 3798 1340 3871 ἀλήθειαν
1368 3798 1533 3853 αὐτὸν
1558 3799 1666 3854 τῶν
1689 3817 1932 3871 γεγραμ-

356 3897 535 3969 μένων
590 3893 959 3965 ἀναισχύντως
1003 3890 1524 3957 ἀντικαθίστασθαι;
1565 3890 1753 3955 Οῦτως
1795 3893 1931 3961 ἡμῖν

353 3985 451 4039 καὶ
477 3980 577 4047 τάς
602 3982 753 4047 θείας
783 3980 1074 4054 ἑρμηνεύει
1110 3981 1328 4050 φωνάς;
1367 3980 1524 4034 Οῦτω
1547 3980 1646 4051 τῆς
1676 3978 1785 4033 τῶν
1814 3979 1935 4049 δογ-

358 4076 549 4146 μάτων,
574 4073 832 4147 ἀληθείας
863 4074 1219 4145 «potata-rat;
1274 4072 1361 4136 Ὠς
1408 4071 1732 4143 ἀπελέγχειν
1767 4070 1932 4124 Βασί-

353 4168 497 4222 λειον
529 4169 594 4222 ἐκ
631 4164 727 4221 τοῦ
767 4166 941 4236 πάντη
974 4166 1049 4237 μὴ
1079 4164 1230 4226 ὄντος
1257 4164 1682 4233 γενεαλογοῦντα
1710 4163 1802 4216 τὸν
1839 4161 1934 4216 ἐπὶ

355 4262 577 4314 πάντων
611 4254 743 4312 Θεόν
766 4274 780 4289 ο
801 4256 941 4311 είπω
977 4257 1075 4327 τὴν
1109 4256 1238 4328 παρ’
1267 4255 1446 4309 αὐτῶν
1477 4255 1650 4321 ῥῆσιν,
1682 4252 1933 4324 ὲκθῶμαι

353 4351 456 4421 τῆς
482 4347 865 4419 ἀναισχυντίας
886 4348 953 4400 τὰ
977 4349 1219 4419 ῥήματα,
1244 4347 1481 4419 παρίημι
1505 4345 1601 4410 τὰς
1635 4344 1842 4416 ὓδρεις.
1871 4343 1933 4397 οῦ

2030 1880 2251 1933 carnem
2286 1878 2375 1933 Dei
2409 1888 2463 1932 et
2494 1878 2802 1935 Servatoris
2832 1883 3003 1935 nostri
3046 1879 3170 1936 Jesu
3194 1881 3398 1939 Christi
3433 1901 3601 1955 expo-

2030 1985 2188 2036 nens,
2221 1981 2275 2027 et
2310 1976 2341 2025 a
2370 1974 2662 2038 postremis
2700 1973 2767 2027 ad
2802 1973 3040 2043 primum
3070 1976 3335 2042 repedans
3364 1978 3478 2033 sive
3513 1995 3603 2033 re-

1979 2106 1991 2118 .
2031 2062 2393 2132 trogrediens,
2430 2079 2461 2118 a
2492 2060 2732 2134 Josepho
2770 2064 2991 2134 quidem
3027 2081 3188 2120 orsus
3209 2076 3331 2122 est:
3372 2086 3495 2124 cum
3519 2070 3605 2125 di-

2030 2153 2204 2209 xisset
2226 2163 2406 2210 autem
2440 2156 2591 2210 hunc
2622 2153 2738 2211 Heli
2759 2197 2774 2221 ,
2810 2165 2862 2210 et
2896 2157 3039 2212 hunc
3066 2158 3311 2227 Mattath,
3344 2173 3398 2216 et
3416 2163 3495 2218 sic
3510 2180 3606 2233 per

2030 2259 2317 2301 ascensum
2336 2245 2405 2301 ad
2420 2243 2686 2301 Adamum
2709 2250 3076 2306 narrationem
3090 2251 3392 2317 adducens,
3408 2256 3606 2313 deinde

2030 2351 2154 2391 cum
2189 2339 2427 2392 venisset
2458 2337 2523 2391 ad
2564 2353 2845 2404 summos,
2886 2348 2940 2395 et
2990 2341 3219 2399 dixisset
3267 2344 3490 2401 Setbum
3536 2364 3602 2404 ex

2029 2423 2262 2495 Adamn,
2298 2428 2474 2499 ipsum
2517 2438 2698 2497 autem
2725 2431 2992 2487 Adamum
3031 2451 3096 2490 ex
3133 2435 3263 2499 Deo,
3289 2437 3375 2492 hic
3401 2454 3600 2496 ascen-

2029 2519 2191 2574 dendi
2218 2520 2378 2575 ﬁnem
2408 2519 2554 2577 fecit.
2593 2521 3067 2588 Quemadmodum
3115 2526 3279 2598 igitur
3323 2529 3412 2585 ille
3440 2531 3601 2598 dixit,

2029 2608 2296 2666 Adamum
2325 2628 2392 2666 ex
2424 2610 2553 2677 Deo,
2591 2628 2691 2667 nos
2719 2612 2897 2684 ipsum
2948 2615 3430 2689 iuterrogabimus,
3476 2623 3600 2694 ipse

2028 2703 2158 2757 vero
2192 2700 2333 2757 Deus
2368 2717 2432 2756 ex
2461 2703 2605 2773 quo?
2633 2704 2831 2758 Annon
2880 2716 3191 2777 promptum
3218 2715 3306 2764 est
3332 2712 3603 2784 cujusque

2028 2792 2340 2863 cogitationi
2384 2792 2529 2863 quod
2584 2809 2647 2849 ex
2683 2790 2872 2849 nullo?
2905 2795 3060 2863 Quod
3104 2807 3287 2854 autem
3342 2817 3405 2857 ex
3440 2806 3594 2859 nullo

2028 2890 2131 2945 est,
2164 2881 2219 2936 id
2247 2879 2498 2936 videlicet
2531 2882 2783 2953 principii
2809 2899 3025 2954 expers.
3060 2885 3217 2952 Quod
3238 2902 3417 2945 autem
3452 2894 3605 2964 prin-

2030 2973 2155 3046 cipii
2187 2989 2404 3046 expers,
2443 2974 2740 3045 ingenitum
2766 2984 2850 3032 est
2879 2995 2892 3031 :
2927 2988 2986 3031 ut
3011 2978 3177 3050 igitur
3205 2980 3259 3035 in
3285 2981 3604 3045 hominibus

2031 3068 2270 3125 essentia
2305 3067 2450 3139 quod
2479 3076 2653 3122 estex
2685 3064 2889 3139 aliquo,
2922 3069 3003 3125 sic
3035 3085 3211 3142 neque
3252 3073 3307 3127 in
3341 3075 3447 3132 Deo
3477 3080 3604 3133 uni-

2031 3175 2316 3215 versorum
2348 3159 2644 3214 essentiam
2683 3158 2807 3214 licet
2845 3152 3053 3226 dicere,
3086 3163 3233 3233 quod
3276 3166 3603 3238 ingenitum.

2032 3249 2243 3318 Quibus
2274 3251 2453 3305 oculis
2475 3250 2654 3306 adhuc
2690 3248 2758 3307 ad
2791 3246 2985 3308 ducem
3028 3265 3268 3312 vestrum
3328 3261 3607 3332 aspicitis?

2032 3343 2101 3397 ad
2132 3357 2231 3396 vos
2263 3341 2410 3406 dico,
2435 3341 2777 3412 pereuntium
2814 3359 3057 3415 gregem.
3107 3346 3392 3412 Quomodo
3441 3366 3604 3409 aures

2033 3433 2312 3492 inclinatis
2336 3436 2385 3489 ei
2412 3436 2508 3506 qui
2552 3436 2711 3490 talem
2744 3436 3055 3491 columnam
3089 3454 3204 3495 sua:
3257 3424 3610 3514 impudentiae

2034 3542 2130 3598 per
2179 3527 2279 3583 hos
2346 3542 2632 3583 sermones
2680 3528 2910 3583 statuit?
2938 3528 3055 3584 Non
3092 3532 3254 3587 etiam
3285 3550 3383 3592 vos
3442 3538 3610 3607 pudet

2031 3634 2180 3673 nunc
2238 3634 2410 3684 sane,
2471 3620 2519 3674 si
2581 3616 2747 3674 etiam
2814 3634 2926 3674 non
2992 3621 3191 3690 prius,
3257 3626 3350 3681 tali
3410 3643 3609 3684 manu-

2031 3710 2263 3765 ductore
2316 3709 2384 3763 ad
2441 3710 2725 3764 veritatem
2783 3712 3175 3768 utentesiuon
3224 3717 3326 3772 hoc
3379 3723 3608 3778 utemini

2033 3801 2196 3872 signo
2226 3799 2457 3855 insania:
2477 3798 2544 3853 de.
2577 3799 2816 3855 decretis
2841 3800 3038 3870 ipsius,
3062 3804 3204 3872 quod
3237 3807 3317 3861 sic
3341 3808 3606 3867 adversus

2041 3893 2325 3948 veritatem
2356 3892 2688 3964 scriptorum
2721 3891 3067 3964 impudenter
3092 3910 3152 3950 se
3197 3897 3314 3968 ipse
3338 3906 3611 3972 opponat?

2034 3983 2117 4039 sic
2150 3981 2311 4036 nobis
2346 3980 2562 4038 divinas
2589 3996 2753 4037 voces
2792 3982 3219 4052 interpretatur?
3241 3987 3323 4044 sie
3357 3992 3608 4051 veritatis

2034 4077 2382 4129 decretorum
2465 4070 2723 4128 defensor
2790 4081 2847 4129 et
2906 4084 3147 4131 assertor
3216 4083 3469 4148 prostat?
3548 4093 3609 4139 ut

2035 4166 2294 4221 Basilium
2333 4163 2716 4234 reprehendat,
2746 4164 2838 4235 qui
2867 4180 2931 4219 ex
2960 4179 3027 4220 eo
3055 4168 3198 4236 quod
3230 4171 3460 4227 omnino
3497 4190 3607 4231 non

2033 4267 2116 4312 est
2139 4256 2508 4328 genealogiam
2544 4253 2656 4317 Dei,
2680 4255 2775 4326 qui
2802 4264 2887 4311 est
2920 4257 2974 4311 in
3008 4259 3283 4326 omnibus,
3309 4275 3608 4322 recenseat.

2038 4343 2277 4399 Dixerim
2313 4344 2558 4415 ipsorum
2594 4342 2911 4410 dictionem,
2945 4348 3292 4416 exposuerim
3325 4348 3612 4421 impuden-

360 4440 647 4513 μέμφομαι
678 4442 796 4502 ταῖς
825 4438 1113 4510 λοιδορίαις
1132 4455 1145 4468 ·
1166 4439 1227 4492 οὐ
1256 4437 1363 4511 γάρ
1393 4437 1655 4509 αἰτιῶμαι
1684 4437 1776 4491 τὸν
1799 4436 1930 4490 ὀδω-

2037 4438 2126 4492 ιὶω
2157 4436 2342 4501 verba,
2379 4446 2641 4506 prmtereo
2666 4438 3050 4501 contumelias,
3086 4454 3198 4494 non
3240 4456 3441 4497 accuso
3475 4459 3610 4499 con-

353 4532 483 4585 δότα
516 4530 594 4602 τῷ
628 4530 857 4601 στόματι
883 4569 901 4595 ,
929 4530 1012 4583 δτι
1052 4528 1267 4592 ὄδωδεν,
1308 4529 1429 4583 οὐδὲ
1458 4529 1548 4583 τὸν
1588 4528 1667 4600 τῷ
1716 4526 1933 4599 σώματι

356 4623 751 4695 λελωϐημένον,
775 4624 857 4676 ὅτι
884 4620 1203 4694 λελώδηται.
1231 4622 1312 4676 Τά
1340 4621 1448 4694 γάρ
1470 4621 1694 4676 τοιαῦτα
1721 4620 1935 4692 φύσεώς

358 4721 509 4772 ἐστιν
547 4714 873 4787 ἀτυχήματα
896 4754 911 4781 ,
940 4714 1036 4787 τὴν
1065 4712 1217 4786 παρά
1237 4715 1344 4771 τῶν
1368 4715 1495 4770 νοῦν
1519 4715 1749 4785 ἐχόντων
1790 4716 1932 4786 μέμ-

354 4808 450 4875 ψιν
496 4807 854 4878 ἐκφεύγοντα.
903 4804 1111 4860 Οὐκοῦν
1164 4806 1198 4877 ἡ
1250 4805 1345 4859 τοῦ
1386 4805 1628 4878 ὑϐρίζειν
1689 4806 1933 4876 σπουδὴ,

358 4898 637 4969 λογισμῶν
665 4900 811 4951 ἐστιν
838 4894 1135 4969 άρρωστία,
1164 4897 1258 4950 καὶ
1280 4895 1579 4967 δυσκληρία
1605 4897 1782 4967 ψυχῆς
1798 4936 1813 4960 ν
1844 4896 1936 4949 τὸν

359 4989 674 5056 ὑγιαίνοντα
721 4985 977 5055 λογισμὸν
1020 4983 1423 5055 λελωΰημὲνης.
1471 4986 1659 5049 Οὐδεὶς
1697 4983 1791 5039 οῦν
1843 5003 1935 5057 μοι

357 5080 514 5148 λόγος
543 5072 618 5131 ὧν
642 5076 1027 5148 λελοιδόρηται,
1060 5075 1198 5129 ἀλλά
1221 5075 1318 5147 τὴν
1345 5075 1577 5148 σφοδράν
1601 5078 1816 5147 ἐκείνην
1842 5078 1938 5131 καὶ

359 5168 569 5239 ἄμαχον
589 5166 681 5221 τοῦ
700 5164 1056 5236 συλλογισμοῦ
1078 5163 1302 5237 πλοκὴν,
1330 5165 1396 5218 δι’
1416 5161 1484 5238 ἧς
1510 5165 1607 5238 τὴν
1627 5166 1750 5221 καθ’
1777 5168 1937 5238 ἡμῶν

361 5258 697 5331 κατηγορίαν
751 5256 886 5329 πρὸς
947 5256 1039 5310 τὸν
1088 5255 1289 5311 σκοπὸν
1336 5257 1530 5311 ἑαυτοῦ
1582 5258 1935 5331 συντπέρανε,

359 5350 654 5424 διαρρήδην
691 5349 888 5421 γράψω
925 5349 1044 5402 κατ’
1081 5347 1220 5402 αὐτά
1256 5347 1326 5402 τά
1370 5351 1613 5422 ῥήματα.
1650 5349 1763 5404 ’Ὶνετ
1799 5350 1934 5423 γὰρ,

314 5488 323 5521 γ
363 5445 530 5515 φησι,
569 5442 645 5513 μὴ
670 5442 883 5514 κωλυθῇ
915 5440 1005 5495 τὸν
1038 5440 1167 5494 raw
1210 5441 1275 5494 ὲκ
1309 5439 1598 5512 μετουσίας
1633 5441 1805 5495 εἰπεῖν
1839 5441 1935 5494 τοῦ

364 5536 538 5601 ὄντος,
568 5534 789 5607 λέληθεν
819 5532 1046 5600 ἑαυτὸν,
1080 5531 1172 5587 τὸν
1201 5532 1295 5586 ἰπὶ
1331 5533 1547 5587 πάντων
1580 5534 1713 5586 θεὸν
1749 5533 1815 5586 ἐκ
1841 5531 1935 5587 τοῦ

365 5625 544 5697 πάντη
577 5626 653 5698 μὴ
683 5626 836 5690 ὄντος
882 5623 1071 5680 εἰπών.
1121 5624 1184 5677 Εἰ
1216 5623 1326 5697 γάρ
1356 5623 1416 5677 τὸ
1453 5624 1616 5695 μηδὲν
1640 5624 1718 5694 τῷ
1762 5623 1937 5695 πάντη

369 5717 447 5789 μὴ
476 5715 593 5771 δντι
612 5716 778 5771 ταύτὸ
797 5713 937 5770 κατὰ
960 5713 1057 5787 τὴν
1085 5714 1315 5783 ἔννοιαν,
1344 5715 1453 5768 τῶν
1475 5715 1531 5769 δὲ
1552 5712 1935 5785 ἰσοδυναμούν-

2034 4529 2173 4584 vieia
2203 4536 2257 4583 et
2288 4528 2520 4599 probra,
2558 4543 2667 4582 non
2697 4528 2860 4599 culpo
2888 4544 3011 4584 cum
3061 4530 3154 4606 qui
3183 4532 3291 4588 olet
3317 4548 3434 4600 ore,
3463 4535 3611 4606 quod

2034 4621 2229 4682 olcvit,
2278 4634 2457 4689 neque
2488 4633 2719 4689 corpore
2754 4620 3000 4674 vitiatum
3032 4629 3086 4675 et
3127 4623 3432 4677 mutilatmn
3464 4625 3613 4696 quod

2042 4712 2272 4766 tnutilus
2303 4719 2408 4765 est.
2439 4708 2593 4764 Talia
2640 4710 2784 4765 cnim
2838 4720 2966 4766 sunt
3022 4720 3233 4768 natura:
3287 4713 3610 4783 infortunia,
3676 4781 3693 4793 ι

2033 4820 2155 4875 qua:
2178 4803 2507 4874 vituperittm
2539 4819 2570 4857 a
2603 4803 2969 4875 prudentibus
3002 4802 3293 4874 eliugiunt.
3323 4805 3466 4877 Ergo
3485 4823 3615 4865 con-

2038 4895 2258 4950 tumelia
2292 4892 2558 4950 alliciendi
2585 4893 2827 4949 studium
2878 4895 3107 4951 rationis
3152 4906 3235 4952 est
3267 4898 3499 4962 insania,
3528 4909 3614 4954 at-

2037 5003 2145 5058 que
2170 4986 2337 5040 animi
2373 5001 2504 5041 sana
2554 4985 2766 5041 ratione
2810 4987 2984 5041 vitiati
3023 4987 3405 5046 infortunium.
3453 4989 3613 5046 Nulla

2038 5078 2205 5150 igitur
2226 5077 2455 5151 mihiisit
2476 5076 2616 5131 ratio
2640 5076 2761 5147 ejus
2784 5079 3181 5144 conviciorum,
3209 5081 3304 5136 sed
3326 5080 3613 5137 vehemen-

2037 5177 2146 5229 tem
2180 5158 2329 5223 illum
2359 5176 2411 5224 et
2430 5169 2902 5241 inexpugnabilem
2932 5170 3364 5255 ratiocinationis
3385 5188 3612 5239 nexum,

2044 5279 2139 5333 per
2175 5279 2334 5333 quem
2361 5271 2553 5318 contra
2583 5278 2683 5319 nos
2708 5262 3114 5318 accusationem
3145 5264 3213 5318 ad
3241 5280 3469 5337 scopum
3497 5282 3615 5337 per-

2040 5354 2218 5429 duxit.
2254 5354 2444 5409 iisdem
2504 5355 2686 5410 verbis
2715 5362 2902 5425 aperte
2930 5356 3186 5412 scribam.
3228 5355 3295 5413 Ut
3336 5359 3504 5423 enim,
3537 5360 3615 5416 in-

2036 5447 2176 5518 quit,
2221 5461 2329 5500 mm
2361 5446 2695 5514 prohibitum
2732 5447 2805 5500 sit
2845 5444 3043 5501 Filium
3078 5446 3264 5503 dicere
3292 5465 3355 5504 ex
3392 5452 3614 5521 partiri-

2038 5538 2258 5609 patione
2290 5535 2411 5605 ejus
2435 5535 2526 5604 qui
2556 5543 2661 5600 cst,
2695 5536 2852 5592 latuit
2880 5537 3055 5606 ipsum
3080 5538 3265 5596 dicere
3302 5539 3488 5607 Deum,
3516 5544 3612 5613 qui

2037 5636 2123 5684 est
2178 5627 2234 5683 in
2288 5626 2548 5682 omnibus
2577 5641 2644 5681 ex
2672 5640 2741 5683 eo
2787 5627 2932 5698 quod
2989 5628 3208 5698 penitus
3246 5646 3353 5686 non
3405 5639 3506 5686 est.
3550 5631 3610 5685 Si

2038 5719 2183 5775 cuitu
2210 5717 2344 5773 nihil
2376 5717 2514 5773 itletu
2550 5725 2633 5774 est
2668 5732 2790 5773 cum
2823 5735 2889 5775 eo
2906 5720 3050 5790 quod
3078 5736 3307 5791 prorsus
3339 5738 3445 5777 non
3498 5733 3603 5786 est,
